3780 6038
89 170 167 293 ¹aas
680 218 852 278 WEtleltl
872 219 1065 279 obustis&
1086 218 1197 279 sttsu
1722 231 1766 285 aaa

113 356 190 424 turn,
208 351 237 409 id
262 354 304 407 est
322 344 416 402 discito
442 344 470 399 in
493 344 567 400 bona
585 341 789 399 conversatione
811 342 956 405 bonumA
973 350 1029 413 tas,
1042 350 1133 399 utnon
1147 345 1270 403 membra
1285 364 1341 405 sue
1366 352 1455 408 earnis
1476 353 1580 410 leviora
1601 358 1694 424 portat
1714 355 1768 409 eni·

113 445 211 510 lacero,
226 455 275 512 spe
295 443 469 501 asternomm,
490 431 757 503 nontempornlium.
780 432 811 484 ln
830 427 916 484 scienss
969 432 1028 498 ma,
1040 449 1102 488 cum
1117 432 1146 489 in
1159 435 1272 492 sanitate
1291 439 1402 496 robusta
1426 451 1497 509 sunt,
1521 459 1606 514 uttam
1622 443 1652 497 in
1666 442 1770 516 languo-

113 533 250 588 tiaautonr
265 524 468 583 abstinentiam.
485 522 552 577 Cum
573 521 647 576 bona
675 520 763 575 triceno
785 517 917 577 ,didiceri-
971 538 1002 577 re
1016 538 1077 577 cum
1092 534 1262 594 rrracrasunt,
1278 534 1381 584 etcum
1403 532 1463 587 aliis
1485 531 1660 605 gestantibus
1674 548 1769 587 onero-

114 628 157 696 tis,
174 641 223 699 spe
247 624 309 681 ritae
337 628 446 677 aetcrnae
470 616 659 674 moxamalis
682 615 823 683 abstinete,
849 615 917 670 etin
970 618 1025 673 sior
1039 619 1074 673 sit
1086 636 1167 675 sanus
1181 630 1208 677 el
1229 624 1334 681 ualidus
1362 644 1443 698 quam
1473 629 1769 685 exilisctmorbidus:

113 714 280 789 cogitatione
295 718 322 768 ot
336 710 364 766 in
374 724 467 782 opere,
482 723 516 762 no
531 706 560 761 in
574 721 688 762 vacuum
716 705 917 761 scientiacoele
972 707 1030 779 ipse
1045 715 1134 765 tamen
1150 710 1183 765 ad
1198 728 1276 767 suum
1304 731 1402 786 corpus
1426 718 1591 775 movendum
1622 725 1704 789 atque
1717 735 1772 789 por-

114 805 197 862 stium
210 801 332 867 decedat,
353 798 376 854 si
396 814 425 854 se
440 797 474 852 ab
489 794 624 851 illecebris
640 793 731 849 soeculi
746 793 850 865 aliquos
865 809 919 849 non
973 797 1084 851 tandum
1112 799 1210 870 agilior
1235 810 1284 871 est,
1310 820 1371 860 cum
1386 806 1415 861 in
1428 805 1501 863 bona
1530 807 1691 864 valetudine
1719 809 1774 878 plus

114 907 245 961 coerceat.
275 894 480 953 lnabstinentia
507 902 596 949 autem
629 891 797 965 patientiam,
821 897 850 945 ut
874 890 919 961 qui
973 893 1243 967 babetmolisquom
1258 916 1319 956 cum
1346 902 1375 956 in
1399 913 1473 976 peste
1499 904 1544 961 vel
1559 906 1587 961 in
1604 904 1679 961 ianm
1704 906 1774 961 mini·

119 1007 136 1048 a
162 987 344 1061 uoluptatibus
377 982 472 1040 mnndi
499 998 528 1038 se
557 980 685 1048 continet,
723 980 835 1035 adversa
862 979 921 1048 ejus
974 999 1048 1037 mum
1064 983 1181 1040 roboris.
1200 988 1314 1044 Tantum
1334 992 1406 1046 rotet
1433 994 1513 1048 etiam
1530 994 1557 1049 in
1573 994 1712 1049 habendis
1723 1004 1774 1050 tar·

118 1079 256 1135 sustineat.
271 1072 445 1147 inpatientia
472 1078 562 1126 autern
591 1069 729 1141 pietatem,
745 1076 774 1124 ut
788 1084 855 1139 erga
875 1084 922 1123 eos
974 1071 1047 1126 renis
1074 1075 1239 1145 corporibus
1280 1080 1403 1149 quamtis
1434 1081 1523 1137 adhuc
1557 1084 1777 1154 corruptibilibus

116 1190 185 1248 quos
212 1171 340 1241 toleratis,
366 1170 411 1243 pie
434 1168 541 1225 solliciti
563 1167 639 1235 sitis;
664 1167 693 1221 in
707 1166 806 1235 pietate
820 1171 920 1220 autema
976 1177 1055 1240 atque
1070 1172 1237 1238 mortalibus,
1265 1192 1320 1231 non
1346 1180 1499 1249 quantitatis
1519 1181 1641 1250 pondus,
1657 1182 1705 1235 sed
1721 1191 1776 1237 tan·

118 1262 293 1320 fraternitatis
321 1275 452 1326 amorem,
481 1264 511 1311 ut
538 1271 593 1311 non
629 1254 738 1310 alterius
760 1255 799 1311 rei
827 1252 924 1307 intuitu
977 1259 1085 1313 tationis
1100 1261 1206 1315 modus.
1236 1264 1270 1318 Et
1290 1257 1350 1335 quis
1374 1268 1464 1323 verbis
1491 1270 1615 1341 explieat
1652 1279 1778 1340 otrentum

117 1349 324 1422 operepietatis
346 1345 507 1403 adversariis
531 1343 704 1415 impendatis,
720 1343 771 1397 nisi
799 1343 925 1398 traernae
978 1346 1059 1402 distat
1074 1348 1325 1424 interpraesentem,
1342 1373 1422 1425 quam
1449 1357 1566 1413 dicimus
1598 1360 1780 1416 sanilatcmet

118 1439 280 1505 dilectionis,
292 1444 321 1492 nt
337 1452 386 1506 pro
405 1435 444 1490 eis
467 1433 558 1501 oretis,
571 1439 798 1488 utconvortontur
812 1432 856 1501 qtri
872 1431 924 1487 do·
978 1434 1207 1495 immortalitatem
1234 1441 1380 1498 futuram?
1408 1446 1470 1502 Non
1494 1448 1532 1502 ita
1552 1448 1724 1521 redarguant
1737 1466 1781 1505 no-

119 1538 205 1596 ctrina
232 1543 321 1593 uestra
349 1534 393 1590 rel
420 1531 652 1602 increpationibus
687 1529 830 1585 noluerunt
857 1544 926 1585 con·
978 1541 1060 1589 stram
1076 1535 1185 1606 quidem
1201 1539 1353 1612 philosophi
1378 1542 1410 1598 de
1438 1560 1587 1616 corporum
1603 1546 1780 1617 ponderibus.

119 1627 198 1683 verti.
209 1628 240 1680 ln
253 1623 429 1681 fraternitatis
459 1629 549 1678 autem
575 1635 668 1676 amore
695 1619 863 1685 charitatem,
878 1619 928 1675 sci·
982 1623 1029 1678 Est
1042 1625 1114 1679 enim
1129 1626 1168 1680 sic
1181 1626 1244 1683 binc-
1258 1646 1362 1685 sursum
1377 1649 1487 1688 versus:
1514 1640 1585 1688 terra
1602 1636 1704 1706 prima,
1719 1652 1783 1706 aqua

120 1700 184 1772 lieet
196 1714 257 1783 Dei,
273 1728 333 1785 (111ae
358 1712 455 1767 ῐῦῦῑῑῑθ
480 1709 567 1765 ³m⁰ri
597 1708 772 1765 sftlemstfllis
792 1706 926 1781 adiungi·
942 1699 1109 1790 Bsecunda,
1125 1737 1173 1777 aer
1187 1725 1287 1794 lortius,
1303 1727 1400 1782 ctulmn
1424 1738 1558 1803 quartum,
1580 1738 1613 1787 ut
1626 1748 1712 1804 super
1723 1749 1782 1789 otn-

120 1823 172 1882 tar,
207 1814 270 1885 quia
293 1826 342 1868 nec
360 1812 433 1867 Dens
458 1810 517 1865 sino
544 1808 679 1879 proximo,
709 1822 759 1863 nec
787 1808 926 1878 proximus
979 1818 1137 1873 ntaanjmae
1155 1820 1189 1874 31,
1211 1829 1315 1879 natum·
1332 1825 1402 1879 Nam
1421 1833 1448 1883 ω
1470 1829 1632 1885 Arsswoelae
1660 1838 1781 1899 quanm

120 1912 179 1968 sine
195 1912 253 1967 Deo
268 1908 407 1982 diligitnr3
422 1907 467 1979 qui
482 1906 555 1962 enim
570 1907 658 1962 Deum
674 1920 730 1960 non
744 1904 841 1976 diligit,
858 1920 924 1976 pro·
979 1920 1076 1977 corpus
1091 1922 1151 1962 curri
1167 1909 1233 1965 dixit
1248 1927 1316 1979 esse,
1336 1921 1363 1968 et
1377 1915 1451 1970 Plato
1473 1916 1592 1971 nullum.
1613 1917 1644 1974 Si
1660 1928 1780 1989 quarum

120 2001 225 2058 fimum
240 2006 367 2069 ml(1¹1⁸m
382 1996 502 2068 teil)lum
529 2010 584 2049 ¹¹⁰⁰
611 1993 710 2065 diligit,
737 1993 801 2063 (luia
813 2008 864 2049 ¹¹⁰⁰
877 2010 923 2048 ⁸0·
978 2010 1057 2072 esset,
1075 2012 1145 2060 certo
1161 2008 1282 2076 superius
1301 2018 1370 2066 essct
1384 2014 1498 2068 ceteris.
1515 2014 1586 2069 Cum
1602 2032 1672 2072 vero
1682 2017 1779 2071 nullum

120 2089 210 2163 ipsum
236 2086 338 2160 difidit·
374 2086 422 2142 ¹3⁵²
446 2084 547 2155 qnippe
575 2083 675 2153 impilm
689 2089 717 2137 ⁰⁸
728 2081 846 2152 iniquus.
871 2080 924 2150 Qui
978 2096 1026 2153 0⁵1.
1039 2087 1221 2163 multomagis
1235 2103 1342 2164 superat
1357 2096 1457 2151 omnia.
1470 2099 1499 2152 lu
1517 2106 1627 2155 terreno
1641 2117 1711 2174 ergo
1721 2102 1780 2173 quid

123 2186 213 2235 antem
237 2175 328 2247 attigit
350 2173 530 2243 iniquitatem,
557 2171 639 2242 plane
666 2186 721 2226 non
749 2169 846 2242 diligit,
876 2170 924 2227 sed
977 2174 1042 2230 lacit
1055 2192 1167 2248 corpore
1181 2181 1195 2232 t
1210 2181 1240 2234 ln
1254 2182 1305 2237 hac
1319 2184 1390 2239 mola
1405 2185 1469 2255 quid
1497 2188 1556 2259 ogit
1580 2188 1711 2245 subtilior
1728 2208 1781 2246 ona

122 2264 309 2323 oditsnimam
324 2277 414 2317 suam.
433 2260 584 2331 Diligamus
612 2274 662 2314 nos
689 2259 780 2328 itaque
794 2259 922 2327 invicem,
978 2264 1081 2319 nibus‘?
1096 2267 1126 2319 ln
1141 2268 1192 2323 hoc
1207 2270 1328 2338 pondere
1351 2272 1414 2342 qnid
1433 2274 1490 2346 agit
1514 2275 1605 2331 let-ior
1629 2279 1780 2335 omnibus?

121 2354 255 2411 &⁰⁰²⁰OE
268 2351 397 2407 Christus·
427 2348 491 2404 ldffl
516 2354 627 2418 imples
649 2348 735 2403 Deum
756 2347 921 2416 habendum,
978 2362 1006 2416 lu
1036 2364 1086 2418 hac
1114 2365 1235 2421 tarditate
1250 2367 1314 2437 quid
1331 2371 1387 2442 agit
1398 2340 1510 2428 celerior
1524 2375 1688 2431 omnibus?
1715 2378 1782 2434 itanc

123 2447 293 2520 otqttidquid
324 2444 398 2501 flissd
424 2444 548 2516 Pfaelipst
574 2443 854 2515 s³0i⁰m¹1⁸illlillsi¹¹³
872 2445 923 2499 ad-
976 2467 1025 2523 per
1049 2451 1129 2521 hujus
1158 2460 1210 2509 tam
1248 2457 1405 2513 excellentis
1441 2468 1545 2519 naturoe
1571 2465 1705 2520 meritum
1733 2483 1783 2522 non

120 2538 223 2609 jutorio
238 2537 349 2609 perbss
362 2541 422 2590 octo
449 2534 620 2589 ascensiones
647 2533 682 2588 ad
710 2548 771 2587 eum
791 2533 923 2589 ascenda-
976 2539 1161 2611 poteriteffici,
1183 2547 1783 2622 utcorpusejusleretnrincoelumtsstoun-

122 2642 193 2683 Μ·
222 2627 296 2682 Ῑῦῑθῑ·
321 2624 380 2681 ¹22⁰
407 2621 553 2678 Videndum
586 2627 626 2677 0⁸²
655 2621 791 2691 ¹1⁰0m⁰d⁰
820 2629 924 2678 ‘erlem
976 2636 1065 2692 valeat
1080 2654 1151 2693 nunc
1164 2647 1259 2696 natura
1274 2658 1419 2714 corporum
1436 2654 1607 2705 mmcnornm
1623 2649 1781 2722 depromere

123 2722 280 2796 Wlfflin
294 2722 363 2779 “¹³¹⁰
376 2728 514 2777 mlfletfll·
978 2725 1034 2779 alas
1048 2724 1183 2797 deorsum,
1209 2729 1353 2799 aliquando
1381 2741 1407 2788 et
1434 2734 1534 2791 animm
1557 2737 1656 2795 levore
1681 2757 1782 2797 sursunt

159 2828 625 2901 ttemoaomototerrmooorpora
635 2827 666 2882 la
677 2827 745 2883 celo
756 2830 906 2883 moneant.
979 2821 1084 2891 terrena
1097 2831 1211 2889 corpora
1240 2835 1293 2875 non
1322 2821 1478 2879 valebunt?
1495 2826 1638 2885 Postremo
1654 2829 1677 2885 si
1693 2830 1732 2887 ita
1748 2838 1784 2888 ast

158 2926 275 2983 Necesse
302 2933 351 2993 εει,
380 2923 455 2980 ajunt
482 2922 602 2995 quidam,
631 2930 660 2978 ug
689 2930 794 2980 perrona
812 2939 926 2995 corpor„
979 2903 1172 2960 elementorum
1198 2907 1264 2962 ordo
1284 2908 1428 2979 dispositus
1439 2921 1467 2968 ut
1480 2916 1632 2973 secundum
1644 2919 1782 2975 Platonem

124 3016 247 3073 naturale
274 3013 380 3087 pondus
406 3012 450 3069 vel
477 3012 506 3067 in
533 3018 604 3068 terra
626 3018 715 3067 lenem
736 3012 780 3069 vel
794 3020 874 3084 cogat
891 3011 927 3068 ad
940 3054 966 3121 G
979 3000 1084 3057 duobus
1098 3002 1203 3071 mediis,
1232 3005 1260 3059 id
1284 3016 1323 3062 est
1347 3024 1409 3065 aere
1435 3018 1462 3066 et
1489 3029 1573 3085 aqua,
1589 3015 1646 3073 duo
1665 3026 1783 3075 extrema

126 3112 237 3162 terram.
257 3103 294 3159 Et
308 3102 369 3158 ideo
397 3102 424 3157 in
449 3101 517 3158 rmlo
544 3116 604 3157 esse
631 3116 685 3156 non
700 3109 823 3172 possunt.
844 3101 926 3156 l‘rimi
981 3090 1053 3163 iguis
1066 3099 1092 3146 et
1110 3100 1179 3148 torro
1191 3093 1352 3167 jungantur,
1370 3099 1430 3154 eoeli
1450 3117 1559 3172 quoque
1572 3104 1720 3163 obtineant
1742 3109 1782 3163 illa

126 3191 280 3265 quippoitti
294 3191 418 3246 hominos
442 3189 470 3245 in
498 3198 567 3245 tem
586 3194 661 3245 orant
689 3203 832 3244 nemorosa
846 3197 927 3259 atquo
980 3180 1078 3234 summi
1093 3179 1192 3236 locum.
1207 3182 1272 3240 Haec
1286 3194 1374 3241 autem
1398 3190 1547 3247 suntrelut
1576 3193 1783 3253 suntlamentum

127 3281 275 3347 smmum,
306 3295 366 3350 qum
391 3278 508 3350 paradisi
545 3293 646 3333 nomen
679 3277 804 3332 obtinuit.
834 3278 868 3332 Et
892 3279 928 3335 de
982 3267 1028 3322 imi
1044 3268 1147 3338 mundi,
1163 3270 1455 3332 etideoincorlonon
1471 3287 1633 3350 potestesse
1646 3286 1785 3341 terradur

127 3367 292 3442 ponderibus
305 3367 499 3425 elementorum
512 3366 552 3422 sic
565 3372 776 3439 argumentatur.
788 3367 926 3439 (Augtrst.)
983 3364 1021 3411 est
1036 3356 1107 3429 ignis
1122 3358 1148 3412 in
1164 3361 1257 3414 terra‘?
1273 3361 1425 3420 Secundum
1441 3368 1511 3423 banc
1526 3369 1633 3443 quippe
1644 3373 1781 3441 rationem,

128 3463 272 3535 Quomodo
285 3463 387 3519 scilicet
401 3464 531 3536 magistro
554 3464 664 3519 Platona
687 3462 837 3518 didicerunt
851 3480 929 3518 mun.
984 3454 1020 3508 ito
1032 3454 1081 3509 istit
1095 3453 1148 3510 duo
1171 3456 1304 3513 elementa
1316 3460 1343 3513 iu
1358 3461 1423 3516 locis
1443 3465 1572 3537 propriis,
1594 3466 1653 3524 ima
1667 3485 1700 3525 ac
1713 3487 1784 3525 surn-

128 3554 157 3608 (ᾗ
183 3553 237 3608 duo
264 3566 378 3624 „orpora
404 3552 525 3607 maxima
552 3558 632 3622 atque
658 3559 795 3622 postrema
822 3552 930 3609 duobug
983 3550 1122 3610 mo,‘terra
1136 3552 1163 3600 et
1175 3545 1246 3617 ignis
1261 3563 1318 3602 esse
1331 3549 1489 3619 debuerunt,
1511 3561 1540 3608 ut
1554 3559 1784 3625 quemadmodum

128 3640 235 3710 modiis,
266 3654 329 3696 acts
355 3639 589 3711 scilicatetsqua‚
618 3655 676 3695 osso
704 3641 929 3711 copulatamque
985 3638 1079 3695 nolunt
1102 3640 1128 3696 in
1151 3658 1258 3701 summo
1284 3663 1341 3701 asso
1365 3662 1443 3715 posse
1466 3648 1539 3718 quod
1556 3650 1604 3705 imi
1621 3660 1675 3721 est,
1691 3654 1784 3710 tranet

131 3738 446 3809 conjunots,scperhoc
471 3736 593 3808 inquiunt
604 3738 731 3808 quoniam
746 3745 817 3793 torro
831 3738 930 3795 abhinc
984 3727 1011 3783 in
1026 3728 1081 3784 imo
1101 3746 1157 3786 esse
1170 3749 1248 3805 posse
1262 3735 1334 3805 quod
1361 3737 1459 3791 summi
1483 3745 1531 3793 est.
1551 3738 1629 3796 Sicut
1651 3759 1720 3817 ergo
1733 3744 1785 3799 nul·

131 3840 236 3883 cursura
251 3842 343 3883 versus
363 3833 404 3882 est
426 3826 532 3898 prima;
560 3826 677 3882 secunda
697 3842 766 3896 aqtta
779 3842 861 3897 super
874 3834 930 3882 ter-
984 3816 1038 3871 lum
1067 3826 1160 3889 putant
1187 3823 1230 3877 tel
1258 3838 1315 3878 esse
1339 3824 1382 3879 rol
1410 3823 1526 3880 suturam
1545 3842 1607 3885 ease
1629 3832 1783 3903 pafficutam

131 3930 208 3986 ram3
226 3916 377 3972 tertiusaor
390 3931 470 3987 super
493 3930 611 3986 aqnam;
641 3924 764 3985 quartum
786 3932 867 3987 super
881 3932 930 3972 ne·
986 3922 1062 3971 tetrae
1077 3916 1103 3970 in
1118 3918 1197 3986 coelo,
1223 3918 1258 3975 ita
1272 3921 1373 3976 nullam
1389 3922 1546 3993 particulam
1576 3926 1675 3984 ridere
1697 3930 1784 3985 debui·

132 4032 202 4073 rem·
219 4013 327 4071 coelum.
357 4012 419 4068 Non
442 4020 529 4084 potest
556 4028 614 4067 esse
643 4014 932 4087 terrenumcorpusin
985 4022 1044 4059 mus
1059 4005 1168 4078 ignisin
1184 4015 1265 4064 terra.
1284 4010 1442 4067 Nuucrero
1461 4028 1516 4068 non
1538 4015 1633 4072 solum
1650 4019 1679 4073 in
1704 4020 1783 4086 tem's,

132 4105 212 4161 coelo.
239 4101 383 4159 blomentis
410 4102 483 4158 enim
511 4100 627 4172 propriis
654 4108 683 4156 ut
710 4102 832 4159 ordinem
853 4118 931 4159 suum
985 4110 1078 4149 nortun
1107 4096 1186 4149 etiam
1215 4096 1264 4151 snb
1293 4099 1369 4154 terris
1394 4100 1430 4155 ita
1444 4108 1493 4155 est.
1519 4102 1556 4158 Ut
1571 4104 1650 4161 enirn
1674 4113 1785 4163 amicant

133 4199 242 4251 teneant
255 4191 389 4248 elementa
402 4189 542 4246 librantur.
562 4190 632 4246 Ecce
646 4190 770 4260 qualibus
783 4208 932 4263 argrtmeu-
985 4184 1099 4239 vertices
1112 4184 1243 4239 montium
1273 4188 1467 4258 propterquod
1486 4190 1513 4244 in
1528 4192 1627 4248 usibus
1651 4197 1785 4252 hominum

134 4279 384 4352 tisomnipotentiae
398 4279 447 4334 Dei
472 4280 589 4334 humana
603 4279 762 4334 contradicit
781 4279 931 4347 infirmitas,
986 4287 1012 4334 et
1027 4280 1189 4353 esseignem
1204 4282 1231 4336 in
1247 4291 1325 4352 term,
1356 4293 1382 4339 et
1409 4286 1481 4341 nasci
1506 4287 1636 4346 ridemus
1661 4302 1784 4355 exterra.

135 4385 217 4440 quant
244 4365 363 4441 possidet
386 4368 500 4426 vanius.
530 4365 601 4435 Quid
628 4383 693 4440 ergo
708 4367 810 4424 iaciunt
828 4370 854 4423 in
870 4385 933 4426 aera
946 4412 973 4473 D
988 4370 1147 4440 quandoque
1163 4379 1190 4425 et
1203 4371 1237 4427 da
1252 4372 1332 4445 lignis
1346 4380 1371 4428 et
1392 4374 1426 4430 tle
1450 4375 1588 4445 lapidibus
1602 4382 1733 4452 nascitur,
1747 4380 1786 4453 qni

135 4470 241 4518 marene
257 4467 294 4517 tot
314 4475 436 4534 corpora,
459 4468 634 4517 camaleria
657 4461 692 4516 sit
704 4478 751 4516 aer
765 4462 865 4531 tertius,
882 4463 932 4518 nisi
987 4465 1047 4513 sunt
1061 4474 1175 4529 corpora
1188 4460 1244 4515 sine
1260 4461 1425 4518 dubitatione
1449 4471 1568 4520 terrena.
1594 4468 1657 4525 Cur
1671 4488 1736 4544 ergo
1748 4488 1787 4525 ro

136 4561 207 4618 forte
220 4559 266 4633 qui
291 4577 340 4633 per
366 4560 518 4633 plumarum
534 4568 561 4615 et
574 4575 715 4630 poeuamm
730 4561 866 4618 levitatem
876 4562 933 4618 ¹(10.
986 4554 1044 4610 lunt
1071 4563 1099 4611 ut
1127 4556 1267 4612 credamus
1295 4566 1417 4615 naturam
1446 4577 1593 4634 corporum
1626 4574 1787 4626 terrenorum

135 4650 212 4711 navit
233 4649 325 4708 avium
350 4649 461 4705 terrenis
487 4649 655 4721 corporibus,
685 4659 714 4705 ut
742 4659 879 4722 portentur
905 4652 934 4707 in
988 4652 1131 4723 aliquando
1142 4654 1489 4725 incorruptibilemlactam
1499 4661 1571 4719 curlo
1582 4667 1787 4723 convenientem

135 4765 217 4816 am·
244 4746 442 4804 immortalibus
475 4747 553 4803 sactis
588 4747 746 4817 corporibus
772 4750 932 4817 hominum,
988 4742 1114 4813 futuram,
1142 4743 1210 4798 sicut
1237 4762 1307 4801 nunc
1334 4745 1405 4819 ignis
1429 4748 1615 4818 corruptibilis
1635 4754 1681 4810 liis
1697 4771 1788 4811 conso

136 4848 191 4891 non
213 4832 312 4905 poterit
337 4830 402 4886 dare
427 4829 553 4888 virutem
582 4846 635 4901 qua
654 4831 681 4886 in
703 4832 771 4887 ctulo
793 4832 873 4887 etiam
889 4850 936 4888 va·
988 4839 1026 4894 nit
1042 4840 1118 4894 terris
1132 4841 1233 4895 ‘l‘Nilril
1252 4851 1374 4898 asserunt
1387 4836 1604 4916 ex'ponderibtts
1627 4859 1711 4923 atque
1724 4852 1788 4909 oali·

133 4922 210 4977 leant
232 4920 378 4977 babitaret
405 4919 477 4975 Nem
504 4935 567 4975 cum
589 4927 755 4975 terrenorum
779 4936 935 4993 corporum,
988 4944 1021 4982 no
1037 4929 1239 4999 elementorum,
1268 4931 1339 4986 unde
1374 4934 1554 5004 omnipotenti
1592 4936 1675 5009 Deo,
1691 4939 1788 5013 quomi-

136 5021 205 5076 sicut
239 5034 323 5075 onem
349 5017 481 5091 mundo
508 5018 607 5076 sentire
632 5019 831 5090 consuevimus,
871 5021 935 5091 quia
990 5042 1038 5079 nus
1067 5026 1147 5081 faciat
1176 5043 1288 5099 corpora
1310 5036 1400 5085 nostra
1428 5029 1500 5098 talia,
1517 5040 1548 5088 ut
1562 5034 1650 5109 etiarn
1680 5036 1708 5094 tn
1727 5038 1787 5095 coelo

137 5114 238 5179 <punto
251 5106 340 5178 major
353 5115 395 5165 est
408 5107 551 5179 quantitas,
564 5115 637 5164 tanto
652 5105 686 5164 tlt
705 5108 793 5178 major
805 5117 833 5164 et
845 5110 936 5182 gravi·
988 5114 1090 5186 possint
1104 5114 1234 5184 habitare,
1250 5115 1432 5188 proscribant.

413 5358 482 5449 m
533 5359 643 5447 nin
696 5357 956 5453 sonoro
1008 5316 1498 5462 nnurneosrss

766 5500 962 5570 Secundum
983 5504 1164 5571 loannem.

161 5625 224 5686 «st
235 5623 469 5704 quisdiligr'tmo,
485 5642 642 5686 sermonem
657 5644 753 5687 mount
767 5629 897 5701 servabit,
910 5637 939 5687 et
986 5634 1154 5689 mansionem
1182 5636 1255 5705 apud
1282 5652 1344 5691 aum
1374 5635 1519 5695 faciemus.
1553 5640 1609 5713 Qut
1635 5658 1695 5703 m
1708 5643 1790 5717 purga

97 5720 193 5780 Pater
203 5733 288 5776 meus
302 5718 402 5796 diligat
428 5738 505 5791 eum,
537 5729 565 5780 et
588 5720 630 5785 ad
646 5737 713 5779 outa
741 5721 899 5791 ueniamus,
922 5730 951 5779 et
997 5737 1057 5791 itte,
1067 5736 1209 5776 sermones
1222 5738 1370 5776 meosnon
1378 5728 1785 5797 sumt-mmmm&
