<?xml version="1.0" encoding="UTF-8"?>
<!DOCTYPE html PUBLIC "-//W3C//DTD XHTML 1.0 Transitional//EN"
    "http://www.w3.org/TR/xhtml1/DTD/xhtml1-transitional.dtd">
<html xmlns="http://www.w3.org/1999/xhtml" xml:lang="en" lang="en">
 <head>
  <title>
</title>
<meta http-equiv="Content-Type" content="text/html;charset=utf-8" />
  <meta name='ocr-system' content='tesseract 3.04.00' />
  <meta name='ocr-capabilities' content='ocr_page ocr_carea ocr_par ocr_line ocrx_word'/>
</head>
<body>
  <div class='ocr_page' id='page_1' title='image "./patrologiaecurs60unkngoog_0631.png"; bbox 0 0 3780 6038; ppageno 0'>
   <div class='ocr_carea' id='block_1_1' title="bbox 63 216 131 275">
    <p class='ocr_par' dir='ltr' id='par_1_1' title="bbox 63 216 131 275">
     <span class='ocr_line' id='line_1_1' title="bbox 63 216 131 275; baseline -0.015 -2"><span class='ocrx_word' id='word_1_1' title='bbox 63 216 131 275; x_wconf 75' lang='lat' dir='ltr'>test</span> 
     </span>
    </p>
   </div>
   <div class='ocr_carea' id='block_1_2' title="bbox 629 210 1721 288">
    <p class='ocr_par' dir='ltr' id='par_1_2' title="bbox 629 210 1721 288">
     <span class='ocr_line' id='line_1_2' title="bbox 629 210 1721 288; baseline 0.019 -21"><span class='ocrx_word' id='word_1_2' title='bbox 629 210 800 270; x_wconf 83' lang='lat' dir='ltr'>WERNERI</span> <span class='ocrx_word' id='word_1_3' title='bbox 813 213 958 272; x_wconf 74' lang='lat' dir='ltr'>aestus</span> <span class='ocrx_word' id='word_1_4' title='bbox 977 214 1005 272; x_wconf 89' lang='lat' dir='ltr'>S.</span> <span class='ocrx_word' id='word_1_5' title='bbox 1026 217 1138 276; x_wconf 70' lang='lat' dir='ltr'>sensit</span> <span class='ocrx_word' id='word_1_6' title='bbox 1669 233 1721 288; x_wconf 74' lang='lat' dir='ltr'>iii!</span> 
     </span>
    </p>
   </div>
   <div class='ocr_carea' id='block_1_3' title="bbox 64 338 1723 417">
    <p class='ocr_par' dir='ltr' id='par_1_3' title="bbox 64 338 1723 417">
     <span class='ocr_line' id='line_1_3' title="bbox 64 338 1723 417; baseline 0.01 -18"><span class='ocrx_word' id='word_1_7' title='bbox 64 346 154 412; x_wconf 85' lang='lat' dir='ltr'>dibus,</span> <span class='ocrx_word' id='word_1_8' title='bbox 170 345 214 417; x_wconf 85' lang='lat' dir='ltr'>qui</span> <span class='ocrx_word' id='word_1_9' title='bbox 230 351 312 400; x_wconf 85' lang='lat' dir='ltr'>terrae</span> <span class='ocrx_word' id='word_1_10' title='bbox 319 344 461 414; x_wconf 88' lang='lat' dir='ltr'>jacebant,</span> <span class='ocrx_word' id='word_1_11' title='bbox 486 349 513 397; x_wconf 91' lang='lat' dir='ltr'>et</span> <span class='ocrx_word' id='word_1_12' title='bbox 536 338 680 410; x_wconf 81' lang='lat' dir='ltr'><strong>supposuit</strong></span> <span class='ocrx_word' id='word_1_13' title='bbox 701 338 783 409; x_wconf 87' lang='lat' dir='ltr'>capiti</span> <span class='ocrx_word' id='word_1_14' title='bbox 798 355 856 404; x_wconf 90' lang='lat' dir='ltr'>suo,</span> <span class='ocrx_word' id='word_1_15' title='bbox 872 343 901 405; x_wconf 82' lang='grc' dir='ltr'><strong>Α</strong></span> <span class='ocrx_word' id='word_1_16' title='bbox 915 340 1075 398; x_wconf 87' lang='lat' dir='ltr'>diviserunt.</span> <span class='ocrx_word' id='word_1_17' title='bbox 1092 344 1135 398; x_wconf 81' lang='lat' dir='ltr'>Ab</span> <span class='ocrx_word' id='word_1_18' title='bbox 1151 347 1289 405; x_wconf 88' lang='lat' dir='ltr'>hocmuro</span> <span class='ocrx_word' id='word_1_19' title='bbox 1301 350 1393 409; x_wconf 84' lang='lat' dir='ltr'>tudaei</span> <span class='ocrx_word' id='word_1_20' title='bbox 1405 352 1723 417; x_wconf 80' lang='lat' dir='ltr'>oedibeautescbristun</span> 
     </span>
    </p>
   </div>
   <div class='ocr_carea' id='block_1_4' title="bbox 61 428 859 593">
    <p class='ocr_par' dir='ltr' id='par_1_4' title="bbox 61 428 859 593">
     <span class='ocr_line' id='line_1_4' title="bbox 63 428 859 503; baseline -0.008 -15"><span class='ocrx_word' id='word_1_21' title='bbox 63 434 243 503; x_wconf 76' lang='lat' dir='ltr'>dormivitque</span> <span class='ocrx_word' id='word_1_22' title='bbox 257 434 283 487; x_wconf 94' lang='lat' dir='ltr'>in</span> <span class='ocrx_word' id='word_1_23' title='bbox 299 435 394 490; x_wconf 92' lang='lat' dir='ltr'>eodem</span> <span class='ocrx_word' id='word_1_24' title='bbox 410 433 480 500; x_wconf 88' lang='lat' dir='ltr'>loco,</span> <span class='ocrx_word' id='word_1_25' title='bbox 492 437 519 486; x_wconf 92' lang='lat' dir='ltr'>et</span> <span class='ocrx_word' id='word_1_26' title='bbox 532 428 633 482; x_wconf 85' lang='lat' dir='ltr'>viditin</span> <span class='ocrx_word' id='word_1_27' title='bbox 644 428 747 483; x_wconf 88' lang='lat' dir='ltr'>somnis</span> <span class='ocrx_word' id='word_1_28' title='bbox 757 428 859 483; x_wconf 89' lang='lat' dir='ltr'>scalam</span> 
     </span>
     <span class='ocr_line' id='line_1_5' title="bbox 61 517 859 593; baseline -0.008 -17"><span class='ocrx_word' id='word_1_29' title='bbox 61 523 192 593; x_wconf 84' lang='lat' dir='ltr'>usquead</span> <span class='ocrx_word' id='word_1_30' title='bbox 208 523 305 587; x_wconf 73' lang='lat' dir='ltr'>eunium</span> <span class='ocrx_word' id='word_1_31' title='bbox 321 531 451 584; x_wconf 88' lang='lat' dir='ltr'>erectam,</span> <span class='ocrx_word' id='word_1_32' title='bbox 467 528 493 574; x_wconf 90' lang='lat' dir='ltr'>et</span> <span class='ocrx_word' id='word_1_33' title='bbox 508 517 623 589; x_wconf 88' lang='lat' dir='ltr'>angelos</span> <span class='ocrx_word' id='word_1_34' title='bbox 637 517 817 572; x_wconf 77' lang='lat' dir='ltr'>ascendentes</span> <span class='ocrx_word' id='word_1_35' title='bbox 833 524 859 572; x_wconf 90' lang='lat' dir='ltr'>et</span> 
     </span>
    </p>
   </div>
   <div class='ocr_carea' id='block_1_5' title="bbox 60 613 859 851">
    <p class='ocr_par' dir='ltr' id='par_1_5' title="bbox 60 613 859 851">
     <span class='ocr_line' id='line_1_6' title="bbox 61 613 859 691; baseline -0.008 -18"><span class='ocrx_word' id='word_1_36' title='bbox 61 619 273 675; x_wconf 76' lang='lat' dir='ltr'>descendentes.</span> <span class='ocrx_word' id='word_1_37' title='bbox 293 620 472 691; x_wconf 73' lang='lat' dir='ltr'>surgensque</span> <span class='ocrx_word' id='word_1_38' title='bbox 486 616 548 670; x_wconf 87' lang='lat' dir='ltr'>tulit</span> <span class='ocrx_word' id='word_1_39' title='bbox 563 614 681 685; x_wconf 77' lang='lat' dir='ltr'>lapidem</span> <span class='ocrx_word' id='word_1_40' title='bbox 697 620 724 668; x_wconf 88' lang='lat' dir='ltr'>et</span> <span class='ocrx_word' id='word_1_41' title='bbox 738 613 859 669; x_wconf 87' lang='lat' dir='ltr'>erexitiu</span> 
     </span>
     <span class='ocr_line' id='line_1_7' title="bbox 60 701 858 774; baseline -0.005 -14"><span class='ocrx_word' id='word_1_42' title='bbox 60 708 181 770; x_wconf 87' lang='lat' dir='ltr'>titulum,</span> <span class='ocrx_word' id='word_1_43' title='bbox 207 706 324 763; x_wconf 87' lang='lat' dir='ltr'>lundens</span> <span class='ocrx_word' id='word_1_44' title='bbox 351 707 441 761; x_wconf 90' lang='lat' dir='ltr'>oleum</span> <span class='ocrx_word' id='word_1_45' title='bbox 470 707 613 774; x_wconf 90' lang='lat' dir='ltr'>desuper:</span> <span class='ocrx_word' id='word_1_46' title='bbox 642 701 858 773; x_wconf 83' lang='lat' dir='ltr'>ieciiqnealtars</span> 
     </span>
     <span class='ocr_line' id='line_1_8' title="bbox 60 788 857 851; baseline -0.006 -2"><span class='ocrx_word' id='word_1_47' title='bbox 60 795 176 851; x_wconf 87' lang='lat' dir='ltr'>liomino</span> <span class='ocrx_word' id='word_1_48' title='bbox 187 796 281 850; x_wconf 88' lang='lat' dir='ltr'>dicens</span> <span class='ocrx_word' id='word_1_49' title='bbox 298 814 305 850; x_wconf 93' lang='lat'>:</span> <span class='ocrx_word' id='word_1_50' title='bbox 325 818 336 843; x_wconf 82' lang='grc' dir='ltr'>ι</span> <span class='ocrx_word' id='word_1_51' title='bbox 353 796 414 850; x_wconf 85' lang='lat' dir='ltr'>b&#39;on</span> <span class='ocrx_word' id='word_1_52' title='bbox 429 801 471 849; x_wconf 84' lang='lat' dir='ltr'>est</span> <span class='ocrx_word' id='word_1_53' title='bbox 485 793 529 850; x_wconf 91' lang='lat' dir='ltr'>hio</span> <span class='ocrx_word' id='word_1_54' title='bbox 541 791 616 847; x_wconf 92' lang='lat' dir='ltr'>aliud</span> <span class='ocrx_word' id='word_1_55' title='bbox 627 790 682 845; x_wconf 89' lang='lat' dir='ltr'>nisi</span> <span class='ocrx_word' id='word_1_56' title='bbox 696 790 797 845; x_wconf 88' lang='lat' dir='ltr'>domus</span> <span class='ocrx_word' id='word_1_57' title='bbox 807 788 857 845; x_wconf 86' lang='lat' dir='ltr'>Dei</span> 
     </span>
    </p>
   </div>
   <div class='ocr_carea' id='block_1_6' title="bbox 56 889 856 1142">
    <p class='ocr_par' dir='ltr' id='par_1_6' title="bbox 56 889 856 1142">
     <span class='ocr_line' id='line_1_9' title="bbox 58 889 856 968; baseline -0.013 -15"><span class='ocrx_word' id='word_1_58' title='bbox 58 905 85 953; x_wconf 90' lang='lat' dir='ltr'>et</span> <span class='ocrx_word' id='word_1_59' title='bbox 100 907 175 968; x_wconf 87' lang='lat' dir='ltr'>porta</span> <span class='ocrx_word' id='word_1_60' title='bbox 193 896 253 952; x_wconf 83' lang='lat' dir='ltr'>coeli</span> <span class='ocrx_word' id='word_1_61' title='bbox 270 897 350 965; x_wconf 82' lang='lat' dir='ltr'>(Gen.</span> <span class='ocrx_word' id='word_1_62' title='bbox 368 898 478 964; x_wconf 83' lang='lat' dir='ltr'>xxvrn).</span> <span class='ocrx_word' id='word_1_63' title='bbox 492 916 503 943; x_wconf 83' lang='grc' dir='ltr'>ι</span> <span class='ocrx_word' id='word_1_64' title='bbox 513 894 583 949; x_wconf 87' lang='lat' dir='ltr'>Ecce</span> <span class='ocrx_word' id='word_1_65' title='bbox 598 892 649 946; x_wconf 88' lang='lat' dir='ltr'>iste</span> <span class='ocrx_word' id='word_1_66' title='bbox 664 889 856 961; x_wconf 88' lang='lat' dir='ltr'>antiqnnssiae</span> 
     </span>
     <span class='ocr_line' id='line_1_10' title="bbox 56 978 856 1060; baseline -0.014 -17"><span class='ocrx_word' id='word_1_67' title='bbox 56 988 130 1060; x_wconf 80' lang='lat' dir='ltr'>iege,</span> <span class='ocrx_word' id='word_1_68' title='bbox 147 986 205 1040; x_wconf 87' lang='lat' dir='ltr'>sine</span> <span class='ocrx_word' id='word_1_69' title='bbox 221 985 367 1056; x_wconf 87' lang='lat' dir='ltr'>scripturis</span> <span class='ocrx_word' id='word_1_70' title='bbox 382 983 561 1040; x_wconf 77' lang='lat' dir='ltr'>sanctificavit</span> <span class='ocrx_word' id='word_1_71' title='bbox 575 981 633 1035; x_wconf 88' lang='lat' dir='ltr'>Deo</span> <span class='ocrx_word' id='word_1_72' title='bbox 648 978 751 1041; x_wconf 79' lang='lat' dir='ltr'>altare:</span> <span class='ocrx_word' id='word_1_73' title='bbox 770 986 796 1033; x_wconf 92' lang='lat' dir='ltr'>et</span> <span class='ocrx_word' id='word_1_74' title='bbox 810 978 856 1032; x_wconf 93' lang='lat' dir='ltr'>do·</span> 
     </span>
     <span class='ocr_line' id='line_1_11' title="bbox 57 1069 853 1142; baseline -0.014 -12"><span class='ocrx_word' id='word_1_75' title='bbox 57 1092 131 1130; x_wconf 93' lang='lat' dir='ltr'>mum</span> <span class='ocrx_word' id='word_1_76' title='bbox 142 1074 250 1129; x_wconf 84' lang='lat' dir='ltr'>Domini</span> <span class='ocrx_word' id='word_1_77' title='bbox 267 1073 388 1132; x_wconf 81' lang='lat' dir='ltr'>vocarit.</span> <span class='ocrx_word' id='word_1_78' title='bbox 403 1071 466 1142; x_wconf 86' lang='lat' dir='ltr'>quia</span> <span class='ocrx_word' id='word_1_79' title='bbox 495 1086 545 1140; x_wconf 90' lang='lat' dir='ltr'>per</span> <span class='ocrx_word' id='word_1_80' title='bbox 573 1069 703 1139; x_wconf 90' lang='lat' dir='ltr'>Spiritum</span> <span class='ocrx_word' id='word_1_81' title='bbox 728 1075 853 1121; x_wconf 90' lang='lat' dir='ltr'>sanctum</span> 
     </span>
    </p>
   </div>
   <div class='ocr_carea' id='block_1_7' title="bbox 54 1164 853 1420">
    <p class='ocr_par' dir='ltr' id='par_1_7' title="bbox 54 1164 853 1420">
     <span class='ocr_line' id='line_1_12' title="bbox 54 1164 853 1236; baseline -0.015 -8"><span class='ocrx_word' id='word_1_82' title='bbox 54 1172 257 1229; x_wconf 87' lang='lat' dir='ltr'>tabernaculum</span> <span class='ocrx_word' id='word_1_83' title='bbox 272 1169 321 1225; x_wconf 88' lang='lat' dir='ltr'>Dei</span> <span class='ocrx_word' id='word_1_84' title='bbox 337 1169 374 1222; x_wconf 93' lang='lat' dir='ltr'>ibi</span> <span class='ocrx_word' id='word_1_85' title='bbox 389 1167 505 1222; x_wconf 89' lang='lat' dir='ltr'>iuturum</span> <span class='ocrx_word' id='word_1_86' title='bbox 522 1164 696 1236; x_wconf 74' lang='lat' dir='ltr'>presciebat.</span> <span class='ocrx_word' id='word_1_87' title='bbox 712 1164 777 1218; x_wconf 73' lang='lat' dir='ltr'>llaec</span> <span class='ocrx_word' id='word_1_88' title='bbox 791 1178 853 1218; x_wconf 91' lang='lat' dir='ltr'>orn-</span> 
     </span>
     <span class='ocr_line' id='line_1_13' title="bbox 55 1251 853 1329; baseline -0.014 -12"><span class='ocrx_word' id='word_1_89' title='bbox 55 1263 101 1317; x_wconf 90' lang='lat' dir='ltr'>nia</span> <span class='ocrx_word' id='word_1_90' title='bbox 116 1262 200 1329; x_wconf 79' lang='lat' dir='ltr'>ligura</span> <span class='ocrx_word' id='word_1_91' title='bbox 218 1259 367 1315; x_wconf 79' lang='lat' dir='ltr'>[titanorum</span> <span class='ocrx_word' id='word_1_92' title='bbox 383 1262 460 1311; x_wconf 91' lang='lat' dir='ltr'>erant</span> <span class='ocrx_word' id='word_1_93' title='bbox 475 1271 482 1309; x_wconf 75' lang='grc' dir='ltr'>ε</span> <span class='ocrx_word' id='word_1_94' title='bbox 499 1253 585 1309; x_wconf 82' lang='lat' dir='ltr'>Jacob</span> <span class='ocrx_word' id='word_1_95' title='bbox 600 1267 728 1322; x_wconf 83' lang='lat' dir='ltr'>uanique,</span> <span class='ocrx_word' id='word_1_96' title='bbox 745 1251 790 1323; x_wconf 87' lang='lat' dir='ltr'>qni</span> <span class='ocrx_word' id='word_1_97' title='bbox 805 1266 853 1306; x_wconf 87' lang='lat' dir='ltr'>re·</span> 
     </span>
     <span class='ocr_line' id='line_1_14' title="bbox 55 1340 852 1420; baseline -0.013 -15"><span class='ocrx_word' id='word_1_98' title='bbox 55 1351 118 1406; x_wconf 90' lang='lat' dir='ltr'>licto</span> <span class='ocrx_word' id='word_1_99' title='bbox 133 1356 245 1420; x_wconf 87' lang='lat' dir='ltr'>parente</span> <span class='ocrx_word' id='word_1_100' title='bbox 261 1347 329 1402; x_wconf 89' lang='lat' dir='ltr'>ierat</span> <span class='ocrx_word' id='word_1_101' title='bbox 344 1345 379 1400; x_wconf 92' lang='lat' dir='ltr'>ad</span> <span class='ocrx_word' id='word_1_102' title='bbox 394 1344 487 1398; x_wconf 84' lang='lat' dir='ltr'>haban</span> <span class='ocrx_word' id='word_1_103' title='bbox 504 1344 640 1414; x_wconf 91' lang='lat' dir='ltr'>petiturus</span> <span class='ocrx_word' id='word_1_104' title='bbox 661 1356 787 1409; x_wconf 84' lang='lat' dir='ltr'>uxorem,</span> <span class='ocrx_word' id='word_1_105' title='bbox 804 1340 852 1395; x_wconf 87' lang='lat' dir='ltr'>Je-</span> 
     </span>
    </p>
   </div>
   <div class='ocr_carea' id='block_1_8' title="bbox 54 1439 853 1598">
    <p class='ocr_par' dir='ltr' id='par_1_8' title="bbox 54 1439 853 1598">
     <span class='ocr_line' id='line_1_15' title="bbox 55 1439 853 1513; baseline -0.013 -9"><span class='ocrx_word' id='word_1_106' title='bbox 55 1466 117 1504; x_wconf 90' lang='lat' dir='ltr'>enm</span> <span class='ocrx_word' id='word_1_107' title='bbox 132 1447 270 1502; x_wconf 87' lang='lat' dir='ltr'>Christum</span> <span class='ocrx_word' id='word_1_108' title='bbox 284 1445 420 1513; x_wconf 88' lang='lat' dir='ltr'>designat,</span> <span class='ocrx_word' id='word_1_109' title='bbox 443 1440 488 1512; x_wconf 83' lang='lat' dir='ltr'>qui</span> <span class='ocrx_word' id='word_1_110' title='bbox 500 1440 578 1510; x_wconf 85' lang='lat' dir='ltr'>quasi</span> <span class='ocrx_word' id='word_1_111' title='bbox 595 1439 688 1495; x_wconf 90' lang='lat' dir='ltr'>relicto</span> <span class='ocrx_word' id='word_1_112' title='bbox 703 1439 784 1493; x_wconf 87' lang='lat' dir='ltr'>Patre</span> <span class='ocrx_word' id='word_1_113' title='bbox 798 1454 853 1494; x_wconf 86' lang='lat' dir='ltr'>coe·</span> 
     </span>
     <span class='ocr_line' id='line_1_16' title="bbox 54 1523 852 1598; baseline -0.014 -11"><span class='ocrx_word' id='word_1_114' title='bbox 54 1534 109 1587; x_wconf 94' lang='lat' dir='ltr'>lum</span> <span class='ocrx_word' id='word_1_115' title='bbox 121 1533 251 1595; x_wconf 88' lang='lat' dir='ltr'>deseruit,</span> <span class='ocrx_word' id='word_1_116' title='bbox 265 1542 431 1598; x_wconf 78' lang='lat' dir='ltr'>cernensque</span> <span class='ocrx_word' id='word_1_117' title='bbox 443 1533 544 1581; x_wconf 86' lang='lat' dir='ltr'>uostraa</span> <span class='ocrx_word' id='word_1_118' title='bbox 554 1523 737 1595; x_wconf 88' lang='lat' dir='ltr'>corruptionis</span> <span class='ocrx_word' id='word_1_119' title='bbox 749 1538 852 1577; x_wconf 87' lang='lat' dir='ltr'>assum·</span> 
     </span>
    </p>
   </div>
   <div class='ocr_carea' id='block_1_9' title="bbox 52 1612 851 1692">
    <p class='ocr_par' dir='ltr' id='par_1_9' title="bbox 52 1612 851 1692">
     <span class='ocr_line' id='line_1_17' title="bbox 52 1612 851 1692; baseline -0.011 -18"><span class='ocrx_word' id='word_1_120' title='bbox 52 1622 116 1692; x_wconf 70' lang='lat' dir='ltr'>psit.</span> <span class='ocrx_word' id='word_1_121' title='bbox 133 1619 237 1674; x_wconf 85' lang='lat' dir='ltr'>Deinde</span> <span class='ocrx_word' id='word_1_122' title='bbox 251 1617 354 1672; x_wconf 80' lang='lat' dir='ltr'>relictis</span> <span class='ocrx_word' id='word_1_123' title='bbox 369 1616 422 1671; x_wconf 91' lang='lat' dir='ltr'>iliis</span> <span class='ocrx_word' id='word_1_124' title='bbox 438 1614 611 1685; x_wconf 85' lang='lat' dir='ltr'>parentibus,</span> <span class='ocrx_word' id='word_1_125' title='bbox 626 1613 660 1669; x_wconf 89' lang='lat' dir='ltr'>do</span> <span class='ocrx_word' id='word_1_126' title='bbox 675 1612 774 1684; x_wconf 91' lang='lat' dir='ltr'>quibus</span> <span class='ocrx_word' id='word_1_127' title='bbox 789 1626 851 1667; x_wconf 90' lang='lat' dir='ltr'>car·</span> 
     </span>
    </p>
   </div>
   <div class='ocr_carea' id='block_1_10' title="bbox 907 430 1724 1257">
    <p class='ocr_par' dir='ltr' id='par_1_10' title="bbox 907 430 1724 1257">
     <span class='ocr_line' id='line_1_18' title="bbox 914 430 1724 515; baseline 0.031 -34"><span class='ocrx_word' id='word_1_128' title='bbox 914 430 1064 500; x_wconf 90' lang='lat' dir='ltr'>pretiosum</span> <span class='ocrx_word' id='word_1_129' title='bbox 1078 433 1196 504; x_wconf 84' lang='lat' dir='ltr'>lapidem</span> <span class='ocrx_word' id='word_1_130' title='bbox 1220 440 1458 509; x_wconf 86' lang='lat' dir='ltr'>reprobaverunt,</span> <span class='ocrx_word' id='word_1_131' title='bbox 1492 444 1565 515; x_wconf 90' lang='lat' dir='ltr'>qnia</span> <span class='ocrx_word' id='word_1_132' title='bbox 1580 446 1724 505; x_wconf 84' lang='lat' dir='ltr'>unllasan&#39;·</span> 
     </span>
     <span class='ocr_line' id='line_1_19' title="bbox 913 518 1724 602; baseline 0.03 -32"><span class='ocrx_word' id='word_1_133' title='bbox 913 518 1013 588; x_wconf 83' lang='lat' dir='ltr'>ginaiis</span> <span class='ocrx_word' id='word_1_134' title='bbox 1028 523 1130 590; x_wconf 86' lang='lat' dir='ltr'>peceati</span> <span class='ocrx_word' id='word_1_135' title='bbox 1153 525 1250 580; x_wconf 88' lang='lat' dir='ltr'>sordes</span> <span class='ocrx_word' id='word_1_136' title='bbox 1278 544 1343 583; x_wconf 87' lang='lat' dir='ltr'>oum</span> <span class='ocrx_word' id='word_1_137' title='bbox 1373 540 1532 588; x_wconf 79' lang='lat' dir='ltr'>caemento</span> <span class='ocrx_word' id='word_1_138' title='bbox 1563 534 1646 602; x_wconf 79' lang='lat' dir='ltr'>huius</span> <span class='ocrx_word' id='word_1_139' title='bbox 1670 542 1724 594; x_wconf 86' lang='lat' dir='ltr'>muri</span> 
     </span>
     <span class='ocr_line' id='line_1_20' title="bbox 913 614 1724 700; baseline 0.03 -33"><span class='ocrx_word' id='word_1_140' title='bbox 913 614 1097 674; x_wconf 76' lang='lat' dir='ltr'>involverunt.</span> <span class='ocrx_word' id='word_1_141' title='bbox 1114 621 1190 677; x_wconf 87' lang='lat' dir='ltr'>Unde</span> <span class='ocrx_word' id='word_1_142' title='bbox 1207 646 1217 669; x_wconf 73' lang='grc' dir='ltr'>ι</span> <span class='ocrx_word' id='word_1_143' title='bbox 1235 622 1324 680; x_wconf 85' lang='lat' dir='ltr'>iactus</span> <span class='ocrx_word' id='word_1_144' title='bbox 1337 635 1384 682; x_wconf 91' lang='lat' dir='ltr'>est</span> <span class='ocrx_word' id='word_1_145' title='bbox 1399 628 1444 684; x_wconf 89' lang='lat' dir='ltr'>eis</span> <span class='ocrx_word' id='word_1_146' title='bbox 1461 628 1564 700; x_wconf 83' lang='lat' dir='ltr'>lapsis</span> <span class='ocrx_word' id='word_1_147' title='bbox 1579 631 1724 691; x_wconf 82' lang='lat' dir='ltr'>offensionis</span> 
     </span>
     <span class='ocr_line' id='line_1_21' title="bbox 912 708 1721 790; baseline 0.03 -34"><span class='ocrx_word' id='word_1_148' title='bbox 912 711 939 756; x_wconf 91' lang='lat' dir='ltr'>et</span> <span class='ocrx_word' id='word_1_149' title='bbox 953 712 1031 774; x_wconf 90' lang='lat' dir='ltr'>petra</span> <span class='ocrx_word' id='word_1_150' title='bbox 1046 708 1285 782; x_wconf 72' lang='lat' dir='ltr'>scandali(ii’etr.</span> <span class='ocrx_word' id='word_1_151' title='bbox 1297 715 1342 785; x_wconf 91' lang='lat' dir='ltr'>n).</span> <span class='ocrx_word' id='word_1_152' title='bbox 1364 737 1377 765; x_wconf 79' lang='lat' dir='ltr'>n</span> <span class='ocrx_word' id='word_1_153' title='bbox 1397 718 1502 789; x_wconf 85' lang='lat' dir='ltr'>Super</span> <span class='ocrx_word' id='word_1_154' title='bbox 1513 718 1642 790; x_wconf 89' lang='lat' dir='ltr'>lapidem</span> <span class='ocrx_word' id='word_1_155' title='bbox 1657 723 1721 780; x_wconf 81' lang='lat' dir='ltr'>istan</span> 
     </span>
     <span class='ocr_line' id='line_1_22' title="bbox 911 789 1722 871; baseline 0.032 -25"><span class='ocrx_word' id='word_1_156' title='bbox 911 789 982 849; x_wconf 91' lang='lat' dir='ltr'>bene</span> <span class='ocrx_word' id='word_1_157' title='bbox 996 793 1108 850; x_wconf 82' lang='lat' dir='ltr'>tundata</span> <span class='ocrx_word' id='word_1_158' title='bbox 1123 806 1150 852; x_wconf 88' lang='lat' dir='ltr'>et</span> <span class='ocrx_word' id='word_1_159' title='bbox 1163 797 1271 855; x_wconf 89' lang='lat' dir='ltr'>iirmata</span> <span class='ocrx_word' id='word_1_160' title='bbox 1298 811 1415 861; x_wconf 84' lang='lat' dir='ltr'>constat</span> <span class='ocrx_word' id='word_1_161' title='bbox 1440 806 1598 865; x_wconf 76' lang='lat' dir='ltr'>Ecclesia.</span> <span class='ocrx_word' id='word_1_162' title='bbox 1615 810 1722 871; x_wconf 81' lang='lat' dir='ltr'>Christus</span> 
     </span>
     <span class='ocr_line' id='line_1_23' title="bbox 910 892 1721 976; baseline 0.027 -33"><span class='ocrx_word' id='word_1_163' title='bbox 910 898 952 945; x_wconf 86' lang='lat' dir='ltr'>est</span> <span class='ocrx_word' id='word_1_164' title='bbox 966 892 1095 958; x_wconf 89' lang='lat' dir='ltr'>etaltare,</span> <span class='ocrx_word' id='word_1_165' title='bbox 1114 895 1178 967; x_wconf 89' lang='lat' dir='ltr'>quia</span> <span class='ocrx_word' id='word_1_166' title='bbox 1188 896 1215 951; x_wconf 92' lang='lat' dir='ltr'>iu</span> <span class='ocrx_word' id='word_1_167' title='bbox 1231 913 1265 954; x_wconf 92' lang='lat' dir='ltr'>eo</span> <span class='ocrx_word' id='word_1_168' title='bbox 1275 907 1303 955; x_wconf 92' lang='lat' dir='ltr'>et</span> <span class='ocrx_word' id='word_1_169' title='bbox 1317 917 1370 971; x_wconf 90' lang='lat' dir='ltr'>per</span> <span class='ocrx_word' id='word_1_170' title='bbox 1382 918 1451 957; x_wconf 89' lang='lat' dir='ltr'>eum</span> <span class='ocrx_word' id='word_1_171' title='bbox 1465 904 1620 976; x_wconf 88' lang='lat' dir='ltr'>spiritales</span> <span class='ocrx_word' id='word_1_172' title='bbox 1630 917 1656 963; x_wconf 88' lang='lat' dir='ltr'>et</span> <span class='ocrx_word' id='word_1_173' title='bbox 1670 925 1721 966; x_wconf 85' lang='lat' dir='ltr'>cor·</span> 
     </span>
     <span class='ocr_line' id='line_1_24' title="bbox 909 980 1720 1055; baseline 0.028 -23"><span class='ocrx_word' id='word_1_174' title='bbox 909 980 1021 1048; x_wconf 90' lang='lat' dir='ltr'>poraies</span> <span class='ocrx_word' id='word_1_175' title='bbox 1028 983 1181 1040; x_wconf 89' lang='lat' dir='ltr'>oblationes</span> <span class='ocrx_word' id='word_1_176' title='bbox 1190 986 1249 1042; x_wconf 87' lang='lat' dir='ltr'>Deo</span> <span class='ocrx_word' id='word_1_177' title='bbox 1261 988 1336 1044; x_wconf 87' lang='lat' dir='ltr'>Patri</span> <span class='ocrx_word' id='word_1_178' title='bbox 1345 990 1534 1048; x_wconf 82' lang='lat' dir='ltr'>offeruntur.</span> <span class='ocrx_word' id='word_1_179' title='bbox 1544 996 1589 1052; x_wconf 85' lang='lat' dir='ltr'>Eo</span> <span class='ocrx_word' id='word_1_180' title='bbox 1601 998 1720 1055; x_wconf 87' lang='lat' dir='ltr'>mediante</span> 
     </span>
     <span class='ocr_line' id='line_1_25' title="bbox 908 1070 1719 1152; baseline 0.027 -31"><span class='ocrx_word' id='word_1_181' title='bbox 908 1076 935 1122; x_wconf 90' lang='lat' dir='ltr'>et</span> <span class='ocrx_word' id='word_1_182' title='bbox 949 1070 1067 1141; x_wconf 88' lang='lat' dir='ltr'>propitio</span> <span class='ocrx_word' id='word_1_183' title='bbox 1079 1071 1269 1141; x_wconf 87' lang='lat' dir='ltr'>intercessore,</span> <span class='ocrx_word' id='word_1_184' title='bbox 1283 1078 1359 1134; x_wconf 88' lang='lat' dir='ltr'>Deus</span> <span class='ocrx_word' id='word_1_185' title='bbox 1371 1080 1464 1137; x_wconf 85' lang='lat' dir='ltr'>Pater</span> <span class='ocrx_word' id='word_1_186' title='bbox 1483 1085 1643 1152; x_wconf 81' lang='lat' dir='ltr'>praeseutia</span> <span class='ocrx_word' id='word_1_187' title='bbox 1656 1087 1719 1143; x_wconf 83' lang='lat' dir='ltr'>nobis</span> 
     </span>
     <span class='ocr_line' id='line_1_26' title="bbox 907 1164 1718 1257; baseline 0.025 -37"><span class='ocrx_word' id='word_1_188' title='bbox 907 1170 934 1220; x_wconf 88' lang='lat' dir='ltr'>et</span> <span class='ocrx_word' id='word_1_189' title='bbox 946 1164 1035 1222; x_wconf 85' lang='lat' dir='ltr'>intera</span> <span class='ocrx_word' id='word_1_190' title='bbox 1050 1167 1175 1241; x_wconf 89' lang='lat' dir='ltr'>largitur.</span> <span class='ocrx_word' id='word_1_191' title='bbox 1200 1173 1258 1229; x_wconf 87' lang='lat' dir='ltr'>Hoc</span> <span class='ocrx_word' id='word_1_192' title='bbox 1277 1174 1376 1243; x_wconf 87' lang='lat' dir='ltr'>altare,</span> <span class='ocrx_word' id='word_1_193' title='bbox 1394 1177 1423 1232; x_wconf 93' lang='lat' dir='ltr'>id</span> <span class='ocrx_word' id='word_1_194' title='bbox 1441 1186 1493 1233; x_wconf 89' lang='lat' dir='ltr'>est</span> <span class='ocrx_word' id='word_1_195' title='bbox 1508 1181 1640 1238; x_wconf 88' lang='lat' dir='ltr'>Christus</span> <span class='ocrx_word' id='word_1_196' title='bbox 1653 1184 1718 1257; x_wconf 78' lang='lat' dir='ltr'>lega·</span> 
     </span>
    </p>
   </div>
   <div class='ocr_carea' id='block_1_11' title="bbox 907 1250 1719 1428">
    <p class='ocr_par' dir='ltr' id='par_1_11' title="bbox 907 1250 1719 1428">
     <span class='ocr_line' id='line_1_27' title="bbox 907 1250 1718 1346; baseline 0.03 -40"><span class='ocrx_word' id='word_1_197' title='bbox 907 1250 979 1309; x_wconf 84' lang='lat' dir='ltr'>libus</span> <span class='ocrx_word' id='word_1_198' title='bbox 1006 1259 1153 1330; x_wconf 84' lang='lat' dir='ltr'>unguentis</span> <span class='ocrx_word' id='word_1_199' title='bbox 1181 1262 1281 1332; x_wconf 86' lang='lat' dir='ltr'>quihus</span> <span class='ocrx_word' id='word_1_200' title='bbox 1310 1265 1479 1337; x_wconf 86' lang='lat' dir='ltr'>antiquitus</span> <span class='ocrx_word' id='word_1_201' title='bbox 1512 1269 1620 1327; x_wconf 82' lang='lat' dir='ltr'>altaria</span> <span class='ocrx_word' id='word_1_202' title='bbox 1643 1290 1718 1346; x_wconf 85' lang='lat' dir='ltr'>unge·</span> 
     </span>
     <span class='ocr_line' id='line_1_28' title="bbox 907 1342 1719 1428; baseline 0.031 -34"><span class='ocrx_word' id='word_1_203' title='bbox 907 1342 1014 1411; x_wconf 88' lang='lat' dir='ltr'>bantur,</span> <span class='ocrx_word' id='word_1_204' title='bbox 1043 1360 1150 1404; x_wconf 88' lang='lat' dir='ltr'>necnon</span> <span class='ocrx_word' id='word_1_205' title='bbox 1176 1358 1203 1405; x_wconf 91' lang='lat' dir='ltr'>et</span> <span class='ocrx_word' id='word_1_206' title='bbox 1228 1353 1377 1423; x_wconf 89' lang='lat' dir='ltr'>unguentis</span> <span class='ocrx_word' id='word_1_207' title='bbox 1415 1357 1534 1428; x_wconf 89' lang='lat' dir='ltr'>quibus</span> <span class='ocrx_word' id='word_1_208' title='bbox 1565 1361 1719 1418; x_wconf 82' lang='lat' dir='ltr'>eeclesiasti-</span> 
     </span>
    </p>
   </div>
   <div class='ocr_carea' id='block_1_12' title="bbox 903 1445 1720 1698">
    <p class='ocr_par' dir='ltr' id='par_1_12' title="bbox 903 1445 1720 1698">
     <span class='ocr_line' id='line_1_29' title="bbox 905 1445 1716 1520; baseline 0.026 -23"><span class='ocrx_word' id='word_1_209' title='bbox 905 1458 938 1498; x_wconf 87' lang='lat' dir='ltr'>oa</span> <span class='ocrx_word' id='word_1_210' title='bbox 964 1445 1061 1500; x_wconf 87' lang='lat' dir='ltr'>altaria</span> <span class='ocrx_word' id='word_1_211' title='bbox 1084 1457 1273 1519; x_wconf 90' lang='lat' dir='ltr'>perunguntur</span> <span class='ocrx_word' id='word_1_212' title='bbox 1295 1450 1478 1520; x_wconf 88' lang='lat' dir='ltr'>spiritaliter</span> <span class='ocrx_word' id='word_1_213' title='bbox 1507 1466 1557 1512; x_wconf 88' lang='lat' dir='ltr'>est</span> <span class='ocrx_word' id='word_1_214' title='bbox 1579 1458 1716 1518; x_wconf 85' lang='lat' dir='ltr'>delibutas.</span> 
     </span>
     <span class='ocr_line' id='line_1_30' title="bbox 903 1531 1720 1613; baseline 0.023 -28"><span class='ocrx_word' id='word_1_215' title='bbox 903 1531 943 1585; x_wconf 84' lang='lat' dir='ltr'>Ex</span> <span class='ocrx_word' id='word_1_216' title='bbox 959 1533 1079 1605; x_wconf 86' lang='lat' dir='ltr'>quinque</span> <span class='ocrx_word' id='word_1_217' title='bbox 1093 1551 1193 1607; x_wconf 86' lang='lat' dir='ltr'>nempe</span> <span class='ocrx_word' id='word_1_218' title='bbox 1216 1538 1363 1609; x_wconf 82' lang='lat' dir='ltr'>speciebus</span> <span class='ocrx_word' id='word_1_219' title='bbox 1394 1554 1580 1613; x_wconf 87' lang='lat' dir='ltr'>aromatum,</span> <span class='ocrx_word' id='word_1_220' title='bbox 1604 1549 1720 1605; x_wconf 82' lang='lat' dir='ltr'>videlieet</span> 
     </span>
     <span class='ocr_line' id='line_1_31' title="bbox 904 1625 1718 1698; baseline 0.023 -25"><span class='ocrx_word' id='word_1_221' title='bbox 904 1636 1226 1695; x_wconf 64' lang='lat' dir='ltr'>smyrnaeyncamomo,</span> <span class='ocrx_word' id='word_1_222' title='bbox 1238 1625 1355 1693; x_wconf 88' lang='lat' dir='ltr'>calamo,</span> <span class='ocrx_word' id='word_1_223' title='bbox 1380 1631 1478 1698; x_wconf 83' lang='lat' dir='ltr'>casia,</span> <span class='ocrx_word' id='word_1_224' title='bbox 1497 1635 1595 1691; x_wconf 89' lang='lat' dir='ltr'>oleum</span> <span class='ocrx_word' id='word_1_225' title='bbox 1603 1636 1639 1693; x_wconf 90' lang='lat' dir='ltr'>de</span> <span class='ocrx_word' id='word_1_226' title='bbox 1647 1638 1718 1693; x_wconf 81' lang='lat' dir='ltr'>chris</span> 
     </span>
    </p>
   </div>
   <div class='ocr_carea' id='block_1_13' title="bbox 41 1694 1720 3535">
    <p class='ocr_par' dir='ltr' id='par_1_13' title="bbox 41 1694 1720 3535">
     <span class='ocr_line' id='line_1_32' title="bbox 53 1694 1720 1802; baseline 0.008 -31"><span class='ocrx_word' id='word_1_227' title='bbox 53 1720 326 1783; x_wconf 83' lang='lat' dir='ltr'>nomassnmpseret,</span> <span class='ocrx_word' id='word_1_228' title='bbox 354 1710 462 1766; x_wconf 90' lang='lat' dir='ltr'>scilicet</span> <span class='ocrx_word' id='word_1_229' title='bbox 487 1709 600 1776; x_wconf 84' lang='lat' dir='ltr'>Jndaeis,</span> <span class='ocrx_word' id='word_1_230' title='bbox 624 1708 717 1763; x_wconf 89' lang='lat' dir='ltr'>relicta</span> <span class='ocrx_word' id='word_1_231' title='bbox 741 1694 964 1778; x_wconf 70' lang='lat' dir='ltr'>quoquessemr</span> <span class='ocrx_word' id='word_1_232' title='bbox 977 1730 1155 1792; x_wconf 68' lang='lat' dir='ltr'>unguentum,</span> <span class='ocrx_word' id='word_1_233' title='bbox 1184 1738 1238 1795; x_wconf 84' lang='lat' dir='ltr'>quo</span> <span class='ocrx_word' id='word_1_234' title='bbox 1267 1724 1356 1782; x_wconf 84' lang='lat' dir='ltr'>altare</span> <span class='ocrx_word' id='word_1_235' title='bbox 1373 1729 1547 1802; x_wconf 90' lang='lat' dir='ltr'>antiquitus</span> <span class='ocrx_word' id='word_1_236' title='bbox 1572 1744 1616 1790; x_wconf 89' lang='lat' dir='ltr'>est</span> <span class='ocrx_word' id='word_1_237' title='bbox 1630 1750 1720 1791; x_wconf 71' lang='lat' dir='ltr'>eonse-</span> 
     </span>
     <span class='ocr_line' id='line_1_33' title="bbox 54 1804 1719 1884; baseline 0.007 -17"><span class='ocrx_word' id='word_1_238' title='bbox 54 1812 142 1884; x_wconf 81' lang='lat' dir='ltr'>patria</span> <span class='ocrx_word' id='word_1_239' title='bbox 157 1812 191 1865; x_wconf 89' lang='lat' dir='ltr'>de</span> <span class='ocrx_word' id='word_1_240' title='bbox 206 1810 299 1865; x_wconf 84' lang='lat' dir='ltr'>Judaea</span> <span class='ocrx_word' id='word_1_241' title='bbox 314 1807 435 1879; x_wconf 84' lang='lat' dir='ltr'>perrexit</span> <span class='ocrx_word' id='word_1_242' title='bbox 450 1807 602 1877; x_wconf 88' lang='lat' dir='ltr'>adgentes,</span> <span class='ocrx_word' id='word_1_243' title='bbox 618 1804 754 1860; x_wconf 88' lang='lat' dir='ltr'>ducturus</span> <span class='ocrx_word' id='word_1_244' title='bbox 768 1818 850 1873; x_wconf 89' lang='lat' dir='ltr'>spou-</span> <span class='ocrx_word' id='word_1_245' title='bbox 903 1820 1008 1862; x_wconf 91' lang='lat' dir='ltr'>cratum</span> <span class='ocrx_word' id='word_1_246' title='bbox 1023 1815 1049 1863; x_wconf 91' lang='lat' dir='ltr'>et</span> <span class='ocrx_word' id='word_1_247' title='bbox 1061 1809 1229 1866; x_wconf 85' lang='lat' dir='ltr'>coniectum.</span> <span class='ocrx_word' id='word_1_248' title='bbox 1248 1813 1328 1869; x_wconf 88' lang='lat' dir='ltr'>Nunc</span> <span class='ocrx_word' id='word_1_249' title='bbox 1356 1816 1523 1875; x_wconf 83' lang='lat' dir='ltr'>uideamus</span> <span class='ocrx_word' id='word_1_250' title='bbox 1540 1830 1655 1878; x_wconf 85' lang='lat' dir='ltr'>naturas</span> <span class='ocrx_word' id='word_1_251' title='bbox 1667 1826 1719 1879; x_wconf 86' lang='lat' dir='ltr'>sie·</span> 
     </span>
     <span class='ocr_line' id='line_1_34' title="bbox 53 1891 1718 1985; baseline 0.007 -29"><span class='ocrx_word' id='word_1_252' title='bbox 53 1918 122 1968; x_wconf 89' lang='lat' dir='ltr'>sam,</span> <span class='ocrx_word' id='word_1_253' title='bbox 139 1899 167 1954; x_wconf 92' lang='lat' dir='ltr'>id</span> <span class='ocrx_word' id='word_1_254' title='bbox 182 1908 224 1955; x_wconf 90' lang='lat' dir='ltr'>ost</span> <span class='ocrx_word' id='word_1_255' title='bbox 237 1898 401 1954; x_wconf 84' lang='lat' dir='ltr'>Ecclesiam.</span> <span class='ocrx_word' id='word_1_256' title='bbox 418 1896 475 1950; x_wconf 88' lang='lat' dir='ltr'>Hoc</span> <span class='ocrx_word' id='word_1_257' title='bbox 492 1896 519 1948; x_wconf 91' lang='lat' dir='ltr'>in</span> <span class='ocrx_word' id='word_1_258' title='bbox 533 1894 630 1948; x_wconf 90' lang='lat' dir='ltr'>itinere</span> <span class='ocrx_word' id='word_1_259' title='bbox 644 1892 730 1948; x_wconf 80' lang='lat' dir='ltr'>Jacob</span> <span class='ocrx_word' id='word_1_260' title='bbox 745 1891 848 1946; x_wconf 91' lang='lat' dir='ltr'>obdor·</span> <span class='ocrx_word' id='word_1_261' title='bbox 902 1896 1027 1967; x_wconf 89' lang='lat' dir='ltr'>guiarum</span> <span class='ocrx_word' id='word_1_262' title='bbox 1037 1900 1203 1969; x_wconf 80' lang='lat' dir='ltr'>specierum.</span> <span class='ocrx_word' id='word_1_263' title='bbox 1218 1901 1364 1974; x_wconf 77' lang='lat' dir='ltr'>Smyrnam</span> <span class='ocrx_word' id='word_1_264' title='bbox 1390 1908 1441 1962; x_wconf 90' lang='lat' dir='ltr'>alii</span> <span class='ocrx_word' id='word_1_265' title='bbox 1466 1907 1644 1974; x_wconf 72' lang='lat' dir='ltr'>,caiamiaiii</span> <span class='ocrx_word' id='word_1_266' title='bbox 1654 1930 1718 1985; x_wconf 70' lang='lat' dir='ltr'>myr-</span> 
     </span>
     <span class='ocr_line' id='line_1_35' title="bbox 52 1981 1713 2081; baseline -0.019 -37"><span class='ocrx_word' id='word_1_267' title='bbox 52 1989 137 2055; x_wconf 70' lang='lat' dir='ltr'>misit,</span> <span class='ocrx_word' id='word_1_268' title='bbox 153 1988 216 2061; x_wconf 88' lang='lat' dir='ltr'>quia</span> <span class='ocrx_word' id='word_1_269' title='bbox 231 1986 355 2042; x_wconf 84' lang='lat' dir='ltr'>Christus</span> <span class='ocrx_word' id='word_1_270' title='bbox 369 1985 396 2039; x_wconf 93' lang='lat' dir='ltr'>in</span> <span class='ocrx_word' id='word_1_271' title='bbox 412 1984 508 2038; x_wconf 88' lang='lat' dir='ltr'>itinere</span> <span class='ocrx_word' id='word_1_272' title='bbox 532 1981 678 2053; x_wconf 81' lang='lat' dir='ltr'>praesentis</span> <span class='ocrx_word' id='word_1_273' title='bbox 696 1981 755 2036; x_wconf 78' lang='lat' dir='ltr'>vitae</span> <span class='ocrx_word' id='word_1_274' title='bbox 770 1994 847 2034; x_wconf 88' lang='lat' dir='ltr'>mor·</span> <span class='ocrx_word' id='word_1_275' title='bbox 902 1993 1271 2054; x_wconf 57' lang='lat' dir='ltr'>rhffldicunpesseminflm</span> <span class='ocrx_word' id='word_1_276' title='bbox 1297 2009 1324 2056; x_wconf 57' lang='lat' dir='ltr'>e,</span> <span class='ocrx_word' id='word_1_277' title='bbox 1352 2011 1454 2073; x_wconf 51' lang='lat' dir='ltr'>aptam</span> <span class='ocrx_word' id='word_1_278' title='bbox 1474 2006 1713 2081; x_wconf 55' lang='lat' dir='ltr'>imerpjgmm</span> 
     </span>
     <span class='ocr_line' id='line_1_36' title="bbox 52 2077 1715 2168; baseline 0.007 -26"><span class='ocrx_word' id='word_1_279' title='bbox 52 2096 106 2142; x_wconf 89' lang='lat' dir='ltr'>tem</span> <span class='ocrx_word' id='word_1_280' title='bbox 122 2087 149 2140; x_wconf 93' lang='lat' dir='ltr'>in</span> <span class='ocrx_word' id='word_1_281' title='bbox 165 2100 213 2140; x_wconf 90' lang='lat' dir='ltr'>ara</span> <span class='ocrx_word' id='word_1_282' title='bbox 227 2082 314 2138; x_wconf 87' lang='lat' dir='ltr'>erneis</span> <span class='ocrx_word' id='word_1_283' title='bbox 329 2081 454 2152; x_wconf 90' lang='lat' dir='ltr'>pertulit.</span> <span class='ocrx_word' id='word_1_284' title='bbox 470 2078 561 2149; x_wconf 89' lang='lat' dir='ltr'>Lapis,</span> <span class='ocrx_word' id='word_1_285' title='bbox 577 2095 657 2149; x_wconf 86' lang='lat' dir='ltr'>quern</span> <span class='ocrx_word' id='word_1_286' title='bbox 667 2078 753 2135; x_wconf 79' lang='lat' dir='ltr'>iacob</span> <span class='ocrx_word' id='word_1_287' title='bbox 767 2077 795 2131; x_wconf 91' lang='lat' dir='ltr'>in</span> <span class='ocrx_word' id='word_1_288' title='bbox 805 2077 847 2130; x_wconf 91' lang='lat' dir='ltr'>iti·</span> <span class='ocrx_word' id='word_1_289' title='bbox 901 2080 1107 2139; x_wconf 77' lang='lat' dir='ltr'>cinnamomum</span> <span class='ocrx_word' id='word_1_290' title='bbox 1123 2093 1212 2142; x_wconf 91' lang='lat' dir='ltr'>autem</span> <span class='ocrx_word' id='word_1_291' title='bbox 1240 2087 1343 2145; x_wconf 91' lang='lat' dir='ltr'>dictum</span> <span class='ocrx_word' id='word_1_292' title='bbox 1368 2100 1415 2147; x_wconf 87' lang='lat' dir='ltr'>est</span> <span class='ocrx_word' id='word_1_293' title='bbox 1445 2096 1532 2166; x_wconf 87' lang='lat' dir='ltr'>quod</span> <span class='ocrx_word' id='word_1_294' title='bbox 1556 2107 1650 2155; x_wconf 80' lang='lat' dir='ltr'>cortex</span> <span class='ocrx_word' id='word_1_295' title='bbox 1664 2100 1715 2168; x_wconf 88' lang='lat' dir='ltr'>ejus</span> 
     </span>
     <span class='ocr_line' id='line_1_37' title="bbox 51 2167 1713 2259; baseline 0.004 -27"><span class='ocrx_word' id='word_1_296' title='bbox 51 2194 118 2232; x_wconf 87' lang='lat' dir='ltr'>nero</span> <span class='ocrx_word' id='word_1_297' title='bbox 133 2176 214 2245; x_wconf 86' lang='lat' dir='ltr'>copiti</span> <span class='ocrx_word' id='word_1_298' title='bbox 236 2173 387 2242; x_wconf 78' lang='lat' dir='ltr'>supposuit,</span> <span class='ocrx_word' id='word_1_299' title='bbox 399 2169 596 2224; x_wconf 71' lang='lat' dir='ltr'>humanitatem</span> <span class='ocrx_word' id='word_1_300' title='bbox 610 2167 710 2223; x_wconf 87' lang='lat' dir='ltr'>Christi</span> <span class='ocrx_word' id='word_1_301' title='bbox 720 2168 848 2240; x_wconf 88' lang='lat' dir='ltr'>designa·</span> <span class='ocrx_word' id='word_1_302' title='bbox 901 2169 927 2223; x_wconf 90' lang='lat' dir='ltr'>iu</span> <span class='ocrx_word' id='word_1_303' title='bbox 943 2172 1054 2227; x_wconf 92' lang='lat' dir='ltr'>modum</span> <span class='ocrx_word' id='word_1_304' title='bbox 1069 2189 1166 2230; x_wconf 76' lang='lat' dir='ltr'>cannas</span> <span class='ocrx_word' id='word_1_305' title='bbox 1179 2177 1214 2230; x_wconf 90' lang='lat' dir='ltr'>sit</span> <span class='ocrx_word' id='word_1_306' title='bbox 1228 2178 1363 2234; x_wconf 89' lang='lat' dir='ltr'>rotundus</span> <span class='ocrx_word' id='word_1_307' title='bbox 1379 2189 1410 2236; x_wconf 85' lang='lat' dir='ltr'>et</span> <span class='ocrx_word' id='word_1_308' title='bbox 1433 2185 1575 2253; x_wconf 85' lang='lat' dir='ltr'>gracilis.</span> <span class='ocrx_word' id='word_1_309' title='bbox 1600 2189 1713 2259; x_wconf 74' lang='lat' dir='ltr'>signitur</span> 
     </span>
     <span class='ocr_line' id='line_1_38' title="bbox 50 2265 1712 2344; baseline 0.002 -13"><span class='ocrx_word' id='word_1_310' title='bbox 50 2275 96 2340; x_wconf 80' lang='lat' dir='ltr'>rit,</span> <span class='ocrx_word' id='word_1_311' title='bbox 110 2265 847 2344; x_wconf 78' lang='lat' dir='ltr'>qrraesubjectadivinitatiliousverccreditnresseca·</span> <span class='ocrx_word' id='word_1_312' title='bbox 900 2266 927 2321; x_wconf 92' lang='lat' dir='ltr'>in</span> <span class='ocrx_word' id='word_1_313' title='bbox 945 2268 1017 2323; x_wconf 90' lang='lat' dir='ltr'>ludia</span> <span class='ocrx_word' id='word_1_314' title='bbox 1033 2278 1060 2324; x_wconf 92' lang='lat' dir='ltr'>et</span> <span class='ocrx_word' id='word_1_315' title='bbox 1075 2271 1200 2343; x_wconf 83' lang='lat' dir='ltr'>litbiopia</span> <span class='ocrx_word' id='word_1_316' title='bbox 1225 2272 1323 2330; x_wconf 77' lang='lat' dir='ltr'>frutice</span> <span class='ocrx_word' id='word_1_317' title='bbox 1349 2276 1453 2344; x_wconf 83' lang='lat' dir='ltr'>breui,</span> <span class='ocrx_word' id='word_1_318' title='bbox 1484 2282 1611 2339; x_wconf 89' lang='lat' dir='ltr'>duorum</span> <span class='ocrx_word' id='word_1_319' title='bbox 1633 2297 1712 2340; x_wconf 77' lang='lat' dir='ltr'>tanen</span> 
     </span>
     <span class='ocr_line' id='line_1_39' title="bbox 50 2353 1710 2437; baseline 0.007 -20"><span class='ocrx_word' id='word_1_320' title='bbox 50 2353 845 2434; x_wconf 73' lang='lat' dir='ltr'>put(linistisoaiaeroctaadcoelumestrieetascensio</span> <span class='ocrx_word' id='word_1_321' title='bbox 899 2356 1065 2425; x_wconf 89' lang='lat' dir='ltr'>cubitorum,</span> <span class='ocrx_word' id='word_1_322' title='bbox 1095 2361 1189 2416; x_wconf 90' lang='lat' dir='ltr'>colore</span> <span class='ocrx_word' id='word_1_323' title='bbox 1204 2362 1336 2435; x_wconf 86' lang='lat' dir='ltr'>subnigro</span> <span class='ocrx_word' id='word_1_324' title='bbox 1362 2365 1412 2421; x_wconf 86' lang='lat' dir='ltr'>vei</span> <span class='ocrx_word' id='word_1_325' title='bbox 1437 2362 1574 2437; x_wconf 86' lang='lat' dir='ltr'>cinereo,</span> <span class='ocrx_word' id='word_1_326' title='bbox 1593 2375 1710 2429; x_wconf 82' lang='lat' dir='ltr'>tenuissi-</span> 
     </span>
     <span class='ocr_line' id='line_1_40' title="bbox 50 2441 1709 2524; baseline 0.007 -18"><span class='ocrx_word' id='word_1_327' title='bbox 50 2451 179 2524; x_wconf 86' lang='lat' dir='ltr'>grodunm</span> <span class='ocrx_word' id='word_1_328' title='bbox 189 2457 216 2502; x_wconf 89' lang='lat' dir='ltr'>et</span> <span class='ocrx_word' id='word_1_329' title='bbox 226 2447 364 2500; x_wconf 85' lang='lat' dir='ltr'>virtutum.</span> <span class='ocrx_word' id='word_1_330' title='bbox 377 2443 541 2500; x_wconf 78' lang='lat' dir='ltr'>ascenditur</span> <span class='ocrx_word' id='word_1_331' title='bbox 549 2442 631 2510; x_wconf 91' lang='lat' dir='ltr'>enim,</span> <span class='ocrx_word' id='word_1_332' title='bbox 648 2441 726 2498; x_wconf 89' lang='lat' dir='ltr'>idest</span> <span class='ocrx_word' id='word_1_333' title='bbox 738 2443 772 2497; x_wconf 88' lang='lat' dir='ltr'>ed</span> <span class='ocrx_word' id='word_1_334' title='bbox 787 2458 845 2499; x_wconf 86' lang='lat' dir='ltr'>ooe-</span> <span class='ocrx_word' id='word_1_335' title='bbox 898 2460 1008 2500; x_wconf 89' lang='lat' dir='ltr'>marum</span> <span class='ocrx_word' id='word_1_336' title='bbox 1024 2446 1175 2519; x_wconf 85' lang='lat' dir='ltr'>virgarum.</span> <span class='ocrx_word' id='word_1_337' title='bbox 1188 2450 1259 2505; x_wconf 88' lang='lat' dir='ltr'>Nam</span> <span class='ocrx_word' id='word_1_338' title='bbox 1270 2453 1344 2523; x_wconf 92' lang='lat' dir='ltr'>quod</span> <span class='ocrx_word' id='word_1_339' title='bbox 1370 2453 1401 2509; x_wconf 88' lang='lat' dir='ltr'>in</span> <span class='ocrx_word' id='word_1_340' title='bbox 1425 2461 1655 2517; x_wconf 86' lang='lat' dir='ltr'>crassitudinem</span> <span class='ocrx_word' id='word_1_341' title='bbox 1668 2479 1709 2518; x_wconf 81' lang='lat' dir='ltr'>er·</span> 
     </span>
     <span class='ocr_line' id='line_1_41' title="bbox 47 2542 1710 2630; baseline -0.002 -21"><span class='ocrx_word' id='word_1_342' title='bbox 47 2546 511 2619; x_wconf 84' lang='lat' dir='ltr'>lestemritemdirersisgradibus.</span> <span class='ocrx_word' id='word_1_343' title='bbox 523 2543 845 2618; x_wconf 87' lang='lat' dir='ltr'>Sunteuimaliquilega·</span> <span class='ocrx_word' id='word_1_344' title='bbox 898 2542 1017 2599; x_wconf 87' lang='lat' dir='ltr'>tenditur</span> <span class='ocrx_word' id='word_1_345' title='bbox 1032 2545 1174 2616; x_wconf 86' lang='lat' dir='ltr'>despectui</span> <span class='ocrx_word' id='word_1_346' title='bbox 1189 2548 1305 2605; x_wconf 89' lang='lat' dir='ltr'>babetur</span> <span class='ocrx_word' id='word_1_347' title='bbox 1329 2568 1395 2607; x_wconf 89' lang='lat' dir='ltr'>eum</span> <span class='ocrx_word' id='word_1_348' title='bbox 1426 2553 1589 2630; x_wconf 78' lang='lat' dir='ltr'>frangitur,</span> <span class='ocrx_word' id='word_1_349' title='bbox 1615 2561 1710 2616; x_wconf 58' lang='lat' dir='ltr'>visione</span> 
     </span>
     <span class='ocr_line' id='line_1_42' title="bbox 46 2633 1709 2720; baseline 0.004 -21"><span class='ocrx_word' id='word_1_350' title='bbox 46 2643 64 2698; x_wconf 91' lang='lat' dir='ltr'>li</span> <span class='ocrx_word' id='word_1_351' title='bbox 81 2641 208 2714; x_wconf 78' lang='lat' dir='ltr'>coniugio</span> <span class='ocrx_word' id='word_1_352' title='bbox 224 2653 341 2708; x_wconf 89' lang='lat' dir='ltr'>superna</span> <span class='ocrx_word' id='word_1_353' title='bbox 355 2635 519 2692; x_wconf 80' lang='lat' dir='ltr'>scandentes</span> <span class='ocrx_word' id='word_1_354' title='bbox 531 2651 538 2687; x_wconf 93' lang='lat'><strong>:</strong></span> <span class='ocrx_word' id='word_1_355' title='bbox 550 2633 595 2688; x_wconf 91' lang='lat' dir='ltr'>alii</span> <span class='ocrx_word' id='word_1_356' title='bbox 606 2634 633 2688; x_wconf 91' lang='lat' dir='ltr'>in</span> <span class='ocrx_word' id='word_1_357' title='bbox 643 2634 844 2699; x_wconf 86' lang='lat' dir='ltr'>viduitate,nlii</span> <span class='ocrx_word' id='word_1_358' title='bbox 897 2648 961 2687; x_wconf 90' lang='lat' dir='ltr'>vero</span> <span class='ocrx_word' id='word_1_359' title='bbox 975 2633 1169 2703; x_wconf 84' lang='lat' dir='ltr'>spiramentum</span> <span class='ocrx_word' id='word_1_360' title='bbox 1184 2638 1281 2693; x_wconf 89' lang='lat' dir='ltr'>omittit</span> <span class='ocrx_word' id='word_1_361' title='bbox 1301 2639 1392 2695; x_wconf 88' lang='lat' dir='ltr'>instar</span> <span class='ocrx_word' id='word_1_362' title='bbox 1417 2648 1541 2703; x_wconf 81' lang='lat' dir='ltr'>nebulae</span> <span class='ocrx_word' id='word_1_363' title='bbox 1556 2664 1607 2704; x_wconf 89' lang='lat' dir='ltr'>seu</span> <span class='ocrx_word' id='word_1_364' title='bbox 1622 2649 1709 2720; x_wconf 82' lang='lat' dir='ltr'>pulse-</span> 
     </span>
     <span class='ocr_line' id='line_1_43' title="bbox 46 2719 1707 2803; baseline 0.003 -16"><span class='ocrx_word' id='word_1_365' title='bbox 46 2733 73 2787; x_wconf 92' lang='lat' dir='ltr'>in</span> <span class='ocrx_word' id='word_1_366' title='bbox 89 2730 255 2803; x_wconf 89' lang='lat' dir='ltr'>virginitate,</span> <span class='ocrx_word' id='word_1_367' title='bbox 270 2725 317 2781; x_wconf 91' lang='lat' dir='ltr'>aiii</span> <span class='ocrx_word' id='word_1_368' title='bbox 331 2727 358 2780; x_wconf 92' lang='lat' dir='ltr'>in</span> <span class='ocrx_word' id='word_1_369' title='bbox 374 2723 487 2779; x_wconf 87' lang='lat' dir='ltr'>tumultu</span> <span class='ocrx_word' id='word_1_370' title='bbox 498 2722 592 2778; x_wconf 91' lang='lat' dir='ltr'>mundi</span> <span class='ocrx_word' id='word_1_371' title='bbox 604 2723 843 2778; x_wconf 88' lang='lat' dir='ltr'>contramuudum</span> <span class='ocrx_word' id='word_1_372' title='bbox 896 2719 947 2775; x_wconf 87' lang='lat' dir='ltr'>ris.</span> <span class='ocrx_word' id='word_1_373' title='bbox 968 2720 1098 2778; x_wconf 86' lang='lat' dir='ltr'>Calamus</span> <span class='ocrx_word' id='word_1_374' title='bbox 1113 2739 1225 2798; x_wconf 88' lang='lat' dir='ltr'>quoque</span> <span class='ocrx_word' id='word_1_375' title='bbox 1241 2729 1414 2786; x_wconf 88' lang='lat' dir='ltr'>aromaticus</span> <span class='ocrx_word' id='word_1_376' title='bbox 1428 2746 1450 2787; x_wconf 81' lang='lat' dir='ltr'>a</span> <span class='ocrx_word' id='word_1_377' title='bbox 1468 2735 1655 2794; x_wconf 85' lang='lat' dir='ltr'>similitudine</span> <span class='ocrx_word' id='word_1_378' title='bbox 1666 2753 1707 2794; x_wconf 83' lang='lat' dir='ltr'>ea-</span> 
     </span>
     <span class='ocr_line' id='line_1_44' title="bbox 46 2816 1707 2902; baseline 0.001 -17"><span class='ocrx_word' id='word_1_379' title='bbox 46 2821 499 2894; x_wconf 85' lang='lat' dir='ltr'>etcontradiaholnmpugnando.</span> <span class='ocrx_word' id='word_1_380' title='bbox 515 2819 841 2891; x_wconf 83' lang='lat' dir='ltr'>diliquoque,atrepitum</span> <span class='ocrx_word' id='word_1_381' title='bbox 894 2816 961 2873; x_wconf 88' lang='lat' dir='ltr'>lami</span> <span class='ocrx_word' id='word_1_382' title='bbox 989 2820 1093 2876; x_wconf 91' lang='lat' dir='ltr'>usualis</span> <span class='ocrx_word' id='word_1_383' title='bbox 1120 2832 1240 2879; x_wconf 85' lang='lat' dir='ltr'>vocatur.</span> <span class='ocrx_word' id='word_1_384' title='bbox 1272 2824 1402 2899; x_wconf 86' lang='lat' dir='ltr'>Gignitur</span> <span class='ocrx_word' id='word_1_385' title='bbox 1427 2830 1462 2885; x_wconf 89' lang='lat' dir='ltr'>in</span> <span class='ocrx_word' id='word_1_386' title='bbox 1494 2833 1590 2902; x_wconf 86' lang='lat' dir='ltr'>ludia,</span> <span class='ocrx_word' id='word_1_387' title='bbox 1623 2836 1707 2892; x_wconf 75' lang='lat' dir='ltr'>multis</span> 
     </span>
     <span class='ocr_line' id='line_1_45' title="bbox 44 2907 1707 2996; baseline 0.001 -22"><span class='ocrx_word' id='word_1_388' title='bbox 44 2917 137 2974; x_wconf 89' lang='lat' dir='ltr'>muudi</span> <span class='ocrx_word' id='word_1_389' title='bbox 152 2915 295 2986; x_wconf 82' lang='lat' dir='ltr'>rugientes</span> <span class='ocrx_word' id='word_1_390' title='bbox 311 2919 338 2966; x_wconf 89' lang='lat' dir='ltr'>et</span> <span class='ocrx_word' id='word_1_391' title='bbox 352 2910 502 2981; x_wconf 90' lang='lat' dir='ltr'>spiritalem</span> <span class='ocrx_word' id='word_1_392' title='bbox 527 2909 633 2964; x_wconf 88' lang='lat' dir='ltr'>hostem</span> <span class='ocrx_word' id='word_1_393' title='bbox 655 2908 839 2976; x_wconf 83' lang='lat' dir='ltr'>debellantes,</span> <span class='ocrx_word' id='word_1_394' title='bbox 894 2907 983 2962; x_wconf 89' lang='lat' dir='ltr'>modis</span> <span class='ocrx_word' id='word_1_395' title='bbox 997 2909 1180 2981; x_wconf 77' lang='lat' dir='ltr'>geniculatus,</span> <span class='ocrx_word' id='word_1_396' title='bbox 1194 2910 1294 2983; x_wconf 86' lang='lat' dir='ltr'>iulrus,</span> <span class='ocrx_word' id='word_1_397' title='bbox 1304 2912 1430 2986; x_wconf 89' lang='lat' dir='ltr'>ilagraus</span> <span class='ocrx_word' id='word_1_398' title='bbox 1442 2923 1593 2980; x_wconf 81' lang='lat' dir='ltr'>suauitate</span> <span class='ocrx_word' id='word_1_399' title='bbox 1607 2926 1707 2996; x_wconf 77' lang='lat' dir='ltr'>spiritns</span> 
     </span>
     <span class='ocr_line' id='line_1_46' title="bbox 43 2995 1705 3084; baseline -0.005 -21"><span class='ocrx_word' id='word_1_400' title='bbox 43 3007 72 3062; x_wconf 90' lang='lat' dir='ltr'>in</span> <span class='ocrx_word' id='word_1_401' title='bbox 87 3004 187 3062; x_wconf 90' lang='lat' dir='ltr'>actuali</span> <span class='ocrx_word' id='word_1_402' title='bbox 202 3002 256 3058; x_wconf 81' lang='lat' dir='ltr'>rita</span> <span class='ocrx_word' id='word_1_403' title='bbox 272 3008 309 3055; x_wconf 88' lang='lat' dir='ltr'>tot</span> <span class='ocrx_word' id='word_1_404' title='bbox 321 2999 453 3071; x_wconf 89' lang='lat' dir='ltr'>gradibus</span> <span class='ocrx_word' id='word_1_405' title='bbox 467 2998 651 3053; x_wconf 90' lang='lat' dir='ltr'>ascenderunt</span> <span class='ocrx_word' id='word_1_406' title='bbox 659 2997 693 3052; x_wconf 87' lang='lat' dir='ltr'>ad</span> <span class='ocrx_word' id='word_1_407' title='bbox 705 2997 837 3053; x_wconf 72' lang='lat' dir='ltr'>coelestia.</span> <span class='ocrx_word' id='word_1_408' title='bbox 893 3012 954 3051; x_wconf 90' lang='lat' dir='ltr'>eum</span> <span class='ocrx_word' id='word_1_409' title='bbox 964 2995 1109 3069; x_wconf 90' lang='lat' dir='ltr'>irengitur,</span> <span class='ocrx_word' id='word_1_410' title='bbox 1125 2999 1153 3053; x_wconf 89' lang='lat' dir='ltr'>in</span> <span class='ocrx_word' id='word_1_411' title='bbox 1172 3001 1271 3057; x_wconf 87' lang='lat' dir='ltr'>multas</span> <span class='ocrx_word' id='word_1_412' title='bbox 1284 3012 1378 3072; x_wconf 88' lang='lat' dir='ltr'>partes</span> <span class='ocrx_word' id='word_1_413' title='bbox 1404 3003 1437 3061; x_wconf 87' lang='lat' dir='ltr'>iit</span> <span class='ocrx_word' id='word_1_414' title='bbox 1463 3011 1609 3084; x_wconf 86' lang='lat' dir='ltr'>scissilis;</span> <span class='ocrx_word' id='word_1_415' title='bbox 1635 3015 1705 3069; x_wconf 67' lang='lat' dir='ltr'>simi.</span> 
     </span>
     <span class='ocr_line' id='line_1_47' title="bbox 45 3085 1701 3168; baseline 0.004 -16"><span class='ocrx_word' id='word_1_416' title='bbox 45 3096 114 3152; x_wconf 88' lang='lat' dir='ltr'>Suut</span> <span class='ocrx_word' id='word_1_417' title='bbox 125 3102 151 3150; x_wconf 91' lang='lat' dir='ltr'>ct</span> <span class='ocrx_word' id='word_1_418' title='bbox 166 3091 272 3164; x_wconf 88' lang='lat' dir='ltr'>gradus</span> <span class='ocrx_word' id='word_1_419' title='bbox 300 3090 328 3143; x_wconf 91' lang='lat' dir='ltr'>in</span> <span class='ocrx_word' id='word_1_420' title='bbox 356 3087 598 3158; x_wconf 81' lang='lat' dir='ltr'>contemplatione,</span> <span class='ocrx_word' id='word_1_421' title='bbox 624 3101 692 3158; x_wconf 80' lang='lat' dir='ltr'>quos</span> <span class='ocrx_word' id='word_1_422' title='bbox 711 3085 839 3142; x_wconf 87' lang='lat' dir='ltr'>monachi</span> <span class='ocrx_word' id='word_1_423' title='bbox 894 3093 955 3148; x_wconf 81' lang='lat' dir='ltr'>tans</span> <span class='ocrx_word' id='word_1_424' title='bbox 969 3104 1054 3167; x_wconf 78' lang='lat' dir='ltr'>gustu</span> <span class='ocrx_word' id='word_1_425' title='bbox 1068 3096 1179 3166; x_wconf 85' lang='lat' dir='ltr'>oesiam,</span> <span class='ocrx_word' id='word_1_426' title='bbox 1196 3113 1257 3155; x_wconf 90' lang='lat' dir='ltr'>cum</span> <span class='ocrx_word' id='word_1_427' title='bbox 1272 3100 1324 3157; x_wconf 85' lang='lat' dir='ltr'>leri</span> <span class='ocrx_word' id='word_1_428' title='bbox 1339 3104 1507 3163; x_wconf 84' lang='lat' dir='ltr'>acrimonia</span> <span class='ocrx_word' id='word_1_429' title='bbox 1524 3113 1701 3168; x_wconf 73' lang='lat' dir='ltr'>remordenti,</span> 
     </span>
     <span class='ocr_line' id='line_1_48' title="bbox 43 3181 1704 3269; baseline 0.004 -20"><span class='ocrx_word' id='word_1_430' title='bbox 43 3195 75 3249; x_wconf 92' lang='lat' dir='ltr'>ad</span> <span class='ocrx_word' id='word_1_431' title='bbox 92 3208 210 3263; x_wconf 85' lang='lat' dir='ltr'>superna</span> <span class='ocrx_word' id='word_1_432' title='bbox 235 3186 429 3243; x_wconf 87' lang='lat' dir='ltr'>transcendunt</span> <span class='ocrx_word' id='word_1_433' title='bbox 458 3183 501 3241; x_wconf 85' lang='lat' dir='ltr'>vei</span> <span class='ocrx_word' id='word_1_434' title='bbox 524 3185 672 3241; x_wconf 79' lang='lat' dir='ltr'>eremitae:</span> <span class='ocrx_word' id='word_1_435' title='bbox 703 3185 730 3240; x_wconf 92' lang='lat' dir='ltr'>hi</span> <span class='ocrx_word' id='word_1_436' title='bbox 754 3202 837 3240; x_wconf 91' lang='lat' dir='ltr'>mun·</span> <span class='ocrx_word' id='word_1_437' title='bbox 894 3181 974 3237; x_wconf 87' lang='lat' dir='ltr'>Casia</span> <span class='ocrx_word' id='word_1_438' title='bbox 989 3184 1247 3243; x_wconf 88' lang='lat' dir='ltr'>etiamnasciturin</span> <span class='ocrx_word' id='word_1_439' title='bbox 1262 3189 1379 3259; x_wconf 80' lang='lat' dir='ltr'>Arabia,</span> <span class='ocrx_word' id='word_1_440' title='bbox 1405 3194 1498 3269; x_wconf 86' lang='lat' dir='ltr'>virga</span> <span class='ocrx_word' id='word_1_441' title='bbox 1523 3201 1633 3257; x_wconf 83' lang='lat' dir='ltr'>robusti</span> <span class='ocrx_word' id='word_1_442' title='bbox 1646 3217 1704 3258; x_wconf 85' lang='lat' dir='ltr'>cor·</span> 
     </span>
     <span class='ocr_line' id='line_1_49' title="bbox 43 3267 1704 3348; baseline -0.005 -9"><span class='ocrx_word' id='word_1_443' title='bbox 43 3284 108 3338; x_wconf 90' lang='lat' dir='ltr'>dum</span> <span class='ocrx_word' id='word_1_444' title='bbox 125 3285 261 3336; x_wconf 81' lang='lat' dir='ltr'>exueruut</span> <span class='ocrx_word' id='word_1_445' title='bbox 277 3292 284 3347; x_wconf 89' lang='lat'>;</span> <span class='ocrx_word' id='word_1_446' title='bbox 301 3276 328 3330; x_wconf 96' lang='lat' dir='ltr'>hi</span> <span class='ocrx_word' id='word_1_447' title='bbox 343 3274 443 3329; x_wconf 83' lang='lat' dir='ltr'>vitinus</span> <span class='ocrx_word' id='word_1_448' title='bbox 463 3273 629 3329; x_wconf 89' lang='lat' dir='ltr'>indumentis</span> <span class='ocrx_word' id='word_1_449' title='bbox 643 3290 706 3330; x_wconf 91' lang='lat' dir='ltr'>sese</span> <span class='ocrx_word' id='word_1_450' title='bbox 720 3290 838 3344; x_wconf 87' lang='lat' dir='ltr'>spreve-</span> <span class='ocrx_word' id='word_1_451' title='bbox 892 3267 963 3337; x_wconf 85' lang='lat' dir='ltr'>tisis,</span> <span class='ocrx_word' id='word_1_452' title='bbox 980 3276 1007 3324; x_wconf 91' lang='lat' dir='ltr'>et</span> <span class='ocrx_word' id='word_1_453' title='bbox 1022 3272 1166 3342; x_wconf 87' lang='lat' dir='ltr'>purpureis</span> <span class='ocrx_word' id='word_1_454' title='bbox 1179 3271 1261 3337; x_wconf 82' lang='lat' dir='ltr'>soliis,</span> <span class='ocrx_word' id='word_1_455' title='bbox 1284 3282 1314 3329; x_wconf 91' lang='lat' dir='ltr'>ut</span> <span class='ocrx_word' id='word_1_456' title='bbox 1335 3276 1457 3348; x_wconf 83' lang='lat' dir='ltr'>piperis.</span> <span class='ocrx_word' id='word_1_457' title='bbox 1478 3283 1532 3338; x_wconf 82' lang='lat' dir='ltr'>Est</span> <span class='ocrx_word' id='word_1_458' title='bbox 1546 3295 1639 3343; x_wconf 88' lang='lat' dir='ltr'>eutem</span> <span class='ocrx_word' id='word_1_459' title='bbox 1653 3287 1704 3341; x_wconf 77' lang='lat' dir='ltr'>rie.</span> 
     </span>
     <span class='ocr_line' id='line_1_50' title="bbox 41 3362 1697 3456; baseline 0.005 -28"><span class='ocrx_word' id='word_1_460' title='bbox 41 3380 122 3439; x_wconf 90' lang='lat' dir='ltr'>runt;</span> <span class='ocrx_word' id='word_1_461' title='bbox 137 3371 165 3424; x_wconf 92' lang='lat' dir='ltr'>hi</span> <span class='ocrx_word' id='word_1_462' title='bbox 179 3365 365 3424; x_wconf 89' lang='lat' dir='ltr'>obedientiam</span> <span class='ocrx_word' id='word_1_463' title='bbox 378 3362 692 3419; x_wconf 87' lang='lat' dir='ltr'>sectantesdiiectiouem</span> <span class='ocrx_word' id='word_1_464' title='bbox 707 3363 836 3419; x_wconf 89' lang='lat' dir='ltr'>ostende·</span> <span class='ocrx_word' id='word_1_465' title='bbox 892 3366 955 3420; x_wconf 92' lang='lat' dir='ltr'>tntis</span> <span class='ocrx_word' id='word_1_466' title='bbox 968 3366 1134 3424; x_wconf 86' lang='lat' dir='ltr'>cinnamomi</span> <span class='ocrx_word' id='word_1_467' title='bbox 1148 3378 1176 3425; x_wconf 94' lang='lat' dir='ltr'>et</span> <span class='ocrx_word' id='word_1_468' title='bbox 1197 3371 1305 3439; x_wconf 87' lang='lat' dir='ltr'>similis,</span> <span class='ocrx_word' id='word_1_469' title='bbox 1334 3376 1388 3430; x_wconf 87' lang='lat' dir='ltr'>sed</span> <span class='ocrx_word' id='word_1_470' title='bbox 1404 3379 1559 3448; x_wconf 88' lang='lat' dir='ltr'>potientur</span> <span class='ocrx_word' id='word_1_471' title='bbox 1573 3384 1697 3456; x_wconf 91' lang='lat' dir='ltr'>imperio.</span> 
     </span>
     <span class='ocr_line' id='line_1_51' title="bbox 42 3451 1704 3535; baseline 0.005 -18"><span class='ocrx_word' id='word_1_472' title='bbox 42 3469 114 3516; x_wconf 90' lang='lat' dir='ltr'>runt.</span> <span class='ocrx_word' id='word_1_473' title='bbox 130 3459 200 3513; x_wconf 86' lang='lat' dir='ltr'>Tres</span> <span class='ocrx_word' id='word_1_474' title='bbox 211 3456 302 3526; x_wconf 88' lang='lat' dir='ltr'>itaquo</span> <span class='ocrx_word' id='word_1_475' title='bbox 316 3453 429 3507; x_wconf 87' lang='lat' dir='ltr'>virtutes</span> <span class='ocrx_word' id='word_1_476' title='bbox 443 3452 471 3506; x_wconf 91' lang='lat' dir='ltr'>iu</span> <span class='ocrx_word' id='word_1_477' title='bbox 485 3451 526 3506; x_wconf 86' lang='lat' dir='ltr'>eis</span> <span class='ocrx_word' id='word_1_478' title='bbox 540 3451 698 3521; x_wconf 87' lang='lat' dir='ltr'>specialiter</span> <span class='ocrx_word' id='word_1_479' title='bbox 709 3460 834 3524; x_wconf 87' lang='lat' dir='ltr'>regnaut,</span> <span class='ocrx_word' id='word_1_480' title='bbox 892 3452 990 3510; x_wconf 88' lang='lat' dir='ltr'>Oleum</span> <span class='ocrx_word' id='word_1_481' title='bbox 1003 3455 1136 3527; x_wconf 85' lang='lat' dir='ltr'>itaqueab</span> <span class='ocrx_word' id='word_1_482' title='bbox 1151 3457 1210 3514; x_wconf 87' lang='lat' dir='ltr'>olea</span> <span class='ocrx_word' id='word_1_483' title='bbox 1224 3461 1384 3518; x_wconf 89' lang='lat' dir='ltr'>nominatur</span> <span class='ocrx_word' id='word_1_484' title='bbox 1395 3480 1486 3535; x_wconf 87' lang='lat' dir='ltr'>;nam</span> <span class='ocrx_word' id='word_1_485' title='bbox 1505 3472 1572 3527; x_wconf 89' lang='lat' dir='ltr'>olea</span> <span class='ocrx_word' id='word_1_486' title='bbox 1581 3475 1704 3530; x_wconf 79' lang='lat' dir='ltr'>estsrbor</span> 
     </span>
    </p>
   </div>
   <div class='ocr_carea' id='block_1_14' title="bbox 36 3542 1702 4282">
    <p class='ocr_par' dir='ltr' id='par_1_14' title="bbox 36 3542 1702 4282">
     <span class='ocr_line' id='line_1_52' title="bbox 38 3542 1702 3625; baseline 0.001 -15"><span class='ocrx_word' id='word_1_487' title='bbox 38 3555 127 3610; x_wconf 90' lang='lat' dir='ltr'>tribus</span> <span class='ocrx_word' id='word_1_488' title='bbox 141 3550 275 3625; x_wconf 88' lang='lat' dir='ltr'>gradibus</span> <span class='ocrx_word' id='word_1_489' title='bbox 288 3547 427 3617; x_wconf 84' lang='lat' dir='ltr'>uirtutum,</span> <span class='ocrx_word' id='word_1_490' title='bbox 443 3547 575 3603; x_wconf 89' lang='lat' dir='ltr'>charitate</span> <span class='ocrx_word' id='word_1_491' title='bbox 591 3546 706 3612; x_wconf 89' lang='lat' dir='ltr'>scilicet,</span> <span class='ocrx_word' id='word_1_492' title='bbox 723 3548 836 3603; x_wconf 93' lang='lat' dir='ltr'>humili·</span> <span class='ocrx_word' id='word_1_493' title='bbox 891 3543 962 3598; x_wconf 78' lang='lat' dir='ltr'>unde</span> <span class='ocrx_word' id='word_1_494' title='bbox 977 3542 1116 3601; x_wconf 77' lang='lat' dir='ltr'>derivatur</span> <span class='ocrx_word' id='word_1_495' title='bbox 1131 3546 1236 3602; x_wconf 80' lang='lat' dir='ltr'>oleum.</span> <span class='ocrx_word' id='word_1_496' title='bbox 1254 3549 1308 3605; x_wconf 82' lang='lat' dir='ltr'>Sed</span> <span class='ocrx_word' id='word_1_497' title='bbox 1318 3553 1396 3624; x_wconf 86' lang='lat' dir='ltr'>quod</span> <span class='ocrx_word' id='word_1_498' title='bbox 1407 3570 1447 3610; x_wconf 85' lang='lat' dir='ltr'>ex</span> <span class='ocrx_word' id='word_1_499' title='bbox 1454 3557 1534 3616; x_wconf 79' lang='lat' dir='ltr'>albis</span> <span class='ocrx_word' id='word_1_500' title='bbox 1544 3562 1702 3619; x_wconf 64' lang='lat' dir='ltr'>eliminent</span> 
     </span>
     <span class='ocr_line' id='line_1_53' title="bbox 39 3642 1700 3722; baseline 0.004 -15"><span class='ocrx_word' id='word_1_501' title='bbox 39 3660 94 3707; x_wconf 89' lang='lat' dir='ltr'>tate</span> <span class='ocrx_word' id='word_1_502' title='bbox 109 3656 136 3703; x_wconf 90' lang='lat' dir='ltr'>et</span> <span class='ocrx_word' id='word_1_503' title='bbox 148 3644 313 3709; x_wconf 90' lang='lat' dir='ltr'>obedientia,</span> <span class='ocrx_word' id='word_1_504' title='bbox 335 3642 457 3699; x_wconf 87' lang='lat' dir='ltr'>coeiestia</span> <span class='ocrx_word' id='word_1_505' title='bbox 476 3643 684 3698; x_wconf 90' lang='lat' dir='ltr'>transcendunt.</span> <span class='ocrx_word' id='word_1_506' title='bbox 713 3645 836 3700; x_wconf 87' lang='lat' dir='ltr'>Charitas</span> <span class='ocrx_word' id='word_1_507' title='bbox 890 3655 1061 3711; x_wconf 80' lang='lat' dir='ltr'>expressum,</span> <span class='ocrx_word' id='word_1_508' title='bbox 1079 3652 1191 3698; x_wconf 85' lang='lat' dir='ltr'>vocatur</span> <span class='ocrx_word' id='word_1_509' title='bbox 1210 3660 1342 3716; x_wconf 78' lang='lat' dir='ltr'>spanumt</span> <span class='ocrx_word' id='word_1_510' title='bbox 1361 3652 1442 3722; x_wconf 84' lang='lat' dir='ltr'>quod</span> <span class='ocrx_word' id='word_1_511' title='bbox 1460 3665 1565 3714; x_wconf 86' lang='lat' dir='ltr'>autem</span> <span class='ocrx_word' id='word_1_512' title='bbox 1580 3677 1616 3715; x_wconf 82' lang='lat' dir='ltr'>ex</span> <span class='ocrx_word' id='word_1_513' title='bbox 1629 3660 1700 3716; x_wconf 77' lang='lat' dir='ltr'>iuliis</span> 
     </span>
     <span class='ocr_line' id='line_1_54' title="bbox 39 3731 1698 3824; baseline 0.01 -28"><span class='ocrx_word' id='word_1_514' title='bbox 39 3737 218 3797; x_wconf 90' lang='lat' dir='ltr'>iraternitatis</span> <span class='ocrx_word' id='word_1_515' title='bbox 232 3733 260 3788; x_wconf 92' lang='lat' dir='ltr'>in</span> <span class='ocrx_word' id='word_1_516' title='bbox 275 3731 476 3788; x_wconf 86' lang='lat' dir='ltr'>cohabitatione</span> <span class='ocrx_word' id='word_1_517' title='bbox 503 3731 664 3797; x_wconf 78' lang='lat' dir='ltr'>ostenditur,</span> <span class='ocrx_word' id='word_1_518' title='bbox 693 3732 836 3788; x_wconf 89' lang='lat' dir='ltr'>humilitas</span> <span class='ocrx_word' id='word_1_519' title='bbox 889 3737 968 3793; x_wconf 79' lang='lat' dir='ltr'>olivis</span> <span class='ocrx_word' id='word_1_520' title='bbox 983 3747 1009 3794; x_wconf 90' lang='lat' dir='ltr'>et</span> <span class='ocrx_word' id='word_1_521' title='bbox 1023 3741 1144 3796; x_wconf 91' lang='lat' dir='ltr'>nondum</span> <span class='ocrx_word' id='word_1_522' title='bbox 1169 3746 1282 3799; x_wconf 87' lang='lat' dir='ltr'>maturis</span> <span class='ocrx_word' id='word_1_523' title='bbox 1304 3744 1390 3802; x_wconf 86' lang='lat' dir='ltr'>luerit</span> <span class='ocrx_word' id='word_1_524' title='bbox 1415 3766 1606 3824; x_wconf 82' lang='lat' dir='ltr'>expressum,</span> <span class='ocrx_word' id='word_1_525' title='bbox 1621 3757 1698 3814; x_wconf 79' lang='lat' dir='ltr'>uiride</span> 
     </span>
     <span class='ocr_line' id='line_1_55' title="bbox 37 3820 1696 3903; baseline 0.009 -18"><span class='ocrx_word' id='word_1_526' title='bbox 37 3831 65 3885; x_wconf 90' lang='lat' dir='ltr'>in</span> <span class='ocrx_word' id='word_1_527' title='bbox 79 3828 183 3883; x_wconf 87' lang='lat' dir='ltr'>vilitate</span> <span class='ocrx_word' id='word_1_528' title='bbox 199 3820 351 3880; x_wconf 88' lang='lat' dir='ltr'>vestimenti</span> <span class='ocrx_word' id='word_1_529' title='bbox 367 3828 604 3891; x_wconf 79' lang='lat' dir='ltr'>praemonstratur,</span> <span class='ocrx_word' id='word_1_530' title='bbox 623 3820 779 3877; x_wconf 90' lang='lat' dir='ltr'>obedientia</span> <span class='ocrx_word' id='word_1_531' title='bbox 806 3823 834 3878; x_wconf 92' lang='lat' dir='ltr'>in</span> <span class='ocrx_word' id='word_1_532' title='bbox 888 3827 1059 3900; x_wconf 86' lang='lat' dir='ltr'>appellatur;</span> <span class='ocrx_word' id='word_1_533' title='bbox 1076 3831 1148 3902; x_wconf 83' lang='lat' dir='ltr'>quod</span> <span class='ocrx_word' id='word_1_534' title='bbox 1163 3847 1228 3888; x_wconf 82' lang='lat' dir='ltr'>uero</span> <span class='ocrx_word' id='word_1_535' title='bbox 1247 3848 1284 3888; x_wconf 85' lang='lat' dir='ltr'>ex</span> <span class='ocrx_word' id='word_1_536' title='bbox 1296 3834 1416 3892; x_wconf 90' lang='lat' dir='ltr'>nimium</span> <span class='ocrx_word' id='word_1_537' title='bbox 1432 3845 1563 3901; x_wconf 87' lang='lat' dir='ltr'>maturis</span> <span class='ocrx_word' id='word_1_538' title='bbox 1578 3862 1696 3903; x_wconf 85' lang='lat' dir='ltr'>commu·</span> 
     </span>
     <span class='ocr_line' id='line_1_56' title="bbox 37 3916 1693 4006; baseline 0.005 -23"><span class='ocrx_word' id='word_1_539' title='bbox 37 3925 132 3983; x_wconf 91' lang='lat' dir='ltr'>libenti</span> <span class='ocrx_word' id='word_1_540' title='bbox 148 3922 291 3990; x_wconf 89' lang='lat' dir='ltr'>servitute,</span> <span class='ocrx_word' id='word_1_541' title='bbox 308 3919 373 3974; x_wconf 91' lang='lat' dir='ltr'>dum</span> <span class='ocrx_word' id='word_1_542' title='bbox 388 3925 486 3989; x_wconf 89' lang='lat' dir='ltr'>parent</span> <span class='ocrx_word' id='word_1_543' title='bbox 501 3918 632 3973; x_wconf 90' lang='lat' dir='ltr'>voluntati</span> <span class='ocrx_word' id='word_1_544' title='bbox 653 3917 767 3974; x_wconf 89' lang='lat' dir='ltr'>iratrum</span> <span class='ocrx_word' id='word_1_545' title='bbox 782 3920 832 3975; x_wconf 89' lang='lat' dir='ltr'>de·</span> <span class='ocrx_word' id='word_1_546' title='bbox 887 3931 922 3971; x_wconf 90' lang='lat' dir='ltr'>ne</span> <span class='ocrx_word' id='word_1_547' title='bbox 937 3916 1044 3972; x_wconf 88' lang='lat' dir='ltr'>dicitur.</span> <span class='ocrx_word' id='word_1_548' title='bbox 1060 3920 1101 3973; x_wconf 82' lang='lat' dir='ltr'>Ex</span> <span class='ocrx_word' id='word_1_549' title='bbox 1129 3921 1173 3974; x_wconf 90' lang='lat' dir='ltr'>bis</span> <span class='ocrx_word' id='word_1_550' title='bbox 1187 3921 1223 3975; x_wconf 90' lang='lat' dir='ltr'>ad</span> <span class='ocrx_word' id='word_1_551' title='bbox 1238 3938 1318 3977; x_wconf 91' lang='lat' dir='ltr'>usum</span> <span class='ocrx_word' id='word_1_552' title='bbox 1342 3925 1408 3981; x_wconf 77' lang='lat' dir='ltr'>vite</span> <span class='ocrx_word' id='word_1_553' title='bbox 1425 3930 1558 3999; x_wconf 91' lang='lat' dir='ltr'>primum</span> <span class='ocrx_word' id='word_1_554' title='bbox 1583 3944 1628 3991; x_wconf 88' lang='lat' dir='ltr'>est</span> <span class='ocrx_word' id='word_1_555' title='bbox 1640 3951 1693 4006; x_wconf 83' lang='lat' dir='ltr'>spa-</span> 
     </span>
     <span class='ocr_line' id='line_1_57' title="bbox 37 4006 1690 4088; baseline 0.007 -15"><span class='ocrx_word' id='word_1_556' title='bbox 37 4018 169 4075; x_wconf 87' lang='lat' dir='ltr'>ciaretur.</span> <span class='ocrx_word' id='word_1_557' title='bbox 192 4012 238 4066; x_wconf 87' lang='lat' dir='ltr'>ilis</span> <span class='ocrx_word' id='word_1_558' title='bbox 248 4008 366 4065; x_wconf 86' lang='lat' dir='ltr'>diversis</span> <span class='ocrx_word' id='word_1_559' title='bbox 381 4007 514 4078; x_wconf 86' lang='lat' dir='ltr'>gradibus</span> <span class='ocrx_word' id='word_1_560' title='bbox 542 4006 669 4062; x_wconf 81' lang='lat' dir='ltr'>uirtutum</span> <span class='ocrx_word' id='word_1_561' title='bbox 685 4007 712 4061; x_wconf 92' lang='lat' dir='ltr'>in</span> <span class='ocrx_word' id='word_1_562' title='bbox 735 4009 834 4064; x_wconf 90' lang='lat' dir='ltr'>actuali</span> <span class='ocrx_word' id='word_1_563' title='bbox 886 4027 962 4079; x_wconf 88' lang='lat' dir='ltr'>num,</span> <span class='ocrx_word' id='word_1_564' title='bbox 978 4014 1127 4070; x_wconf 91' lang='lat' dir='ltr'>secundum</span> <span class='ocrx_word' id='word_1_565' title='bbox 1143 4016 1240 4085; x_wconf 79' lang='lat' dir='ltr'>uiride,</span> <span class='ocrx_word' id='word_1_566' title='bbox 1254 4018 1364 4075; x_wconf 89' lang='lat' dir='ltr'>tertium</span> <span class='ocrx_word' id='word_1_567' title='bbox 1380 4038 1557 4086; x_wconf 88' lang='lat' dir='ltr'>commune.</span> <span class='ocrx_word' id='word_1_568' title='bbox 1576 4030 1643 4088; x_wconf 92' lang='lat' dir='ltr'>lllud</span> <span class='ocrx_word' id='word_1_569' title='bbox 1653 4048 1690 4087; x_wconf 87' lang='lat' dir='ltr'>au·</span> 
     </span>
     <span class='ocr_line' id='line_1_58' title="bbox 36 4095 1685 4192; baseline 0.008 -29"><span class='ocrx_word' id='word_1_570' title='bbox 36 4117 64 4164; x_wconf 89' lang='lat' dir='ltr'>et</span> <span class='ocrx_word' id='word_1_571' title='bbox 77 4108 104 4161; x_wconf 92' lang='lat' dir='ltr'>in</span> <span class='ocrx_word' id='word_1_572' title='bbox 119 4097 331 4170; x_wconf 72' lang='lat' dir='ltr'>contemplativa</span> <span class='ocrx_word' id='word_1_573' title='bbox 346 4103 506 4168; x_wconf 89' lang='lat' dir='ltr'>penetratur</span> <span class='ocrx_word' id='word_1_574' title='bbox 521 4095 628 4153; x_wconf 88' lang='lat' dir='ltr'>coeium.</span> <span class='ocrx_word' id='word_1_575' title='bbox 646 4097 747 4170; x_wconf 71' lang='lat' dir='ltr'>augeli</span> <span class='ocrx_word' id='word_1_576' title='bbox 761 4113 831 4170; x_wconf 91' lang='lat' dir='ltr'>quo·</span> <span class='ocrx_word' id='word_1_577' title='bbox 885 4107 940 4157; x_wconf 90' lang='lat' dir='ltr'>tem</span> <span class='ocrx_word' id='word_1_578' title='bbox 954 4101 1055 4170; x_wconf 91' lang='lat' dir='ltr'>oleum,</span> <span class='ocrx_word' id='word_1_579' title='bbox 1066 4104 1140 4176; x_wconf 93' lang='lat' dir='ltr'>quod</span> <span class='ocrx_word' id='word_1_580' title='bbox 1153 4105 1236 4161; x_wconf 82' lang='lat' dir='ltr'>nnliae</span> <span class='ocrx_word' id='word_1_581' title='bbox 1251 4108 1290 4163; x_wconf 90' lang='lat' dir='ltr'>rai</span> <span class='ocrx_word' id='word_1_582' title='bbox 1303 4108 1387 4166; x_wconf 86' lang='lat' dir='ltr'>inerit</span> <span class='ocrx_word' id='word_1_583' title='bbox 1411 4114 1587 4189; x_wconf 89' lang='lat' dir='ltr'>admistum,</span> <span class='ocrx_word' id='word_1_584' title='bbox 1607 4135 1685 4192; x_wconf 78' lang='lat' dir='ltr'>purum</span> 
     </span>
     <span class='ocr_line' id='line_1_59' title="bbox 37 4189 1686 4282; baseline 0.005 -25"><span class='ocrx_word' id='word_1_585' title='bbox 37 4221 99 4278; x_wconf 86' lang='lat' dir='ltr'>qne,</span> <span class='ocrx_word' id='word_1_586' title='bbox 112 4216 180 4275; x_wconf 92' lang='lat' dir='ltr'>qnos</span> <span class='ocrx_word' id='word_1_587' title='bbox 195 4196 282 4254; x_wconf 82' lang='lat' dir='ltr'>iacob</span> <span class='ocrx_word' id='word_1_588' title='bbox 297 4195 404 4251; x_wconf 89' lang='lat' dir='ltr'>viderat</span> <span class='ocrx_word' id='word_1_589' title='bbox 428 4195 580 4251; x_wconf 87' lang='lat' dir='ltr'>ascendere</span> <span class='ocrx_word' id='word_1_590' title='bbox 607 4202 635 4251; x_wconf 90' lang='lat' dir='ltr'>et</span> <span class='ocrx_word' id='word_1_591' title='bbox 648 4195 828 4267; x_wconf 90' lang='lat' dir='ltr'>descendere,</span> <span class='ocrx_word' id='word_1_592' title='bbox 883 4189 993 4247; x_wconf 89' lang='lat' dir='ltr'>dieitur.</span> <span class='ocrx_word' id='word_1_593' title='bbox 1009 4192 1066 4248; x_wconf 84' lang='lat' dir='ltr'>Hoc</span> <span class='ocrx_word' id='word_1_594' title='bbox 1077 4192 1177 4265; x_wconf 87' lang='lat' dir='ltr'>quippe</span> <span class='ocrx_word' id='word_1_595' title='bbox 1192 4203 1333 4267; x_wconf 85' lang='lat' dir='ltr'>unguento</span> <span class='ocrx_word' id='word_1_596' title='bbox 1355 4199 1462 4258; x_wconf 88' lang='lat' dir='ltr'>harum</span> <span class='ocrx_word' id='word_1_597' title='bbox 1489 4209 1617 4282; x_wconf 85' lang='lat' dir='ltr'>quinque</span> <span class='ocrx_word' id='word_1_598' title='bbox 1634 4224 1686 4280; x_wconf 86' lang='lat' dir='ltr'>spe·</span> 
     </span>
    </p>
   </div>
   <div class='ocr_carea' id='block_1_15' title="bbox 36 4284 1687 4472">
    <p class='ocr_par' dir='ltr' id='par_1_15' title="bbox 36 4284 1687 4472">
     <span class='ocr_line' id='line_1_60' title="bbox 36 4284 1687 4375; baseline 0.007 -27"><span class='ocrx_word' id='word_1_599' title='bbox 36 4301 98 4348; x_wconf 92' lang='lat' dir='ltr'>sunt</span> <span class='ocrx_word' id='word_1_600' title='bbox 109 4289 307 4362; x_wconf 87' lang='lat' dir='ltr'>praedicatores</span> <span class='ocrx_word' id='word_1_601' title='bbox 322 4284 420 4351; x_wconf 88' lang='lat' dir='ltr'>sancti,</span> <span class='ocrx_word' id='word_1_602' title='bbox 443 4284 602 4339; x_wconf 89' lang='lat' dir='ltr'>nuntiantes</span> <span class='ocrx_word' id='word_1_603' title='bbox 620 4285 700 4341; x_wconf 89' lang='lat' dir='ltr'>uobis</span> <span class='ocrx_word' id='word_1_604' title='bbox 716 4286 830 4341; x_wconf 86' lang='lat' dir='ltr'>verbum</span> <span class='ocrx_word' id='word_1_605' title='bbox 883 4287 985 4343; x_wconf 84' lang='lat' dir='ltr'>ciorum</span> <span class='ocrx_word' id='word_1_606' title='bbox 1000 4304 1055 4360; x_wconf 87' lang='lat' dir='ltr'>quo</span> <span class='ocrx_word' id='word_1_607' title='bbox 1068 4290 1261 4365; x_wconf 91' lang='lat' dir='ltr'>inungebatur,</span> <span class='ocrx_word' id='word_1_608' title='bbox 1272 4302 1319 4349; x_wconf 89' lang='lat' dir='ltr'>aut</span> <span class='ocrx_word' id='word_1_609' title='bbox 1333 4299 1478 4357; x_wconf 87' lang='lat' dir='ltr'>sacerdos</span> <span class='ocrx_word' id='word_1_610' title='bbox 1494 4307 1544 4361; x_wconf 88' lang='lat' dir='ltr'>vel</span> <span class='ocrx_word' id='word_1_611' title='bbox 1560 4323 1619 4375; x_wconf 84' lang='lat' dir='ltr'>rea,</span> <span class='ocrx_word' id='word_1_612' title='bbox 1640 4306 1687 4361; x_wconf 79' lang='lat' dir='ltr'>sire</span> 
     </span>
     <span class='ocr_line' id='line_1_61' title="bbox 36 4372 1687 4472; baseline 0.006 -34"><span class='ocrx_word' id='word_1_613' title='bbox 36 4384 96 4438; x_wconf 82' lang='lat' dir='ltr'>Dei.</span> <span class='ocrx_word' id='word_1_614' title='bbox 112 4379 165 4448; x_wconf 84' lang='lat' dir='ltr'>Qui</span> <span class='ocrx_word' id='word_1_615' title='bbox 179 4377 304 4432; x_wconf 91' lang='lat' dir='ltr'>dicuutur</span> <span class='ocrx_word' id='word_1_616' title='bbox 314 4373 471 4440; x_wconf 87' lang='lat' dir='ltr'>ascendere,</span> <span class='ocrx_word' id='word_1_617' title='bbox 481 4373 546 4429; x_wconf 88' lang='lat' dir='ltr'>duur</span> <span class='ocrx_word' id='word_1_618' title='bbox 559 4372 827 4445; x_wconf 87' lang='lat' dir='ltr'>aliquandoaltiora;</span> <span class='ocrx_word' id='word_1_619' title='bbox 841 4411 869 4472; x_wconf 78' lang='lat' dir='ltr'>D</span> <span class='ocrx_word' id='word_1_620' title='bbox 883 4377 1017 4448; x_wconf 84' lang='lat' dir='ltr'>prophete</span> <span class='ocrx_word' id='word_1_621' title='bbox 1041 4376 1221 4436; x_wconf 88' lang='lat' dir='ltr'>efficiebatur.</span> <span class='ocrx_word' id='word_1_622' title='bbox 1253 4382 1294 4439; x_wconf 78' lang='lat' dir='ltr'>Ad</span> <span class='ocrx_word' id='word_1_623' title='bbox 1314 4390 1569 4449; x_wconf 84' lang='lat' dir='ltr'>consecrationem</span> <span class='ocrx_word' id='word_1_624' title='bbox 1593 4408 1687 4467; x_wconf 85' lang='lat' dir='ltr'>quoqne</span> 
     </span>
    </p>
   </div>
   <div class='ocr_carea' id='block_1_16' title="bbox 24 4465 1690 5771">
    <p class='ocr_par' dir='ltr' id='par_1_16' title="bbox 24 4465 1690 5771">
     <span class='ocr_line' id='line_1_62' title="bbox 32 4465 1686 4543; baseline 0.003 -11"><span class='ocrx_word' id='word_1_625' title='bbox 32 4475 201 4535; x_wconf 85' lang='lat' dir='ltr'>descendere</span> <span class='ocrx_word' id='word_1_626' title='bbox 211 4486 287 4536; x_wconf 86' lang='lat' dir='ltr'>voro,</span> <span class='ocrx_word' id='word_1_627' title='bbox 302 4486 363 4527; x_wconf 90' lang='lat' dir='ltr'>cnm</span> <span class='ocrx_word' id='word_1_628' title='bbox 378 4469 588 4541; x_wconf 73' lang='lat' dir='ltr'>praedicaverint</span> <span class='ocrx_word' id='word_1_629' title='bbox 597 4470 759 4528; x_wconf 88' lang='lat' dir='ltr'>humiliora:</span> <span class='ocrx_word' id='word_1_630' title='bbox 775 4473 827 4528; x_wconf 76' lang='lat' dir='ltr'>Al·</span> <span class='ocrx_word' id='word_1_631' title='bbox 883 4465 1060 4523; x_wconf 63' lang='lat' dir='ltr'>ecelesiastici</span> <span class='ocrx_word' id='word_1_632' title='bbox 1074 4468 1168 4524; x_wconf 70' lang='lat' dir='ltr'>tiberis</span> <span class='ocrx_word' id='word_1_633' title='bbox 1189 4470 1244 4527; x_wconf 83' lang='lat' dir='ltr'>duo</span> <span class='ocrx_word' id='word_1_634' title='bbox 1263 4471 1444 4543; x_wconf 65' lang='lat' dir='ltr'>adhibentur,</span> <span class='ocrx_word' id='word_1_635' title='bbox 1465 4481 1535 4537; x_wconf 85' lang='lat' dir='ltr'>thus</span> <span class='ocrx_word' id='word_1_636' title='bbox 1549 4492 1579 4539; x_wconf 93' lang='lat' dir='ltr'>et</span> <span class='ocrx_word' id='word_1_637' title='bbox 1595 4484 1686 4539; x_wconf 89' lang='lat' dir='ltr'>oleum.</span> 
     </span>
     <span class='ocr_line' id='line_1_63' title="bbox 36 4559 1688 4652; baseline 0.008 -29"><span class='ocrx_word' id='word_1_638' title='bbox 36 4569 106 4623; x_wconf 88' lang='lat' dir='ltr'>tiora</span> <span class='ocrx_word' id='word_1_639' title='bbox 122 4573 151 4620; x_wconf 89' lang='lat' dir='ltr'>ut</span> <span class='ocrx_word' id='word_1_640' title='bbox 168 4580 174 4616; x_wconf 76' lang='grc' dir='ltr'>ε</span> <span class='ocrx_word' id='word_1_641' title='bbox 194 4586 205 4609; x_wconf 74' lang='grc' dir='ltr'>ι</span> <span class='ocrx_word' id='word_1_642' title='bbox 223 4562 253 4615; x_wconf 93' lang='lat' dir='ltr'>ln</span> <span class='ocrx_word' id='word_1_643' title='bbox 268 4559 403 4631; x_wconf 83' lang='lat' dir='ltr'>principio</span> <span class='ocrx_word' id='word_1_644' title='bbox 421 4570 483 4613; x_wconf 89' lang='lat' dir='ltr'>erat</span> <span class='ocrx_word' id='word_1_645' title='bbox 501 4559 620 4615; x_wconf 86' lang='lat' dir='ltr'>Verbum</span> <span class='ocrx_word' id='word_1_646' title='bbox 640 4561 734 4630; x_wconf 79' lang='lat' dir='ltr'>(loen.</span> <span class='ocrx_word' id='word_1_647' title='bbox 754 4563 795 4631; x_wconf 87' lang='lat' dir='ltr'>t);</span> <span class='ocrx_word' id='word_1_648' title='bbox 813 4584 824 4611; x_wconf 82' lang='grc' dir='ltr'>ι</span> <span class='ocrx_word' id='word_1_649' title='bbox 881 4564 955 4619; x_wconf 88' lang='lat' dir='ltr'>Thus</span> <span class='ocrx_word' id='word_1_650' title='bbox 970 4574 1012 4621; x_wconf 90' lang='lat' dir='ltr'>est</span> <span class='ocrx_word' id='word_1_651' title='bbox 1024 4566 1106 4623; x_wconf 90' lang='lat' dir='ltr'>arbor</span> <span class='ocrx_word' id='word_1_652' title='bbox 1118 4569 1229 4625; x_wconf 74' lang='lat' dir='ltr'>Arabiae</span> <span class='ocrx_word' id='word_1_653' title='bbox 1246 4569 1382 4628; x_wconf 86' lang='lat' dir='ltr'>immensa</span> <span class='ocrx_word' id='word_1_654' title='bbox 1402 4584 1492 4649; x_wconf 87' lang='lat' dir='ltr'>atque</span> <span class='ocrx_word' id='word_1_655' title='bbox 1517 4596 1638 4652; x_wconf 81' lang='lat' dir='ltr'>ramosa,</span> <span class='ocrx_word' id='word_1_656' title='bbox 1651 4583 1688 4637; x_wconf 88' lang='lat' dir='ltr'>le·</span> 
     </span>
     <span class='ocr_line' id='line_1_64' title="bbox 30 4646 1688 4727; baseline 0.01 -15"><span class='ocrx_word' id='word_1_657' title='bbox 30 4655 193 4713; x_wconf 86' lang='lat' dir='ltr'>humiliora:</span> <span class='ocrx_word' id='word_1_658' title='bbox 209 4657 236 4705; x_wconf 92' lang='lat' dir='ltr'>ut</span> <span class='ocrx_word' id='word_1_659' title='bbox 252 4666 301 4703; x_wconf 93' lang='lat' dir='ltr'>nus</span> <span class='ocrx_word' id='word_1_660' title='bbox 317 4646 676 4719; x_wconf 73' lang='lat' dir='ltr'>predicamuscruciiisum.</span> <span class='ocrx_word' id='word_1_661' title='bbox 695 4651 827 4722; x_wconf 84' lang='lat' dir='ltr'>Lapidem</span> <span class='ocrx_word' id='word_1_662' title='bbox 879 4653 986 4709; x_wconf 90' lang='lat' dir='ltr'>nissimi</span> <span class='ocrx_word' id='word_1_663' title='bbox 1002 4655 1122 4724; x_wconf 87' lang='lat' dir='ltr'>corticis,</span> <span class='ocrx_word' id='word_1_664' title='bbox 1139 4673 1252 4715; x_wconf 79' lang='lat' dir='ltr'>sucorum</span> <span class='ocrx_word' id='word_1_665' title='bbox 1274 4663 1463 4720; x_wconf 87' lang='lat' dir='ltr'>aromaticum</span> <span class='ocrx_word' id='word_1_666' title='bbox 1479 4668 1617 4726; x_wconf 82' lang='lat' dir='ltr'>fundens.</span> <span class='ocrx_word' id='word_1_667' title='bbox 1632 4672 1688 4727; x_wconf 80' lang='lat' dir='ltr'>ileo</span> 
     </span>
     <span class='ocr_line' id='line_1_65' title="bbox 31 4741 1686 4831; baseline 0.007 -25"><span class='ocrx_word' id='word_1_668' title='bbox 31 4770 140 4828; x_wconf 87' lang='lat' dir='ltr'>quoque</span> <span class='ocrx_word' id='word_1_669' title='bbox 155 4764 237 4822; x_wconf 84' lang='lat' dir='ltr'>quem</span> <span class='ocrx_word' id='word_1_670' title='bbox 251 4747 333 4802; x_wconf 87' lang='lat' dir='ltr'>Jacob</span> <span class='ocrx_word' id='word_1_671' title='bbox 348 4745 489 4818; x_wconf 90' lang='lat' dir='ltr'>supposuit</span> <span class='ocrx_word' id='word_1_672' title='bbox 498 4747 581 4817; x_wconf 90' lang='lat' dir='ltr'>capiti</span> <span class='ocrx_word' id='word_1_673' title='bbox 593 4747 700 4802; x_wconf 87' lang='lat' dir='ltr'>vocavit</span> <span class='ocrx_word' id='word_1_674' title='bbox 714 4749 826 4804; x_wconf 91' lang='lat' dir='ltr'>domum</span> <span class='ocrx_word' id='word_1_675' title='bbox 878 4741 997 4814; x_wconf 79' lang='lat' dir='ltr'>denique</span> <span class='ocrx_word' id='word_1_676' title='bbox 1010 4743 1145 4801; x_wconf 83' lang='lat' dir='ltr'>conlectio</span> <span class='ocrx_word' id='word_1_677' title='bbox 1159 4754 1266 4816; x_wconf 85' lang='lat' dir='ltr'>sepiem</span> <span class='ocrx_word' id='word_1_678' title='bbox 1283 4749 1443 4820; x_wconf 87' lang='lat' dir='ltr'>specierum</span> <span class='ocrx_word' id='word_1_679' title='bbox 1467 4759 1639 4831; x_wconf 70' lang='lat' dir='ltr'>quaiaitaria</span> <span class='ocrx_word' id='word_1_680' title='bbox 1651 4761 1686 4816; x_wconf 90' lang='lat' dir='ltr'>in·</span> 
     </span>
     <span class='ocr_line' id='line_1_66' title="bbox 33 4830 1688 4930; baseline 0.011 -34"><span class='ocrx_word' id='word_1_681' title='bbox 33 4840 83 4898; x_wconf 88' lang='lat' dir='ltr'>Dei</span> <span class='ocrx_word' id='word_1_682' title='bbox 98 4846 125 4894; x_wconf 90' lang='lat' dir='ltr'>et</span> <span class='ocrx_word' id='word_1_683' title='bbox 139 4843 247 4907; x_wconf 85' lang='lat' dir='ltr'>portam</span> <span class='ocrx_word' id='word_1_684' title='bbox 254 4832 326 4887; x_wconf 79' lang='lat' dir='ltr'>cmii.</span> <span class='ocrx_word' id='word_1_685' title='bbox 338 4832 393 4886; x_wconf 89' lang='lat' dir='ltr'>iste</span> <span class='ocrx_word' id='word_1_686' title='bbox 407 4830 585 4901; x_wconf 82' lang='lat' dir='ltr'>lapsis,idest</span> <span class='ocrx_word' id='word_1_687' title='bbox 592 4831 716 4887; x_wconf 87' lang='lat' dir='ltr'>Christus</span> <span class='ocrx_word' id='word_1_688' title='bbox 726 4834 825 4889; x_wconf 88' lang='lat' dir='ltr'>domus</span> <span class='ocrx_word' id='word_1_689' title='bbox 879 4841 1081 4911; x_wconf 89' lang='lat' dir='ltr'>unguebantur,</span> <span class='ocrx_word' id='word_1_690' title='bbox 1102 4842 1267 4916; x_wconf 77' lang='lat' dir='ltr'>designabat</span> <span class='ocrx_word' id='word_1_691' title='bbox 1294 4845 1490 4909; x_wconf 80' lang='lat' dir='ltr'>laudationem</span> <span class='ocrx_word' id='word_1_692' title='bbox 1520 4859 1613 4914; x_wconf 87' lang='lat' dir='ltr'>saneti</span> <span class='ocrx_word' id='word_1_693' title='bbox 1630 4857 1688 4930; x_wconf 84' lang='lat' dir='ltr'>Spi-</span> 
     </span>
     <span class='ocr_line' id='line_1_67' title="bbox 30 4918 1688 5017; baseline 0.001 -30"><span class='ocrx_word' id='word_1_694' title='bbox 30 4930 81 4987; x_wconf 88' lang='lat' dir='ltr'>Dei</span> <span class='ocrx_word' id='word_1_695' title='bbox 95 4935 137 4985; x_wconf 91' lang='lat' dir='ltr'>est</span> <span class='ocrx_word' id='word_1_696' title='bbox 151 4930 276 4989; x_wconf 84' lang='lat' dir='ltr'>recatus,</span> <span class='ocrx_word' id='word_1_697' title='bbox 291 4922 355 4991; x_wconf 88' lang='lat' dir='ltr'>quia</span> <span class='ocrx_word' id='word_1_698' title='bbox 377 4920 437 4991; x_wconf 88' lang='lat' dir='ltr'>ipse</span> <span class='ocrx_word' id='word_1_699' title='bbox 464 4918 516 4975; x_wconf 89' lang='lat' dir='ltr'>init</span> <span class='ocrx_word' id='word_1_700' title='bbox 533 4921 693 4977; x_wconf 88' lang='lat' dir='ltr'>inhabitatio</span> <span class='ocrx_word' id='word_1_701' title='bbox 707 4922 824 4994; x_wconf 89' lang='lat' dir='ltr'>Spiritus</span> <span class='ocrx_word' id='word_1_702' title='bbox 883 4927 962 4995; x_wconf 88' lang='lat' dir='ltr'>ritus,</span> <span class='ocrx_word' id='word_1_703' title='bbox 978 4946 1032 5002; x_wconf 90' lang='lat' dir='ltr'>qua</span> <span class='ocrx_word' id='word_1_704' title='bbox 1046 4941 1194 5002; x_wconf 86' lang='lat' dir='ltr'>perunctus</span> <span class='ocrx_word' id='word_1_705' title='bbox 1208 4939 1250 4989; x_wconf 89' lang='lat' dir='ltr'>est</span> <span class='ocrx_word' id='word_1_706' title='bbox 1271 4934 1332 5007; x_wconf 89' lang='lat' dir='ltr'>ipse</span> <span class='ocrx_word' id='word_1_707' title='bbox 1355 4953 1417 4995; x_wconf 86' lang='lat' dir='ltr'>rex.</span> <span class='ocrx_word' id='word_1_708' title='bbox 1449 4941 1489 4998; x_wconf 83' lang='lat' dir='ltr'>Et</span> <span class='ocrx_word' id='word_1_709' title='bbox 1503 4962 1568 5017; x_wconf 75' lang='lat' dir='ltr'>quae</span> <span class='ocrx_word' id='word_1_710' title='bbox 1592 4947 1688 5004; x_wconf 66' lang='lat' dir='ltr'>esini.</span> 
     </span>
     <span class='ocr_line' id='line_1_68' title="bbox 32 5018 1689 5106; baseline 0.007 -21"><span class='ocrx_word' id='word_1_711' title='bbox 32 5027 127 5095; x_wconf 86' lang='lat' dir='ltr'>sanoti,</span> <span class='ocrx_word' id='word_1_712' title='bbox 156 5033 183 5080; x_wconf 90' lang='lat' dir='ltr'>et</span> <span class='ocrx_word' id='word_1_713' title='bbox 209 5022 237 5077; x_wconf 91' lang='lat' dir='ltr'>in</span> <span class='ocrx_word' id='word_1_714' title='bbox 265 5035 298 5076; x_wconf 89' lang='lat' dir='ltr'>eo</span> <span class='ocrx_word' id='word_1_715' title='bbox 327 5018 469 5091; x_wconf 92' lang='lat' dir='ltr'>plenitudo</span> <span class='ocrx_word' id='word_1_716' title='bbox 497 5018 645 5076; x_wconf 83' lang='lat' dir='ltr'>divinitatis</span> <span class='ocrx_word' id='word_1_717' title='bbox 674 5022 819 5080; x_wconf 86' lang='lat' dir='ltr'>habitavit.</span> <span class='ocrx_word' id='word_1_718' title='bbox 877 5023 977 5082; x_wconf 91' lang='lat' dir='ltr'>mirum</span> <span class='ocrx_word' id='word_1_719' title='bbox 992 5026 1084 5082; x_wconf 91' lang='lat' dir='ltr'>unctio</span> <span class='ocrx_word' id='word_1_720' title='bbox 1097 5027 1217 5099; x_wconf 90' lang='lat' dir='ltr'>Spiritus</span> <span class='ocrx_word' id='word_1_721' title='bbox 1228 5032 1475 5106; x_wconf 73' lang='lat' dir='ltr'>unoetSeptem</span> <span class='ocrx_word' id='word_1_722' title='bbox 1487 5041 1602 5100; x_wconf 85' lang='lat' dir='ltr'>scilieet</span> <span class='ocrx_word' id='word_1_723' title='bbox 1621 5044 1689 5100; x_wconf 82' lang='lat' dir='ltr'>dona</span> 
     </span>
     <span class='ocr_line' id='line_1_69' title="bbox 30 5115 1688 5200; baseline 0.005 -19"><span class='ocrx_word' id='word_1_724' title='bbox 30 5127 108 5181; x_wconf 88' lang='lat' dir='ltr'>ilunc</span> <span class='ocrx_word' id='word_1_725' title='bbox 123 5120 241 5192; x_wconf 88' lang='lat' dir='ltr'>lapidem</span> <span class='ocrx_word' id='word_1_726' title='bbox 256 5118 314 5172; x_wconf 90' lang='lat' dir='ltr'>sive</span> <span class='ocrx_word' id='word_1_727' title='bbox 328 5117 381 5172; x_wconf 90' lang='lat' dir='ltr'>boc</span> <span class='ocrx_word' id='word_1_728' title='bbox 405 5115 502 5181; x_wconf 87' lang='lat' dir='ltr'>altare,</span> <span class='ocrx_word' id='word_1_729' title='bbox 518 5116 546 5171; x_wconf 90' lang='lat' dir='ltr'>id</span> <span class='ocrx_word' id='word_1_730' title='bbox 561 5125 602 5171; x_wconf 91' lang='lat' dir='ltr'>est</span> <span class='ocrx_word' id='word_1_731' title='bbox 621 5118 757 5174; x_wconf 89' lang='lat' dir='ltr'>Christum</span> <span class='ocrx_word' id='word_1_732' title='bbox 776 5136 822 5176; x_wconf 88' lang='lat' dir='ltr'>re·</span> <span class='ocrx_word' id='word_1_733' title='bbox 875 5120 971 5193; x_wconf 89' lang='lat' dir='ltr'>ipsius.</span> <span class='ocrx_word' id='word_1_734' title='bbox 983 5122 1050 5192; x_wconf 77' lang='lat' dir='ltr'>Quae</span> <span class='ocrx_word' id='word_1_735' title='bbox 1060 5126 1222 5199; x_wconf 86' lang='lat' dir='ltr'>suutitaque</span> <span class='ocrx_word' id='word_1_736' title='bbox 1236 5126 1308 5185; x_wconf 86' lang='lat' dir='ltr'>dona</span> <span class='ocrx_word' id='word_1_737' title='bbox 1319 5128 1569 5200; x_wconf 76' lang='lat' dir='ltr'>Spiritussanetii</span> <span class='ocrx_word' id='word_1_738' title='bbox 1583 5140 1688 5197; x_wconf 81' lang='lat' dir='ltr'>Donum</span> 
     </span>
     <span class='ocr_line' id='line_1_70' title="bbox 29 5204 1686 5306; baseline -0.005 -40"><span class='ocrx_word' id='word_1_739' title='bbox 29 5213 212 5284; x_wconf 85' lang='lat' dir='ltr'>probauerunt</span> <span class='ocrx_word' id='word_1_740' title='bbox 225 5205 402 5270; x_wconf 85' lang='lat' dir='ltr'>aedificantes,</span> <span class='ocrx_word' id='word_1_741' title='bbox 430 5204 459 5259; x_wconf 93' lang='lat' dir='ltr'>id</span> <span class='ocrx_word' id='word_1_742' title='bbox 482 5213 525 5260; x_wconf 89' lang='lat' dir='ltr'>est</span> <span class='ocrx_word' id='word_1_743' title='bbox 551 5206 637 5263; x_wconf 83' lang='lat' dir='ltr'>Judaei</span> <span class='ocrx_word' id='word_1_744' title='bbox 661 5208 823 5266; x_wconf 88' lang='lat' dir='ltr'>traditiones</span> <span class='ocrx_word' id='word_1_745' title='bbox 876 5234 926 5275; x_wconf 61' lang='lat' dir='ltr'>neu</span> <span class='ocrx_word' id='word_1_746' title='bbox 940 5222 1031 5277; x_wconf 67' lang='lat' dir='ltr'>unctio</span> <span class='ocrx_word' id='word_1_747' title='bbox 1041 5222 1160 5293; x_wconf 59' lang='lat' dir='ltr'>spiritu,</span> <span class='ocrx_word' id='word_1_748' title='bbox 1176 5225 1265 5280; x_wconf 58' lang='lat' dir='ltr'>meu·</span> <span class='ocrx_word' id='word_1_749' title='bbox 1280 5230 1324 5281; x_wconf 54' lang='lat' dir='ltr'>„g</span> <span class='ocrx_word' id='word_1_750' title='bbox 1337 5226 1430 5296; x_wconf 49' lang='lat' dir='ltr'><strong>timor,</strong></span> <span class='ocrx_word' id='word_1_751' title='bbox 1443 5232 1552 5306; x_wconf 45' lang='lat' dir='ltr'>piem.</span> <span class='ocrx_word' id='word_1_752' title='bbox 1562 5239 1686 5306; x_wconf 51' lang='lat' dir='ltr'>mem</span> 
     </span>
     <span class='ocr_line' id='line_1_71' title="bbox 29 5304 1689 5399; baseline 0.009 -33"><span class='ocrx_word' id='word_1_753' title='bbox 29 5313 139 5366; x_wconf 84' lang='lat' dir='ltr'>Petrum</span> <span class='ocrx_word' id='word_1_754' title='bbox 154 5315 313 5378; x_wconf 84' lang='lat' dir='ltr'>sequentes.</span> <span class='ocrx_word' id='word_1_755' title='bbox 345 5304 475 5359; x_wconf 90' lang='lat' dir='ltr'>iiomines</span> <span class='ocrx_word' id='word_1_756' title='bbox 503 5320 610 5359; x_wconf 89' lang='lat' dir='ltr'>murum</span> <span class='ocrx_word' id='word_1_757' title='bbox 625 5311 720 5362; x_wconf 91' lang='lat' dir='ltr'>contra</span> <span class='ocrx_word' id='word_1_758' title='bbox 734 5309 820 5364; x_wconf 88' lang='lat' dir='ltr'>Deum</span> <span class='ocrx_word' id='word_1_759' title='bbox 875 5307 1015 5380; x_wconf 89' lang='lat' dir='ltr'>iortitudo,</span> <span class='ocrx_word' id='word_1_760' title='bbox 1026 5311 1180 5379; x_wconf 91' lang='lat' dir='ltr'>consilium,</span> <span class='ocrx_word' id='word_1_761' title='bbox 1203 5313 1367 5384; x_wconf 86' lang='lat' dir='ltr'>intellectus,</span> <span class='ocrx_word' id='word_1_762' title='bbox 1378 5319 1524 5391; x_wconf 86' lang='lat' dir='ltr'>sapientia</span> <span class='ocrx_word' id='word_1_763' title='bbox 1544 5326 1620 5398; x_wconf 78' lang='lat' dir='ltr'>(Iso.</span> <span class='ocrx_word' id='word_1_764' title='bbox 1643 5334 1689 5399; x_wconf 77' lang='grc' dir='ltr'>ιι).</span> 
     </span>
     <span class='ocr_line' id='line_1_72' title="bbox 27 5392 1690 5485; baseline 0.013 -36"><span class='ocrx_word' id='word_1_765' title='bbox 27 5397 146 5473; x_wconf 73' lang='lat' dir='ltr'>peccatis</span> <span class='ocrx_word' id='word_1_766' title='bbox 158 5395 291 5451; x_wconf 68' lang='lat' dir='ltr'>aedificare</span> <span class='ocrx_word' id='word_1_767' title='bbox 305 5402 445 5462; x_wconf 74' lang='lat' dir='ltr'>ceperunt</span> <span class='ocrx_word' id='word_1_768' title='bbox 461 5392 541 5462; x_wconf 84' lang='lat' dir='ltr'>Cujus</span> <span class='ocrx_word' id='word_1_769' title='bbox 553 5392 727 5451; x_wconf 77' lang='lat' dir='ltr'>fundamenta</span> <span class='ocrx_word' id='word_1_770' title='bbox 740 5399 820 5468; x_wconf 90' lang='lat' dir='ltr'>primi</span> <span class='ocrx_word' id='word_1_771' title='bbox 874 5404 934 5475; x_wconf 84' lang='lat' dir='ltr'>Qua</span> <span class='ocrx_word' id='word_1_772' title='bbox 948 5407 1071 5477; x_wconf 85' lang='lat' dir='ltr'>proiecto</span> <span class='ocrx_word' id='word_1_773' title='bbox 1082 5412 1213 5466; x_wconf 90' lang='lat' dir='ltr'>unctione</span> <span class='ocrx_word' id='word_1_774' title='bbox 1227 5412 1279 5470; x_wconf 86' lang='lat' dir='ltr'>boe</span> <span class='ocrx_word' id='word_1_775' title='bbox 1297 5412 1399 5485; x_wconf 80' lang='lat' dir='ltr'>altere,</span> <span class='ocrx_word' id='word_1_776' title='bbox 1413 5417 1485 5477; x_wconf 81' lang='lat' dir='ltr'>ideo</span> <span class='ocrx_word' id='word_1_777' title='bbox 1505 5424 1641 5482; x_wconf 56' lang='lat' dir='ltr'>christus</span> <span class='ocrx_word' id='word_1_778' title='bbox 1652 5434 1690 5482; x_wconf 63' lang='grc' dir='ltr'>ω</span> 
     </span>
     <span class='ocr_line' id='line_1_73' title="bbox 25 5482 1689 5580; baseline 0.001 -37"><span class='ocrx_word' id='word_1_779' title='bbox 25 5492 154 5562; x_wconf 85' lang='lat' dir='ltr'>parentes</span> <span class='ocrx_word' id='word_1_780' title='bbox 167 5498 214 5551; x_wconf 88' lang='lat' dir='ltr'>per</span> <span class='ocrx_word' id='word_1_781' title='bbox 241 5482 455 5538; x_wconf 88' lang='lat' dir='ltr'>inobedientiam</span> <span class='ocrx_word' id='word_1_782' title='bbox 479 5491 642 5553; x_wconf 88' lang='lat' dir='ltr'>posueruut,</span> <span class='ocrx_word' id='word_1_783' title='bbox 670 5486 722 5540; x_wconf 87' lang='lat' dir='ltr'>sed</span> <span class='ocrx_word' id='word_1_784' title='bbox 736 5503 820 5558; x_wconf 91' lang='lat' dir='ltr'>super</span> <span class='ocrx_word' id='word_1_785' title='bbox 873 5504 1031 5565; x_wconf 66' lang='lat' dir='ltr'>perunctus,</span> <span class='ocrx_word' id='word_1_786' title='bbox 1043 5497 1116 5553; x_wconf 70' lang='lat' dir='ltr'>unde</span> <span class='ocrx_word' id='word_1_787' title='bbox 1129 5501 1258 5556; x_wconf 62' lang='lat' dir='ltr'>sacerdos</span> <span class='ocrx_word' id='word_1_788' title='bbox 1285 5518 1335 5559; x_wconf 65' lang='lat' dir='ltr'>m</span> <span class='ocrx_word' id='word_1_789' title='bbox 1349 5510 1379 5559; x_wconf 57' lang='grc' dir='ltr'>οι</span> <span class='ocrx_word' id='word_1_790' title='bbox 1400 5510 1549 5580; x_wconf 49' lang='grc' dir='ltr'>ρωρικω</span> <span class='ocrx_word' id='word_1_791' title='bbox 1562 5523 1609 5570; x_wconf 60' lang='lat'>,332</span> <span class='ocrx_word' id='word_1_792' title='bbox 1623 5514 1689 5572; x_wconf 51' lang='lat' dir='ltr'>effe,</span> 
     </span>
     <span class='ocr_line' id='line_1_74' title="bbox 25 5578 1688 5686; baseline 0.018 -50"><span class='ocrx_word' id='word_1_793' title='bbox 25 5586 79 5643; x_wconf 88' lang='lat' dir='ltr'>hoe</span> <span class='ocrx_word' id='word_1_794' title='bbox 110 5578 312 5636; x_wconf 74' lang='lat' dir='ltr'>fundamentum</span> <span class='ocrx_word' id='word_1_795' title='bbox 337 5579 440 5649; x_wconf 90' lang='lat' dir='ltr'>posteri</span> <span class='ocrx_word' id='word_1_796' title='bbox 469 5594 562 5635; x_wconf 89' lang='lat' dir='ltr'>eorum</span> <span class='ocrx_word' id='word_1_797' title='bbox 588 5580 673 5636; x_wconf 90' lang='lat' dir='ltr'>muita</span> <span class='ocrx_word' id='word_1_798' title='bbox 704 5583 819 5640; x_wconf 87' lang='lat' dir='ltr'>crimina</span> <span class='ocrx_word' id='word_1_799' title='bbox 872 5600 932 5648; x_wconf 79' lang='lat' dir='ltr'>otim</span> <span class='ocrx_word' id='word_1_800' title='bbox 947 5595 1108 5667; x_wconf 63' lang='lat' dir='ltr'>:Propheta</span> <span class='ocrx_word' id='word_1_801' title='bbox 1133 5597 1213 5666; x_wconf 81' lang='lat' dir='ltr'>juxta</span> <span class='ocrx_word' id='word_1_802' title='bbox 1232 5598 1300 5655; x_wconf 89' lang='lat' dir='ltr'>illud</span> <span class='ocrx_word' id='word_1_803' title='bbox 1320 5600 1507 5665; x_wconf 69' lang='lat' dir='ltr'>sontum:</span> <span class='ocrx_word' id='word_1_804' title='bbox 1526 5634 1540 5659; x_wconf 81' lang='grc' dir='ltr'>ι</span> <span class='ocrx_word' id='word_1_805' title='bbox 1563 5613 1688 5686; x_wconf 80' lang='lat' dir='ltr'>Prophe·</span> 
     </span>
     <span class='ocr_line' id='line_1_75' title="bbox 24 5668 1686 5771; baseline 0 -37"><span class='ocrx_word' id='word_1_806' title='bbox 24 5672 226 5738; x_wconf 82' lang='lat' dir='ltr'>exstruxerunt,</span> <span class='ocrx_word' id='word_1_807' title='bbox 242 5682 327 5738; x_wconf 90' lang='lat' dir='ltr'>seque</span> <span class='ocrx_word' id='word_1_808' title='bbox 339 5668 391 5722; x_wconf 93' lang='lat' dir='ltr'>hoc</span> <span class='ocrx_word' id='word_1_809' title='bbox 408 5684 486 5723; x_wconf 91' lang='lat' dir='ltr'>muro</span> <span class='ocrx_word' id='word_1_810' title='bbox 501 5669 589 5725; x_wconf 86' lang='lat' dir='ltr'>aDeo</span> <span class='ocrx_word' id='word_1_811' title='bbox 611 5676 639 5726; x_wconf 89' lang='lat' dir='ltr'>et</span> <span class='ocrx_word' id='word_1_812' title='bbox 661 5671 696 5727; x_wconf 92' lang='lat' dir='ltr'>ab</span> <span class='ocrx_word' id='word_1_813' title='bbox 709 5674 816 5745; x_wconf 87' lang='lat' dir='ltr'>angelis</span> <span class='ocrx_word' id='word_1_814' title='bbox 871 5687 928 5739; x_wconf 75' lang='lat' dir='ltr'>tem</span> <span class='ocrx_word' id='word_1_815' title='bbox 942 5684 1086 5740; x_wconf 61' lang='lat' dir='ltr'>suenonis</span> <span class='ocrx_word' id='word_1_816' title='bbox 1106 5686 1181 5743; x_wconf 58' lang='lat' dir='ltr'>neue</span> <span class='ocrx_word' id='word_1_817' title='bbox 1195 5687 1296 5757; x_wconf 60' lang='lat'>7013133</span> <span class='ocrx_word' id='word_1_818' title='bbox 1321 5688 1403 5749; x_wconf 64' lang='lat' dir='ltr'>gum</span> <span class='ocrx_word' id='word_1_819' title='bbox 1427 5699 1568 5771; x_wconf 56' lang='lat' dir='ltr'>mm</span> <span class='ocrx_word' id='word_1_820' title='bbox 1581 5716 1631 5761; x_wconf 64' lang='lat' dir='ltr'>m</span> <span class='ocrx_word' id='word_1_821' title='bbox 1642 5716 1686 5759; x_wconf 50' lang='lat' dir='ltr'>a,</span> 
     </span>
    </p>
   </div>
   <div class='ocr_carea' id='block_1_17' title="bbox 0 0 1894 6038">
    <p class='ocr_par' dir='ltr' id='par_1_17' title="bbox 0 0 1894 6038">
     <span class='ocr_line' id='line_1_76' title="bbox 0 0 1894 6038; baseline 0 13"><span class='ocrx_word' id='word_1_822' title='bbox 0 0 1894 6038; x_wconf 95' lang='lat' dir='ltr'> </span> 
     </span>
    </p>
   </div>
  </div>
 </body>
</html>
