3780 6038
118 188 172 249 608

580 194 683 252 estat
702 193 877 252 ALPHONSl
895 198 946 257 EX
963 201 1085 259 tubae
1105 198 1305 259 ClllilSTthl

1718 201 1772 260 604

120 315 179 387 ipsa
206 314 387 371 ascendebant
413 315 559 387 adoranda,
591 317 625 374 ad
653 319 765 374 hlartem
807 320 917 390 quidem
930 320 959 386 Α
972 336 1070 398 cogere
1096 325 1215 396 aliquem
1242 324 1362 395 credero,
1386 326 1434 384 sad
1460 326 1517 400 ipsa
1544 329 1598 386 hoc
1627 326 1777 400 eupidiuta

120 403 322 476 quandosolin
337 402 454 473 primum
470 406 585 477 gmdum
614 406 704 462 arietis
733 408 822 477 intrat,
853 409 917 479 quia

120 493 189 548 aries
203 495 289 548 honor
302 500 342 547 est
356 493 456 549 ltartis.
472 497 503 550 la
531 495 609 565 cujus
638 496 811 562 discessione,
840 506 919 570 prout

119 596 178 637 mos
191 588 257 648 erat,
273 579 376 652 lapides
401 581 580 652 jaciebantur.
605 585 645 639 hd
672 585 816 640 Saturnum
845 602 920 655 vero,

119 668 226 740 quando
240 669 280 726 sol
299 669 452 740 inprimum
464 671 578 743 gradum
597 673 673 728 librae
688 673 778 741 intrat,
795 673 858 744 quia
882 674 919 729 li-

120 757 169 813 bra
182 760 268 814 honor
282 765 321 813 εει
335 759 452 815 Saturni.
469 759 549 830 Quod
563 760 752 817 thurificabant
774 763 839 817 nulli
863 771 922 819 ton·

120 847 208 917 sisque
222 846 364 917 capitibus,
381 849 505 919 usquein
521 849 681 905 hodiernum
696 851 759 906 dien
781 851 809 905 in
834 850 920 917 lndia,

120 938 149 985 ut
174 930 241 996 dixi,
265 931 424 988 celebratur.
455 933 556 989 Arabes
583 949 648 991 aero
678 950 740 990 cum
768 938 854 991 hanon
895 944 922 991 et

119 1019 200 1074 bloab
227 1019 299 1075 idola
326 1021 489 1079 aelorubant.
521 1024 710 1079 llahomethus
737 1031 827 1080 autem
859 1032 922 1096 post

120 1106 231 1179 longum
247 1115 353 1180 tempus
375 1110 497 1178 veniens,
528 1111 668 1181 pristinam
697 1112 918 1168 consuetudinem

119 1196 240 1269 nequivit
254 1196 370 1262 auferre,
386 1197 434 1253 sed
449 1198 524 1269 quasi
539 1199 741 1271 quodammodo
763 1217 837 1256 more
860 1217 920 1257 mn·

975 413 1104 486 praeoepit
1117 414 1248 486 pecuniae,
1264 423 1291 471 et
1307 423 1337 470 ιιι
1363 415 1489 473 inimicos
1515 433 1580 475 suos
1609 417 1772 475 destuleret.

975 502 1033 559 lloc
1047 510 1137 558 auteur
1151 503 1263 559 utnosti
1291 520 1345 560 non
1373 504 1454 561 debet
1480 504 1550 575 lieri,
1579 506 1636 560 imo
1665 506 1687 561 si
1717 506 1778 577 quis

975 591 1092 661 aliquem
1108 600 1263 648 cont'ertera
1277 593 1352 662 velit,
1377 610 1432 650 non
1459 611 1509 667 per
1531 594 1701 663 uiolentiam,
1729 596 1777 650 scd

975 679 1120 753 diligenter
1133 687 1160 737 et
1174 681 1288 737 dulciter
1306 683 1357 738 hoe
1386 682 1474 740 lacere
1502 682 1593 751 debet,
1622 683 1693 739 sicut
1720 682 1777 754 ipsa

975 769 1129 825 hlalrometh
1144 770 1173 825 in
1200 787 1248 827 suo
1278 778 1388 827 testatur
1414 772 1557 841 hlcorano,
1584 771 1636 827 sub
1663 787 1779 844 pasena

976 857 1086 914 Domini
1100 859 1137 914 itn
1165 858 1283 932 idipsum
1311 860 1447 916 dicentis:
1478 860 1507 917 Si
1536 861 1618 918 vellet
1645 860 1779 917 Dominus

975 946 1048 1001 Deus
1063 954 1133 1014 tuus,
1147 948 1228 1003 ιοιιιιε
1241 949 1332 1004 sarculi
1347 957 1444 1022 gentes
1457 949 1607 1006 crederent
1634 949 1690 1005 Cur
1711 964 1777 1022 ergo

974 1042 1004 1090 nt
1017 1035 1246 1110 credantcogis?
1274 1038 1337 1109 quia
1365 1036 1454 1094 nullus
1476 1037 1527 1094 nisi
1559 1038 1699 1095 voluntate
1727 1037 1776 1094 Dei

974 1124 1072 1180 credit.
1091 1125 1124 1180 Et
1138 1124 1165 1181 in
1180 1126 1234 1181 alio
1246 1127 1316 1192 loco,
1328 1125 1416 1194 robis,
1432 1127 1528 1197 inquit.
1537 1127 1667 1200 gentibus
1676 1125 1776 1184 verius

975 1212 1024 1268 Dei
1037 1212 1095 1282 jam
1106 1214 1189 1269 uenit.
1198 1214 1249 1284 Qui
1260 1214 1413 1284 crediderit,
1433 1232 1483 1287 pro
1501 1216 1647 1285 semetipso
1670 1215 1775 1283 locent,

122 1291 175 1340 tato
185 1284 388 1341 inconsutilibus
398 1287 560 1359 oegumeutis
570 1295 712 1360 coopertos
727 1287 839 1344 domurn
863 1289 920 1344 cir·
974 1301 1020 1372 qui
1035 1318 1100 1358 vero
1114 1303 1252 1369 erraverit,
1267 1319 1317 1373 ppo
1331 1304 1476 1374 semetipso
1489 1304 1591 1370 10qu
1606 1311 1633 1359 ει
1646 1320 1701 1377 08⁰
1723 1318 1777 1359 „011

121 1372 193 1428 ouiro
203 1373 334 1445 permisit.
346 1373 401 1430 Sed
411 1391 445 1429 ne
455 1374 593 1432 videretur
602 1375 833 1448 idollspl'aetllpel'e
842 1378 923 1433 sacri·
975 1406 1035 1445 sum
1049 1406 1130 1461 super
1143 1406 1193 1447 pos
1206 1389 1323 1462 bajulus,
1341 1392 1461 1463 Sequere
1479 1409 1553 1459 vel-0,
1572 1392 1658 1468 Deus,
1679 1390 1775 1463 inquit,

120 1459 211 1527 ficare.
227 1461 402 1518 Simulacrum
421 1465 529 1519 Sssllfflll
544 1465 693 1521 ⁰0⁰⁵ll¹¹¹ll
707 1465 734 1519 1¹¹
758 1466 869 1538 parieles
894 1466 922 1521 1¹¹
976 1478 1049 1549 quod
1057 1478 1191 1535 revelatur
1204 1480 1263 1550 tibi,
1284 1488 1310 1536 et
1323 1489 1450 1553 exspecta
1464 1481 1550 1538 donee
1563 1481 1637 1537 Deus
1659 1480 1775 1551 judicet,

121 1550 221 1622 angulo
235 1549 341 1617 domus,
354 1568 387 1606 ne
403 1551 493 1621 lanies,
506 1553 775 1625 appararet,dorsum
785 1570 850 1610 aero
865 1562 922 1609 tan-
975 1568 1021 1639 qui
1035 1584 1116 1640 super
1129 1584 1224 1624 0an
1233 1567 1320 1639 judex
1334 1576 1384 1626 εει,
1399 1572 1467 1625 pem
1491 1569 1520 1624 in
1543 1568 1651 1639 eodem,
1677 1569 1775 1626 nomi.

122 1645 177 1693 lunt
187 1639 303 1694 exterius
313 1646 354 1694 est
366 1640 492 1712 positum.
505 1642 623 1697 Alterum
644 1643 735 1699 Martis
743 1643 847 1698 scillcet
862 1642 923 1699 ido·
936 1674 964 1735 B
977 1672 1035 1727 nus7
1053 1656 1147 1727 inquit.
1159 1657 1231 1713 Deus
1245 1665 1305 1713 tuus
1321 1657 1371 1713 sul)
1385 1674 1439 1714 una
1449 1657 1510 1731 lege
1530 1666 1642 1715 011ssch
1656 1657 1679 1713 si
1695 1658 1778 1714 vellet

122 1727 177 1808 lum
192 1728 256 1798 quia
268 1729 401 1799 sculptum
415 1731 544 1802 undique,
559 1740 616 1788 erat
627 1731 720 1787 subtus
735 1739 869 1788 terramet
879 1733 921 1788 la·
975 1745 1033 1802 gine
1045 1745 1179 1803 dimin
1201 1753 1323 1818 9000201,
1344 1746 1434 1819 pingp
1454 1747 1518 1802 pem
1531 1747 1559 1802 qn
1569 1746 1624 1802 2110
1639 1746 1700 1803 1000
1715 1753 1776 1802 qm.

121 1815 918 1891 eidemsuperadummisithominibusverouuiedede
977 1850 1058 1906 quum
1072 1834 1123 1889 sini
1139 1835 1211 1890 nen
1226 1835 1442 1906 requiemnon,
1466 1835 1562 1907 aequa,
1592 1835 1723 1892 aeterua
1750 1834 1776 1889 a

121 1905 278 1961 randumibi
291 1906 763 1980 conueniunt,lapidesistnsosculari
775 1909 916 1981 pracepit,
977 1923 1038 1997 1230
1052 1923 1134 1979 deber
1147 1940 1215 1990 ωε,
1227 1923 1287 1994 jam
1302 1923 1400 1980 vesp„
1414 1932 1441 1979 01
1459 1923 1564 1995 jmqqg
1588 1931 1713 1997 appu-eq,
1732 1922 1776 1993 quq

122 1993 600 2068 ethumililssi⁵²⁰¹¹⁵i³ll¹¹<³⁰⁰l³l¹ibus
617 1997 687 2053 illle?
713 2014 791 2053 cmm
818 1998 923 2069 libid&
976 2011 1093 2069 voluerit
1103 2018 1199 2084 sponte
1208 2027 1257 2069 sua
1281 2012 1382 2069 credat.
1413 2015 1482 2068 ltem
1508 2012 1538 2067 in
1564 2012 1710 2079 hlonrano,
1730 2026 1778 2069 roa

122 2082 316 2154 ffllmt'flsslssre»
336 2083 382 2155 (tui
409 2085 580 2141 humiliimis*
609 2102 638 2141 ὅθ
666 2085 747 2142 ‘¹0⁶²
769 2086 917 2155 denudassl·
975 2100 1107 2157 increduli
1121 2116 1175 2157 non
1190 2100 1263 2172 quod
1277 2101 1426 2169 oratisoro,
1441 2116 1492 2157 nea
1509 2116 1589 2171 quam
1612 2115 1661 2157 oro
1684 2100 1777 2165 oraha

121 2170 194 2269 (iuml
208 2171 368 2245 eslslssffllm
383 2172 451 2245 ¹⁸ng
465 2173 593 2243 PfiSlissae·
619 2174 670 2229 [³³⁰
697 2190 774 2247 erqo,
803 2176 918 2246 M⁰l³⁰⁵t
976 2199 1003 2248 et
1017 2207 1098 2262 qnam
1112 2190 1231 2246 adoratis
1244 2189 1486 2259 nonadoro,mibi
1501 2189 1555 2257 lex,
1581 2197 1608 2245 et
1631 2188 1713 2245 vobis
1735 2188 1778 2244 lex

122 2260 548 2333 quss¹¹¹l⁰¹¹ll⁰¹1⁰l⁸¹⁸l³ffl⁰⁰lllb
564 2261 615 2317 ⁰5⁵1
633 2278 664 2318 0³
679 2279 733 2333 (1¹1a
747 2263 833 2318 (ΠΜ
977 2280 1092 2337 discms.
1113 2280 1146 2335 lit
1160 2279 1188 2335 in
1206 2279 1261 2335 alin
1287 2280 1347 2336 loco
1375 2280 1413 2335 ait
1428 2298 1434 2334 :
1463 2278 1527 2335 Non
1551 2277 1691 2334 damas
1717 2294 1778 2334 aaran

123 2474 254 2528 nusquam
269 2459 358 2529 reperi
372 2458 511 2531 scripturn,
527 2477 610 2516 unum
627 2467 717 2518 umen
730 2461 764 2517 de
787 2461 922 2533 lapidibus
977 2473 1044 2531 ergo
1058 2457 1183 2530 pendan,
1204 2458 1350 2529 captusne,
1380 2464 1407 2512 et
1433 2464 1529 2529 gentes
1555 2455 1582 2513 vi
1615 2470 1716 2529 cogare
1745 2454 1778 2511 ad

121 2546 254 2618 jaciendis
266 2548 331 2619 scio,
346 2548 410 2619 quia
424 2549 459 2604 ad
473 2548 648 2622 effugandum
662 2549 801 2607 ᾱιειιιοιιεε
815 2550 865 2607 ista
895 2566 925 2607 se
977 2546 1140 2604 credendum
1153 2546 1242 2617 jussit,
1256 2554 1284 2601 et
1297 2548 1356 2602 haro
1382 2546 1474 2601 omnia
1501 2544 1611 2600 semitas
1639 2544 1690 2600 Dei
1719 2559 1777 2600 assa

124 2635 330 2692 dicuntlanere.
350 2638 471 2694 inlibris
486 2638 592 2694 illorum
620 2639 749 2711 scriptum
773 2639 829 2697 ridi
858 2639 923 2710 quia
979 2636 1099 2693 latetur?
1112 2635 1162 2692 Die
1177 2635 1253 2703 mihi,
1269 2635 1485 2708 hopsoe,legem
1500 2649 1560 2705 qaae
1580 2648 1674 2689 secum
1701 2632 1781 2688 dissi·

125 2726 223 2781 Bnurar
236 2725 345 2796 quidam
360 2742 395 2781 ex
423 2726 515 2784 decem
543 2728 625 2784 sociis
650 2728 816 2784 blahomethi
844 2744 921 2784 moro

124 2814 202 2870 solito
216 2814 319 2886 lapidea
332 2814 490 2872 deosculans
505 2816 544 2873 sic
558 2833 670 2873 exorsus
683 2824 733 2873 est.
760 2817 853 2885 Vobis,
877 2818 922 2872 in-

126 2902 193 2973 quit,
208 2901 344 2974 lapidibus
357 2902 428 2970 dico,
444 2903 517 2974 quod
540 2921 590 2961 neo
604 2905 734 2976 adinum
747 2920 797 2960 neo
818 2920 917 2962 nocere

125 2990 236 3062 potestis
261 2990 327 3058 scio,
355 2991 413 3061 sed,
442 2992 506 3064 quia
530 2994 719 3050 blabomethus
747 2993 823 3062 fecit,
849 2993 921 3049 illius

126 3095 229 3135 morem
244 3094 388 3151 exsequor.

160 3196 283 3251 Parare.
297 3194 377 3265 Quod
391 3194 481 3251 dixisti
497 3195 634 3269 lapidibus
645 3196 780 3266 jaciendis
786 3197 924 3254 daemones

126 3283 254 3357 effugare,
271 3300 325 3339 non
345 3300 512 3355 consequens
538 3284 607 3341 ratio
633 3285 739 3341 ridetur
766 3303 834 3355 esse,
864 3286 928 3358 quia

126 3372 198 3443 quod
213 3387 267 3427 non
281 3372 372 3443 aliquo
386 3372 533 3443 percipitur
545 3388 624 3429 sensu
646 3389 786 3446 corporeo,
807 3373 928 3448 effugare

126 3461 221 3516 levihrr
233 3476 402 3532 nequaquam
418 3468 518 3533 potest.
536 3461 653 3519 Nomine
668 3479 732 3521 raro
747 3463 840 3520 diuino
854 3462 925 3520 ellu-

127 3551 226 3618 gantur
238 3544 388 3601 daemones.

162 3659 287 3716 blorsas.
306 3656 441 3729 Quoniam
456 3658 588 3731 quosdam
603 3658 695 3716 andivi
724 3660 843 3717 dicentes
870 3661 926 3718 dae·

127 3747 331 3805 moninsidisse
345 3755 372 3804 at
390 3764 423 3804 cu
452 3749 567 3817 audine,
593 3765 625 3805 ac
653 3749 800 3806 collocutos
830 3748 922 3817 luisse,

128 3836 211 3893 miror
225 3843 249 3893 te
264 3836 353 3893 dicere
366 3853 445 3892 sensu
460 3853 514 3894 non
529 3837 662 3909 corpmali
676 3838 829 3911 percipere.

163 3955 280 4009 Parcas.
297 3953 492 4027 hicetanqclus
501 3967 721 4022 corporeosensu
739 3968 795 4007 non
823 3951 925 4024 percipi

126 4041 221 4114 possit,
236 4042 289 4097 illis
303 4048 393 4098 tamen
408 4041 453 4113 qui
466 4041 614 4097 secundum
631 4039 758 4096 mandata
772 4041 822 4096 Dei
847 4041 927 4097 inco·

126 4130 202 4200 dunt,
218 4130 337 4186 visibiles
350 4130 426 4187 liunt.
443 4129 573 4186 Similiter
600 4129 725 4185 diabolus
749 4129 845 4186 amicis
873 4129 929 4185 suis

128 4219 242 4278 visibilis
255 4227 380 4291 apparet.

164 4336 287 4390 blorsas.
299 4332 371 4389 lstud
381 4334 489 4404 quidem
499 4334 597 4389 vellem
605 4331 683 4401 seire,
696 4349 749 4404 quo
761 4333 927 4407 nragistorio,

131 4439 217 4493 quaro
232 4429 289 4478 arte
303 4421 364 4476 illos
376 4421 478 4489 ridere,
490 4422 532 4477 vel
547 4421 664 4493 colloqui
681 4438 799 4493 possem.

166 4538 283 4593 Parcus.
295 4536 384 4606 Quare
399 4536 470 4606 quod
485 4535 519 4591 nd
534 4544 559 4592 te
578 4535 689 4591 minime
717 4535 833 4607 pertinet
859 4535 928 4592 sciro

130 4625 266 4682 desideras
277 4626 291 4678 ⁶?

165 4735 287 4789 hlorsns.
304 4733 366 4788 Non
381 4738 410 4787 ut
424 4746 506 4804 opera
519 4746 685 4798 exercerem,
715 4730 762 4787 sed
789 4728 930 4786 scientiam

130 4830 234 4878 tantum
250 4820 359 4877 vellem.

168 4940 286 4994 Parnes.
302 4935 447 5008 Quomodo
461 4935 530 5011 quod
546 4951 665 4992 errorem
681 4942 754 4990 tuum
770 4941 868 5007 augeat
892 4933 933 4987 ris

131 5026 268 5083 addiscere
283 5030 296 5080 ’.ι

166 5135 290 5188 blorsas.
307 5135 378 5189 Bene
393 5148 436 5186 nae
452 5132 509 5187 Deo
522 5132 623 5205 gratian
636 5129 785 5196 correxisti,
802 5128 830 5185 in
843 5127 934 5184 verbis

133 5222 185 5277 tuis
199 5236 305 5275 sensum
320 5220 413 5276 didici.

169 5337 285 5390 Parrus.
300 5336 360 5391 lam
374 5333 439 5389 satis
461 5334 561 5391 dictura
584 5342 632 5404 est,
662 5335 695 5390 ad
725 5334 862 5404 inceptum
892 5347 934 5387 re·

133 5425 256 5481 deamus.
272 5422 341 5493 Quia
354 5422 405 5479 liei
420 5421 587 5479 adversarios
600 5424 786 5480 blahomethus
805 5422 932 5494 praedari,

132 5513 269 5587 captivare
289 5522 315 5570 et
341 5509 489 5568 interlicere
513 5511 602 5581 iussit,
629 5510 716 5568 donec
744 5511 787 5567 rel
812 5511 933 5580 credere,

133 5604 177 5662 rel
199 5618 309 5661 censum
323 5600 476 5675 persolvere
499 5598 654 5668 voluissent,
674 5616 730 5657 non
753 5607 793 5655 est
819 5602 872 5657 boc
898 5615 933 5657 aa

135 5693 186 5751 Dei
212 5693 349 5769 operibus,
378 5705 466 5763 neque
492 5688 684 5763 prophetarem
709 5687 819 5747 cuilibet
854 5687 934 5759 jussit

978 2724 1033 2794 det,
1050 2740 1132 2796 qnare
1146 2740 1212 2797 ergo
1227 2723 1336 2780 medere
1348 2723 1443 2794 jubes.

1013 2853 1130 2909 hlorsns.
1146 2851 1363 2908 hibernicanam
1379 2850 1438 2906 tatis
1453 2856 1502 2919 est,
1519 2847 1592 2920 quod
1604 2857 1631 2905 et
1644 2846 1780 2922 posterior

978 2942 1095 3013 primum
1111 2940 1222 2997 destruit
1231 2939 1367 2996 ordinem.

939 3030 965 3095 G
1018 3066 1134 3121 Parrus.
1162 3064 1311 3121 Alcoranus
1325 3078 1379 3119 non
1394 3079 1476 3118 manu
1490 3063 1647 3118 llahnmeth
1669 3060 1784 3134 scriptus

981 3162 1031 3222 est,
1045 3154 1067 3209 si
1082 3153 1155 3209 enirn
1165 3155 1216 3209 hoc
1230 3153 1331 3208 laceret
1345 3151 1483 3208 ordinatus
1497 3159 1577 3207 esset.
1606 3150 1674 3207 Post
1702 3164 1779 3205 mor-

982 3249 1035 3299 tem
1049 3258 1114 3300 rero
1128 3242 1221 3315 ipsius,
1237 3241 1302 3298 socii
1318 3240 1378 3312 ejus
1405 3241 1451 3312 qui
1478 3256 1569 3297 secum
1596 3238 1696 3295 morati
1726 3238 1783 3295 lue·

981 3340 1051 3399 rant,
1068 3331 1190 3403 quisque,
1207 3338 1236 3388 ut
1262 3330 1299 3386 ita
1325 3330 1426 3398 alicam,
1458 3329 1601 3385 lectionem
1626 3344 1707 3385 snam
1736 3344 1782 3384 re·

982 3421 1116 3489 nandans,
1130 3420 1292 3477 Alcoranum
1310 3426 1529 3491 composuerunt,
1551 3417 1623 3474 unde
1645 3415 1783 3474 nescimus

980 3509 1040 3580 quis
1067 3508 1141 3580 prior
1168 3508 1228 3580 quis
1256 3507 1388 3580 posterior
1415 3506 1467 3562 luit
1488 3506 1565 3563 ordo.
1590 3506 1656 3561 ldeo
1692 3512 1782 3563 anoern

981 3598 1136 3655 blabometh
1149 3597 1275 3667 predari,
1291 3596 1437 3669 captivare,
1453 3602 1480 3651 et
1505 3602 1601 3667 genus
1629 3591 1782 3650 interlicere

978 3686 1067 3756 jussit,
1083 3685 1155 3757 quod
1169 3685 1273 3741 arabes
1290 3684 1335 3755 qni
1357 3684 1444 3741 Deum
1459 3683 1614 3755 ignorantes
1634 3681 1662 3738 in
1677 3681 1783 3739 desolo

982 3776 1136 3841 manebant,
1175 3772 1202 3828 iu
1226 3771 1436 3846 praedationibus
1464 3771 1671 3839 delectarentur,
1701 3778 1729 3826 et
1756 3776 1786 3827 ut

984 3864 1104 3920 utaxime
1118 3863 1156 3918 illi
1170 3862 1320 3920 crederent.

1020 3991 1142 4044 Marsas.
1160 3987 1272 4044 illstimo
1287 4002 1381 4043 veruna
1394 4002 1453 4043 esse
1467 3985 1540 4057 quod
1555 3983 1636 4040 dicis.

1021 4116 1139 4171 Pmnus.
1160 4112 1238 4182 Quod
1253 4112 1321 4167 dicis
1334 4110 1387 4167 illis
1411 4109 1562 4166 absolutam
1588 4124 1648 4164 ese
1676 4124 1784 4165 omnem

985 4220 1103 4271 carnem,
1133 4210 1231 4274 praeter
1259 4200 1333 4274 porci
1361 4214 1469 4255 carnem
1495 4204 1523 4254 et
1550 4197 1726 4272 sanguinem,
1759 4204 1784 4253 et

985 4291 1154 4349 mardrinum
1170 4290 1204 4346 ad
1218 4289 1390 4354 suscendum,
1412 4286 1491 4343 nobis
1520 4303 1626 4358 aquaque
1657 4286 1782 4342 absoluta

944 4388 1024 4450 Dest
1038 4380 1126 4436 orrrnis
1141 4396 1216 4435 caro.
1248 4381 1279 4434 ln
1307 4380 1358 4433 hoc
1387 4382 1489 4432 tuntum
1517 4375 1620 4431 scilicet
1648 4375 1677 4430 iu
1705 4374 1779 4448 porci

984 4486 1063 4526 carne
1078 4467 1273 4525 discordamus.
1288 4467 1346 4522 lloc
1372 4472 1462 4521 autem
1491 4464 1556 4520 lecit
1582 4465 1781 4530 mahomethus,

984 4561 1012 4609 ut
1027 4554 1055 4608 in
1069 4568 1101 4610 eo
1116 4569 1132 4609 a
1146 4552 1264 4624 legesua
1283 4565 1332 4605 nos
1342 4549 1483 4605 Christiani
1500 4546 1681 4604 differremus.
1706 4546 1783 4618 Quod

985 4643 1018 4698 de
1032 4640 1161 4698 uxoribus
1179 4639 1269 4695 dixisti
1283 4639 1365 4694 licere
1383 4645 1497 4709 quatuor
1519 4636 1643 4708 accipere
1667 4644 1695 4692 et
1715 4651 1782 4707 qua·

984 4731 1051 4787 libet
1064 4730 1205 4801 repudiata
1218 4728 1300 4785 aliam
1328 4725 1461 4799 accipere,
1490 4727 1542 4782 hoc
1571 4725 1646 4781 nulla
1674 4725 1782 4796 quidem

985 4819 1138 4893 praecipitur
1151 4818 1264 4885 maone,
1279 4813 1449 4886 nequeenim
1465 4812 1516 4868 nisi
1536 4829 1617 4869 eausa
1632 4812 1705 4870 filios
1719 4828 1782 4885 pro·

985 4908 1103 4975 creandi,
1120 4910 1452 4980 praeceptumestuxorem
1462 4902 1584 4974 accipere
1594 4902 1670 4971 (lca.
1686 4902 1779 4972 aaut).

986 4997 1065 5068 Quod
1079 5003 1168 5053 auum
1184 4993 1320 5066 emptitias
1334 5000 1361 5047 et
1386 4991 1507 5063 captivus
1525 4990 1661 5061 quotlibet
1674 4995 1785 5061 possem

986 5082 1096 5147 habere,
1109 5083 1161 5136 hon
1174 5078 1284 5150 quidem
1298 5082 1427 5147 quantum
1443 5074 1476 5130 ad
1493 5089 1542 5130 nos
1554 5074 1718 5130 adulterium
1736 5080 1783 5139 est,

987 5171 1050 5241 quia
1063 5167 1198 5224 multoties
1211 5174 1288 5237 pater
1302 5164 1368 5220 emit
1382 5163 1501 5233 aliquam
1515 5170 1666 5234 stupratam
1680 5179 1697 5219 a
1720 5161 1784 5229 lilio,

987 5267 1014 5314 et
1026 5265 1119 5315 contm
1133 5255 1204 5312 lilius
1217 5255 1260 5311 vel
1273 5254 1356 5309 trater
1369 5268 1385 5308 a
1400 5259 1475 5324 patre
1490 5258 1660 5322 corruptam.

1022 5384 1142 5438 hlorsas.
1161 5384 1193 5437 ln
1206 5378 1296 5437 verbis
1320 5376 1371 5432 tuis
1394 5392 1489 5432 rerum
1511 5376 1639 5432 ereditur.
1665 5377 1700 5434 tu
1722 5390 1784 5431 aero

988 5472 1047 5529 talis
1060 5470 1190 5527 dissensio
1205 5469 1274 5524 inter
1288 5469 1346 5522 haec
1358 5472 1494 5538 praecepta
1521 5472 1588 5533 orat,
1618 5480 1702 5537 quare
1725 5464 1784 5521 lla·

987 5562 1130 5618 homethns
1145 5559 1190 5632 qui
1204 5565 1257 5614 tam
1272 5554 1380 5628 sapiens
1393 5553 1500 5611 ridetur
1511 5552 1570 5611 lieri
1581 5552 1676 5627 jussit.

1023 5685 1142 5741 Parata.
1158 5682 1344 5741 mahomethus
1358 5679 1437 5739 ralde
1459 5678 1576 5739 laminas
1594 5678 1738 5755 diligabat,
1758 5686 1786 5737 at
