3780 6038
185 242 238 301 tta
648 231 751 290 PETRI
770 230 944 288 ntrnonst
961 225 1013 289 EX
1030 228 1151 288 JUDAEO
1171 225 1372 287 ctttt1STtaN1
1784 229 1838 287 56⁰

184 380 273 423 novas
288 360 406 435 quotidie
418 358 524 415 animas
538 356 688 430 procreari,
704 355 884 428 formastique
898 354 976 411 novis
990 356 1020 418 Α
1035 355 1114 412 ειεεε
1129 355 1174 423 ειι,
1190 355 1327 411 neminem
1342 354 1423 412 latet.
1441 355 1544 412 lterum
1560 369 1624 412 carn
1638 353 1755 412 materia
1774 373 1836 428 quaa

184 456 211 511 in
231 460 325 510 ventre
347 450 506 522 corporibus
527 447 640 503 infundi.
669 445 804 517 Quidquid
828 452 919 500 autem
941 444 976 500 de
1030 453 1121 500 creata
1136 454 1177 501 εει
1191 444 1294 500 nullam
1309 444 1335 498 iu
1348 461 1377 500 se
1386 444 1485 500 habeat
1494 444 1609 500 formam
1617 444 1661 500 vel
1671 444 1833 518 imaginem,

183 553 270 610 anima
284 549 397 607 credere
421 546 517 620 eligas,
533 544 627 617 procul
652 543 746 610 dubio,
762 550 791 598 ut
803 543 903 599 dictum
923 551 973 610 est,

182 643 229 717 qui
251 640 384 696 rationem
408 636 493 702 dedit,
515 634 605 690 omnia
628 632 692 689 lecit
715 641 741 687 et
759 631 879 687 omnium
894 647 975 686 causa

180 741 278 799 existit.
288 738 401 808 Oportet
411 733 580 790 autemhunc
591 731 812 801 Creatorem,qui
823 729 974 800 perfectam

178 830 262 887 habet
277 825 448 898 sapientiam,
461 830 593 877 eternum
604 820 734 885 existere,
744 827 769 875 et
784 834 835 874 nee
849 826 973 874 creatum

177 935 229 975 nec
243 930 343 972 novum
354 929 426 977 esse,
436 911 577 984 quoniam,
587 909 610 964 si
620 909 665 964 hic
675 912 722 964 aul
730 916 836 963 creatus
845 907 974 964 credatur

177 1014 223 1064 aut
237 1021 333 1071 novus,
359 1002 443 1057 aliam
459 999 552 1071 utique
566 1007 719 1055 creatorem
736 1011 850 1052 neeesse
865 1004 907 1051 est
921 996 971 1051 ha-

177 1098 240 1153 beat
262 1103 307 1149 aut
326 1099 495 1148 novatorem.
519 1087 593 1143 Nihil
611 1087 684 1142 euim
699 1102 729 1141 εε
744 1102 862 1156 unquam
878 1101 972 1140 creare

176 1195 221 1243 aut
235 1198 334 1240 novare
354 1179 462 1253 poterit,
484 1185 511 1233 et
525 1178 565 1233 sic
579 1184 734 1232 creatorum
748 1183 797 1229 aut
812 1181 971 1231 novatorum

176 1289 308 1331 numerus
322 1271 376 1326 linc
392 1267 507 1325 carebit.
526 1265 686 1321 Factorihus
700 1272 790 1320 autem
807 1261 859 1318 ime
874 1278 971 1319 caren-

174 1366 257 1430 tibus,
274 1364 377 1418 lactura
392 1372 500 1430 quoque
511 1369 650 1427 nunquam
663 1354 699 1410 ad
709 1360 813 1409 certum
824 1352 970 1408 terminum

176 1461 331 1536 perveniet.
363 1456 536 1513 Credendum
552 1469 617 1525 ergo
636 1461 677 1509 est
690 1453 808 1524 primum
831 1450 969 1517 factorem,

174 1568 227 1609 nec
241 1558 431 1607 creatumesse
440 1560 491 1600 nec
500 1553 640 1611 novatum,
652 1541 701 1597 sed
716 1541 873 1598 necessario
887 1549 970 1596 aeter-

174 1658 250 1698 num.
267 1639 404 1694 Praeterea
419 1650 472 1690 nou
488 1631 740 1704 compositum,sed
751 1630 901 1701 simplicem
911 1645 970 1684 cre·

1029 534 1114 589 multo
1129 533 1219 589 minus
1244 535 1318 589 Dens
1333 533 1417 604 ipsius
1431 541 1544 602 naturae,
1561 532 1686 601 Creator,
1703 532 1750 604 qui
1763 532 1833 588 sirn-

1027 630 1123 704 plioris
1138 637 1165 685 et
1180 628 1330 685 subtilioris
1354 638 1396 685 est
1410 639 1514 687 naturae
1535 628 1617 686 ullam
1632 627 1774 702 putandus
1789 636 1833 684 est

1029 720 1133 775 habere
1149 719 1368 774 similitudinem.
1390 719 1555 775 Promissum
1570 734 1638 791 erqo
1649 718 1829 789 complentes,

1028 817 1117 872 Deum
1141 816 1242 871 nullam
1257 816 1359 871 hahere
1375 815 1592 883 similitudinem,
1608 815 1710 884 lucide,
1726 822 1754 869 ει
1767 815 1831 887 opi·

1034 921 1095 970 nor,
1111 923 1161 977 per
1171 905 1302 961 rationem
1318 906 1507 976 probavimus.

1063 1004 1189 1060 blovsus.
1220 1003 1330 1059 Gratias
1354 1004 1413 1059 Deo
1434 1012 1459 1058 et
1477 1002 1535 1070 tihi,
1560 1003 1690 1075 quoniam
1705 1003 1828 1059 omniurn

1026 1092 1179 1149 Creatorem
1195 1092 1260 1147 nulli
1276 1100 1410 1148 creaturae
1425 1091 1541 1148 similem
1551 1108 1624 1160 esse,
1634 1091 1740 1147 nullum
1754 1093 1830 1163 prin·

1025 1182 1125 1252 cipium
1158 1190 1203 1237 aut
1231 1180 1312 1237 sunem
1341 1181 1451 1249 hahere,
1481 1182 1541 1237 sine
1570 1181 1625 1237 ullo
1649 1180 1828 1237 dubitationis

1029 1273 1148 1345 cognovi
1163 1270 1318 1327 obstaculo.
1339 1269 1425 1326 Patuit
1436 1270 1556 1325 etiamen
1567 1270 1659 1325 verbis
1671 1270 1724 1325 tuis
1738 1270 1826 1325 Deum

1025 1361 1182 1417 Creatorem
1196 1359 1317 1415 omnium
1333 1375 1424 1414 rerum
1441 1359 1561 1415 redicem
1576 1367 1602 1415 et
1617 1358 1826 1414 tundamentum

1024 1449 1209 1522 principaliter
1223 1464 1301 1511 esse;
1317 1448 1482 1503 secundario
1492 1464 1569 1514 vero,
1585 1447 1706 1502 animam
1723 1454 1750 1502 et
1765 1462 1825 1501 ma-

1024 1537 1120 1595 teriam
1135 1545 1161 1593 et
1177 1539 1249 1609 quod
1264 1538 1339 1592 Deus
1355 1535 1448 1593 iecerit
1458 1536 1586 1601 animam,
1603 1546 1628 1591 et
1643 1535 1718 1608 quod
1734 1535 1825 1591 anima

1028 1652 1044 1692 a
1062 1638 1120 1692 Deo
1131 1634 1202 1690 lacta
1217 1642 1344 1705 operetur
1362 1635 1389 1689 in
1409 1634 1527 1690 materia.
1544 1633 1714 1705 Scrupulum
1735 1644 1824 1689 autern

174 1732 241 1787 dere
264 1725 391 1785 convenit
411 1739 483 1780 eum.
503 1721 599 1777 Omnis
617 1736 679 1776 eum
699 1719 860 1790 compositio
880 1727 968 1773 motus
982 1717 1010 1779 Β
1026 1742 1108 1781 urum
1128 1725 1175 1798 qui
1188 1725 1278 1780 adhuc
1299 1731 1418 1780 mentam
1437 1722 1583 1787 remordet,
1609 1731 1655 1777 rua
1674 1722 1824 1795 sagacitate

175 1825 227 1887 εει,
245 1826 270 1874 ει
283 1823 360 1873 actus
369 1811 499 1884 simplicis
510 1810 560 1865 rei.
572 1811 648 1875 item,
661 1809 734 1881 quod
749 1808 824 1879 prius
833 1815 883 1872 est,
895 1807 969 1877 prin·

174 1908 275 1980 cipium
289 1905 392 1960 habere
407 1918 461 1957 nou
477 1907 576 1971 potest.
593 1897 760 1969 Compositio
779 1904 868 1952 autern
881 1895 970 1949 omnis

173 1995 282 2069 aliquod
297 1993 378 2048 habet
392 1989 569 2062 principium.
589 1987 702 2043 Creator
716 2000 784 2058 ergo
798 1985 901 2056 primus
915 1999 969 2039 εεε

174 2102 216 2150 εει
229 2087 463 2162 compositus‚scd
472 2091 609 2157 nequeest
624 2098 781 2153 corporeus.
794 2080 881 2136 Omne
897 2080 970 2135 euim

174 2196 347 2254 corporeum,
366 2186 492 2247 utsupra
508 2174 589 2228 latius
599 2171 789 2235 disseruimus,
805 2179 846 2225 est
861 2184 968 2240 compo·

176 2272 268 2327 situm.
284 2271 362 2333 item,
384 2279 472 2335 neque
493 2261 601 2317 mobilis
623 2269 673 2315 est.
691 2259 779 2315 Omne
803 2258 874 2314 enim
899 2256 971 2329 quod

175 2367 309 2425 movetur,
334 2354 456 2426 partibus
480 2357 601 2407 constat.
624 2349 679 2404 Sed
701 2348 832 2420 quidquid
853 2346 971 2417 partibus

176 2462 293 2519 constat,
309 2448 490 2521 compositum
515 2452 568 2502 est.
588 2443 665 2513 Quod
687 2452 777 2499 autem
793 2443 911 2514 primum
929 2449 972 2498 est

176 2543 296 2602 omnium
308 2556 362 2596 non
378 2541 420 2594 est
434 2534 628 2606 compositam.
642 2533 725 2605 Igitur
739 2547 790 2588 uec
804 2532 903 2588 mobile
913 2540 967 2587 est.

176 2644 281 2700 Rursus
296 2637 384 2695 omnis
397 2635 480 2692 motio
496 2634 646 2703 incorpore
656 2630 696 2700 fit,
714 2631 771 2687 sive
785 2632 905 2686 sitrecte
920 2645 973 2686 mo·

176 2731 224 2798 tio,
241 2727 326 2785 veluti
340 2742 403 2783 cum
419 2723 479 2796 quis
494 2738 577 2778 unum
599 2721 731 2777 deserens
754 2719 843 2776 locam
858 2727 973 2790 occupat

177 2829 277 2893 aliurn,
294 2842 344 2881 seu
360 2823 394 2879 sit
408 2820 492 2876 motio
507 2819 533 2873 ιε
549 2834 658 2891 gyrum,
673 2832 733 2873 oum
753 2817 854 2889 aliquid
869 2817 973 2873 scilieet

176 2918 205 2975 in
219 2917 315 2973 eodem
330 2913 450 2969 existens
468 2909 529 2966 loco
544 2915 573 2963 ut
587 2906 787 2963 firmamentum
806 2914 931 2962 versatur
945 2905 973 2960 in

175 3008 281 3072 orbem,
292 3005 350 3058 sive
365 3002 400 3057 sit
414 3000 497 3055 motio
508 2998 631 3069 partium
639 2995 757 3065 alicujus
767 2995 807 3051 rei
818 2995 972 3051 adinvicem

177 3099 258 3167 iacta,
275 3092 320 3149 vel
343 3092 378 3145 ab
402 3087 533 3145 extremis
548 3087 583 3142 ad
598 3085 729 3151 medium,
746 3085 789 3141 vel
802 3102 818 3139 a
833 3085 923 3140 medio
938 3076 1012 3143 adC

178 3193 307 3248 extrema,
324 3179 406 3236 veluti
430 3176 460 3231 lit
485 3177 513 3230 iu
541 3175 665 3246 partibus
687 3173 770 3240 aeris,
795 3190 845 3230 seu
860 3175 896 3227 sit
910 3189 972 3229 mo·

177 3277 214 3331 tio
229 3273 268 3329 rei
288 3271 315 3325 in
343 3268 440 3323 codem
464 3265 573 3336 quidem
591 3264 653 3319 loco
677 3263 826 3331 existentis,
852 3263 900 3318 sed
924 3280 973 3333 per

179 3361 304 3437 quadam
330 3355 409 3427 quasi
430 3354 598 3409 incrementa
621 3352 673 3407 hac
690 3351 805 3423 illacque
819 3352 972 3422 spatiantis,

180 3445 409 3524 quemadmodum
430 3442 457 3496 in
472 3440 553 3495 ramis
572 3440 698 3494 arborum
714 3439 842 3509 paulatim
858 3439 892 3494 ad
911 3455 973 3495 orn·

180 3545 332 3608 uespertes
353 3530 541 3588 crescentibus
565 3527 603 3582 lit.
626 3529 673 3583 lla.
695 3533 785 3583 autem
800 3544 895 3584 omnes
913 3545 975 3584 mo-

180 3629 267 3685 tiones
282 3639 335 3679 non
351 3620 402 3675 nisi
426 3619 452 3673 iu
477 3633 596 3689 corpore
612 3616 671 3671 lieri
686 3626 811 3688 possunt.
831 3617 886 3673 Sed
902 3617 975 3689 quod

179 3726 300 3801 primum
322 3721 443 3779 omnium
469 3726 521 3784 est,
537 3732 702 3787 corporeum
722 3732 776 3772 nou
792 3733 853 3772 esse
877 3717 976 3787 proba-

180 3824 237 3872 tum
252 3820 303 3870 est.
320 3812 404 3884 lqitur
420 3822 471 3863 nec
486 3807 615 3871 variatur,
632 3821 683 3861 uec
701 3807 897 3876 corrumpitur.
922 3807 976 3860 lte·

180 3921 253 3968 rum,
265 3917 315 3958 nec
330 3897 427 3955 crescit
442 3911 545 3966 perse,
562 3910 613 3949 nec
628 3901 743 3963 augetur
756 3893 876 3949 aliunde.
888 3893 976 3949 Omne

180 3994 252 4052 enim
269 3989 342 4063 quod
357 3986 399 4041 vel
410 3985 607 4041 incrementum
618 3982 721 4053 recipit,
734 3980 778 4036 vel
787 3991 975 4052 augmentum,

182 4081 278 4156 procul
292 4077 377 4133 dubio
391 4085 431 4130 est
447 4082 473 4128 et
488 4071 682 4142 compositum.
698 4070 752 4126 Sed
768 4071 840 4141 quod
855 4072 976 4142 primum

183 4180 225 4229 est
240 4168 372 4233 omnium,
389 4179 469 4234 supra
491 4161 660 4217 ostendimus
681 4175 736 4214 non
755 4175 817 4215 esse
837 4176 977 4234 composi-

184 4279 253 4327 tum.
274 4266 359 4338 Igitur
373 4277 424 4318 nee
438 4259 537 4316 crescit
552 4275 602 4314 nec
618 4266 819 4330 augmentatur.
836 4261 912 4327 ltem,
925 4277 978 4316 non

185 4355 335 4415 decrescit.
355 4350 433 4420 Quod
456 4348 527 4404 enim
552 4347 688 4403 decrescit
710 4349 906 4419 corrumpitur.
926 4350 977 4405 Sed

186 4441 393 4520 quodomnium
410 4437 527 4508 primum
543 4444 584 4490 est
605 4450 659 4490 uon
681 4438 819 4508 corrumpi
834 4435 1020 4509 probatumD

185 4554 247 4603 est:
263 4541 345 4614 igitur
359 4550 411 4591 nec
426 4532 581 4589 decrescit.
610 4533 714 4588 Rursus
729 4535 827 4589 nullius
846 4547 981 4598 creaturas

186 4637 214 4692 ιε
229 4633 320 4704 aliquo
332 4622 537 4681 similitudinem
552 4622 644 4677 babet.
661 4621 816 4680 Similitudo
829 4627 901 4682 enim
917 4645 982 4701 qua.

185 4738 249 4795 litas
264 4740 317 4790 est.
337 4727 391 4785 Sed
407 4726 478 4798 quod
490 4725 608 4795 primum
623 4725 746 4779 omnium
761 4735 813 4796 est,
831 4729 898 4784 nulli
912 4733 980 4786 sub·

192 4840 257 4894 acet
272 4826 413 4903 qualitati:
427 4840 495 4897 ergo
509 4839 561 4880 nec
583 4821 761 4877 similitudini.
792 4826 870 4896 item,
895 4845 982 4899 pona-

1026 1821 1173 1895 expostulo
1188 1822 1313 1879 enodari.
1329 1821 1396 1895 Legi
1412 1821 1546 1894 siquidem
1562 1820 1681 1876 inlibris
1700 1820 1824 1891 philoso-

1023 1915 1141 1985 phorum
1158 1911 1311 1983 plerisque,
1328 1911 1448 1983 quinque
1462 1919 1527 1966 aute
1543 1910 1637 1965 mundi
1651 1908 1823 1966 constitutio·

1024 2018 1085 2058 nem
1100 2001 1193 2070 luisse,
1211 2001 1298 2055 Deum
1313 2000 1418 2056 seilicet
1431 1999 1476 2071 qui
1491 1998 1612 2055 omnium
1628 2015 1724 2055 rerum
1739 1998 1824 2071 oripi-

1024 2117 1086 2155 nem
1103 2105 1186 2165 tenet,
1207 2107 1270 2169 post
1297 2114 1358 2154 eum
1388 2112 1452 2153 vero
1480 2097 1597 2153 animam
1620 2105 1647 2152 et
1669 2097 1823 2163 materiam,

1025 2197 1133 2261 tempus
1148 2197 1176 2244 ει
1190 2188 1292 2244 locum.
1308 2188 1375 2243 Cum
1391 2203 1458 2258 ergo
1469 2187 1503 2243 de
1514 2187 1599 2242 trihus
1607 2186 1827 2257 praecedentibus

1025 2276 1198 2343 disserueris,
1226 2278 1304 2333 valde
1327 2277 1412 2331 miror
1433 2292 1518 2348 quare
1542 2275 1577 2331 de
1596 2275 1701 2331 ultimis
1719 2275 1826 2333 duobus

1027 2376 1128 2431 nullam
1141 2374 1240 2432 laceris
1254 2374 1431 2430 ruentiouem.

1063 2465 1187 2519 Parrus.
1207 2461 1278 2532 Quia
1301 2461 1367 2516 nihil
1390 2463 1425 2517 ad
1440 2471 1605 2532 presentem
1619 2461 1759 2534 pertinent
1772 2471 1824 2517 tra·

1027 2561 1140 2617 etatum,
1155 2552 1189 2608 de
1204 2552 1244 2606 eis
1259 2549 1333 2623 loqui
1344 2551 1466 2606 indicavi
1481 2550 1661 2622 superlluum.

1062 2650 1187 2704 hlovsss.
1206 2649 1242 2703 Et
1259 2647 1282 2702 si
1297 2662 1313 2702 a
1328 2655 1442 2703 tractatu
1457 2647 1565 2703 videtur
1581 2648 1714 2717 alienum,
1735 2655 1825 2703 tarneu

1027 2747 1092 2818 quid
1109 2754 1137 2801 ιε
1145 2745 1180 2800 de
1190 2745 1231 2800 bis
1243 2744 1346 2801 sentias
1357 2744 1450 2799 audire
1461 2744 1599 2811 desidero,
1612 2745 1674 2816 quia
1686 2745 1825 2816 capientes

1030 2835 1157 2892 catholici
1172 2835 1207 2889 ud
1229 2848 1344 2906 quorum
1370 2832 1452 2889 fidem
1473 2842 1501 2888 tu
1521 2849 1671 2890 conversus
1686 2851 1727 2900 es,
1746 2834 1826 2906 louge

1033 2925 1109 2981 aliter
1121 2925 1156 2980 de
1171 2924 1214 2979 his
1228 2933 1375 2979 senserunt
1395 2939 1476 2995 quarn
1500 2923 1675 2995 antiquorum
1702 2922 1825 2995 philoso-

1028 3024 1145 3094 phorum
1159 3021 1220 3075 libri
1237 3022 1389 3093 loquantur.
1405 3021 1475 3075 Nam
1491 3019 1618 3076 catholici
1642 3021 1703 3077 haee
1726 3018 1827 3091 princi·

1027 3111 1101 3183 pium
1122 3110 1264 3178 habuisse,
1292 3109 1447 3181 philosophi
1471 3118 1564 3165 autem
1588 3118 1700 3166 veteres
1725 3117 1827 3166 ειειεε

1029 3208 1162 3258 testantur
1176 3216 1248 3255 esse.

1066 3298 1185 3352 Parcus.
1202 3297 1256 3352 lllis
1273 3296 1366 3368 procul
1390 3296 1475 3353 dubio
1491 3295 1571 3352 fidem
1595 3297 1716 3352 adhibeo
1736 3296 1826 3369 quiea

1027 3402 1082 3442 non
1097 3403 1163 3442 cum
1178 3386 1290 3452 mundo,
1303 3386 1351 3441 sed
1362 3385 1398 3441 ah
1412 3386 1572 3456 antiquitate
1587 3385 1673 3440 luisse
1687 3387 1825 3442 dixerant.

1064 3477 1184 3531 blovsus.
1197 3474 1319 3544 Qualiter
1327 3474 1380 3530 hoc
1390 3473 1477 3546 possit
1487 3483 1623 3542 constare,
1632 3491 1685 3547 per
1694 3476 1827 3531 rationem

1028 3564 1157 3621 desidero
1172 3580 1267 3620 nosse.

1067 3664 1186 3717 Passus.
1206 3663 1293 3717 hocas
1309 3662 1416 3717 duobus
1438 3662 1527 3717 modis
1542 3661 1651 3719 dicitur.
1673 3663 1828 3735 Aliquando

1030 3752 1105 3808 euim
1121 3766 1205 3808 causa
1220 3751 1334 3806 alterius
1349 3752 1400 3817 rei,
1417 3751 1563 3823 aliquando
1584 3767 1635 3821 per
1648 3768 1690 3809 se.
1706 3752 1828 3807 Alterius

1031 3867 1112 3908 causa
1127 3850 1236 3914 dicitur,
1253 3849 1318 3904 dum
1342 3849 1422 3904 alicui
1443 3849 1505 3905 loco
1520 3865 1565 3905 res
1584 3849 1675 3921 aliqua
1690 3849 1827 3920 inseritur,

1031 3950 1058 3996 et
1073 3941 1131 4011 ipse
1145 3939 1243 3995 dicitur
1254 3954 1316 3994 esse
1329 3937 1405 3994 locus
1415 3939 1486 3992 illius
1495 3942 1546 4004 rei,
1557 3938 1620 3994 datm
1632 3955 1679 3994 res
1693 3938 1742 3995 illa
1756 3940 1783 3994 ιε
1797 3953 1828 3994 εε

1032 4028 1165 4094 εεεειειιι,
1182 4037 1209 4082 ει
1227 4028 1303 4084 ιεεεε
1318 4027 1417 4083 dicitur
1437 4027 1570 4098 partialis.
1592 4026 1671 4096 Quod
1687 4029 1714 4082 si
1728 4044 1774 4084 res
1787 4027 1828 4082 illa

953 4160 959 4172 .
1033 4119 1126 4173 eloco
1142 4117 1201 4189 ipso
1213 4117 1383 4183 discesserit,
1401 4116 1475 4172 locus
1494 4132 1577 4171 unum
1595 4117 1669 4188 quod
1688 4118 1767 4188 prius
1780 4119 1827 4172 ha-

1033 4215 1128 4281 hebat,
1151 4214 1257 4270 scilicet
1277 4214 1449 4280 relationem,
1474 4213 1583 4280 amittit,
1599 4214 1738 4285 quiajam
1761 4214 1829 4270 illius

1034 4304 1109 4360 locus
1125 4319 1249 4359 essenon
1265 4303 1374 4358 dicitur.
1389 4303 1480 4358 locus
1494 4310 1587 4359 autern
1601 4319 1651 4374 per
1665 4319 1697 4360 se
1713 4304 1759 4377 qui
1773 4303 1829 4360 uni·

1035 4392 1149 4448 versalis
1170 4392 1277 4459 dicitur,
1300 4392 1422 4447 vacuitas
1446 4391 1550 4463 quavis
1573 4399 1700 4459 vocatur,
1720 4392 1756 4449 da
1779 4407 1829 4465 quo

1035 4498 1089 4538 non
1104 4481 1235 4537 debemus
1259 4480 1418 4536 existimare
1441 4481 1514 4552 quod
1535 4495 1621 4536 causa
1639 4480 1703 4550 ejus
1717 4481 1759 4537 rei
1773 4496 1830 4554 εεε

1035 4579 1077 4627 εει
1095 4571 1122 4626 ιε
1137 4586 1170 4627 εε
1185 4570 1293 4637 existat,
1310 4569 1439 4642 quoniam
1448 4568 1525 4626 locus
1534 4585 1643 4641 semper
1655 4585 1718 4625 rern
1732 4585 1831 4642 praece·

1035 4670 1101 4724 dere
1115 4668 1197 4724 debet
1212 4683 1273 4739 εεε
1287 4666 1314 4721 ιε
1339 4682 1372 4722 eo
1397 4664 1487 4722 lutura
1503 4669 1558 4722 εει.
1578 4668 1619 4722 De
1633 4682 1689 4739 quo
1708 4667 1832 4726 videlicet

1035 4757 1096 4814 loco
1110 4756 1225 4812 talisest
1239 4755 1361 4811 Platonis
1376 4754 1566 4828 syllogismus:
1582 4753 1681 4824 Omne,
1698 4756 1746 4825 ait,
1762 4755 1831 4830 quod

1036 4853 1122 4902 totum
1136 4843 1260 4901 consistit
1269 4860 1318 4914 per
1332 4844 1403 4898 aliud
1418 4850 1514 4912 totum,
1527 4842 1549 4898 ει
1561 4854 1756 4917 corrumpatur
1770 4859 1832 4918 pars

186 4941 248 4984 mus
262 4918 333 4993 quod
352 4915 466 4984 alicujus
488 4920 622 4970 creaturan
647 4912 851 4970 similitudinem
866 4918 977 4976 lrabeat.
1038 4935 1164 5009 quoepbeq
1179 4932 1332 5004 ejus‚q00d
1345 4939 1385 4987 est
1401 4947 1483 4988 causa
1506 4930 1686 5003 consistendi,
1708 4949 1832 4991 comm.

190 5022 246 5080 Sed
262 5017 377 5074 evidens
392 5022 434 5068 est
447 5012 518 5084 quod
529 5010 678 5066 similitudo
693 5011 848 5081 aliquorum
864 5015 982 5072 duorum
1037 5037 1106 5108 pilu,
1121 5034 1212 5107 utique
1228 5039 1255 5089 ep
1270 5048 1334 5103 pm
1347 5031 1419 5103 ejus,
1431 5030 1504 5103 quod
1519 5030 1591 5086 ipius
1601 5047 1686 5087 causa
1701 5032 1832 5100 consistit,

189 5129 274 5184 alium
287 5118 409 5193 parificat
422 5117 480 5183 alii,
491 5116 565 5173 velut
582 5116 604 5170 si
619 5115 745 5171 dicautur
760 5117 789 5172 in
803 5117 929 5178 albedine
944 5122 983 5177 si·
1038 5137 1066 5193 sp
1080 5149 1144 5189 vero
1159 5132 1218 5202 ejus
1236 5130 1310 5203 quod
1325 5145 1374 5202 per
1388 5128 1462 5184 atiud
1484 5128 1608 5184 consistit
1630 5145 1693 5201 pm
1710 5147 1833 5187 mmm.

190 5224 281 5287 miles,
297 5217 395 5271 albedo
406 5215 517 5270 alterius
532 5231 581 5285 par
597 5230 660 5269 esse
677 5214 759 5270 debet
780 5215 900 5273 albedini
913 5221 983 5276 alte·
1037 5243 1126 5306 paim,
1154 5228 1834 5302 1100tamennecesseesrejusquodmmp

189 5322 269 5386 rius',
285 5314 411 5372 similiter
424 5313 458 5368 de
470 5313 623 5385 ”idledifler
635 5321 662 5368 ⁰²
672 5313 788 5369 d0⁰¹¹¹¹¹i
800 5332 829 5370 se
843 5333 903 5387 quae
914 5317 984 5374 5⁰²⁰?
1038 5331 1208 5394 consistendi
1223 5337 1327 5402 partem
1342 5329 1423 5385 ullam
1432 5327 1583 5400 corrumpi.
1599 5329 1668 5385 Cum
1683 5331 1835 5405 erqolocus

191 5420 300 5490 aliquos
315 5411 516 5468 similitudinem
527 5410 599 5466 lacit.
615 5411 704 5480 Quare
715 5413 737 5468 ει
751 5414 805 5470 hoo
813 5424 895 5482 esset,
911 5419 983 5490 quod
1038 5433 1072 5488 ,p
1086 5447 1168 5488 eausa
1184 5427 1317 5485 existendi
1332 5427 1358 5484 et
1381 5426 1422 5482 rei
1440 5443 1500 5500 (με)
1519 5425 1547 5481 in
1562 5441 1595 5483 ρο
1610 5433 1663 5497 egr,
1680 5428 1834 5487 necessario

192 5523 310 5596 primum
326 5521 369 5569 est
382 5513 512 5579 omnium,
528 5512 643 5583 primum
659 5513 737 5567 simul
752 5524 824 5570 esset
838 5524 920 5589 atque
940 5536 984 5577 no·
1037 5519 1209 5578 concluditur
1222 5532 1275 5574 uon
1291 5516 1354 5573 ideo
1368 5525 1470 5588 partem
1484 5514 1602 5587 aliquam
1616 5513 1670 5574 loci
1686 5515 1833 5590 eorrumpi,

191 5620 348 5681 vissimum3
364 5620 390 5668 et
404 5611 477 5685 quod
496 5609 683 5678 novissimum,
708 5613 885 5671 novissimum
904 5618 984 5674 simul
1038 5616 1101 5693 quia
1117 5617 1219 5690 qumvis
1236 5616 1275 5672 rei
1286 5616 1355 5671 ineo
1366 5614 1831 5691 consistentisparsoorrumpatur.

191 5728 274 5792 arque
288 5712 425 5787 primum.
445 5708 528 5779 Quod
542 5714 685 5781 utrumque
705 5717 834 5781 quantum
855 5713 984 5774 inconve·
1038 5714 1099 5789 Quo
1114 5730 1256 5786 concesso,
1267 5713 1443 5788 consequitur
1452 5720 1480 5770 ει
1488 5710 1541 5770 hoo
1554 5710 1630 5786 qnod
1638 5710 1783 5773 locutam
1795 5710 1833 5771 al-
