3780 6038
124 213 194 265 fild
580 204 876 263 Dattoutttcaas
894 206 944 262 SS.
960 205 1116 267 estana.
1134 241 1171 251 —
1188 212 1252 267 bill.
1274 214 1306 266 ll.
1697 216 1765 267 tata

116 334 235 387 interius.
253 333 293 387 De
307 334 359 387 boc
373 331 478 385 calamo
500 331 618 400 loquitur
640 331 723 385 lsaias
747 332 858 401 loquens
879 332 913 386 do
926 335 955 393 A
971 333 1016 403 qni
1028 336 1155 391 eeclesias
1163 338 1205 392 vel
1215 337 1332 404 ordines,
1344 347 1387 393 aut
1407 338 1506 408 alitprid
1530 338 1648 408 spiritale
1665 338 1764 391 :lorium

120 432 260 486 Ecclesia:
281 453 291 477 ιι
310 430 417 483 llrietur
431 429 457 481 in
475 444 506 482 ca
522 429 595 482 riror
609 428 705 482 calami
721 429 828 497 etjunci
843 431 910 499 (faa.
969 432 1062 477 entant
1078 425 1118 479 rel
1134 427 1264 490 rendunt,
1294 426 1327 481 de
1356 430 1406 482 bac
1435 428 1537 498 templo
1565 445 1625 482 cnut
1655 428 1766 481 Sintoue

115 528 212 588 xxxv).
230 542 240 566 ιι
260 520 309 572 Pet·
328 518 446 572 virorem
468 516 564 571 calami
578 518 668 571 lumen
693 516 889 585 scripturarum
907 534 913 587 ;
968 513 1049 583 bicgo
1063 514 1206 583 ejiciuntur
1220 523 1246 570 et
1261 515 1287 568 in
1302 517 1393 587 ignem
1408 525 1537 571 aett‘ernnm
1555 517 1702 569 mittentem.

117 626 166 679 pet·
191 608 306 661 rirorcm
333 606 419 676 junci,
449 605 493 675 qui
520 606 547 658 iu
573 605 650 676 aquis
675 606 801 673 nascitur,
829 606 917 677 grauia

117 705 234 776 Spiritus
263 704 347 759 sancti
376 702 552 773 significatur,
582 703 627 772 qui
665 703 692 757 ia
727 702 803 772 aqttis
838 704 917 757 datur
970 707 1264 780 rtusaadexemplum
1293 710 1371 765 nobis
1395 711 1466 765 facta
1492 718 1561 765 sunt.
1592 712 1648 765 b'ns
1674 727 1767 765 suanus

116 793 270 865 baptizatis.
288 793 320 846 Et
342 791 447 847 locutus
474 799 514 845 est
540 792 565 846 ei
594 791 686 846 dicens
714 810 720 845 ι
754 814 764 839 ι
796 791 863 845 l'ido
890 799 917 846 et
970 796 1018 849 Dei
1033 797 1162 867 tempium
1178 798 1212 852 ad
1227 799 1409 854 babitaculum
1434 802 1482 855 Dei
1507 800 1669 861 dedication,
1698 799 1766 854 sient

117 882 241 949 intellige
269 881 381 950 (Eaeclt.
410 882 467 948 xa).
502 881 553 933 Per
585 881 636 935 boc
668 878 846 951 significatum
877 887 918 935 est
969 883 1097 953 scriptum
1113 893 1174 940 cst:
1195 910 1206 933 ιι
1224 888 1277 942 Vos
1305 889 1368 942 estis
1396 890 1525 959 templum
1557 889 1605 942 Dei
1634 888 1671 942 ttt
1696 889 1760 941 dur.

118 979 189 1049 quod
205 979 238 1032 nd
254 978 437 1045 cognitionem
454 977 533 1046 bajus
546 978 612 1032 adis
634 977 768 1049 perveniri
781 994 845 1045 ,nen
869 992 917 1047 po·

118 1076 178 1131 test,
194 1068 245 1121 nisi
261 1067 320 1122 visu
335 1067 453 1122 interiori
470 1074 497 1120 et
515 1066 649 1121 intellectu
676 1065 817 1135 spirituali.
843 1067 917 1122 Sicut

117 1154 384 1225 superiusdixiatuS,
401 1154 474 1209 idem
503 1154 628 1209 Ezechiel
656 1154 690 1210 de
716 1156 916 1209 consecratione

119 1253 340 1307 tabernaculisel
371 1251 495 1305 ecstasim
526 1252 614 1306 taliter
647 1252 764 1321 loquitur
799 1252 913 1307 dicens:

1005 620 1068 674 llaec
1082 620 1182 684 omnia,
1199 622 1360 687 charissimi,
1375 613 1424 677 nos
1437 623 1591 694 respiciunt.
1617 624 1680 677 llam
1707 622 1766 677 uni·

970 988 1021 1050 rtjt.
1039 1005 1049 1031 ι
1069 985 1102 1038 Et
1117 985 1212 1039 iterum
1230 1002 1236 1039 :
1256 1009 1266 1034 ι
1285 987 1445 1043 lnbabitnbo
1461 988 1486 1040 in
1504 988 1550 1052 eis,
1576 987 1640 1041 dicit
1668 987 1764 1041 bomi-

970 1087 1029 1135 nus,
1041 1079 1067 1126 et
1086 1073 1148 1142 ipsit
1167 1083 1243 1129 erunt
1262 1076 1328 1130 ntibi
1348 1076 1376 1130 in
1391 1077 1530 1147 poputum,
1547 1083 1572 1131 et
1587 1092 1639 1143 epo
1654 1090 1699 1129 cro
1714 1074 1767 1129 illis

968 1160 995 1213 in
1012 1159 1110 1215 Deum.
1127 1161 1181 1215 Em
1197 1162 1236 1215 eis
1249 1178 1356 1232 otioque
1371 1164 1397 1217 in
1413 1173 1526 1234 patrem,
1543 1171 1569 1219 et
1584 1164 1633 1233 ipsi
1648 1164 1714 1217 mibi
1738 1164 1766 1217 ia

968 1247 1039 1301 lilios
1055 1258 1080 1304 ct
1095 1248 1164 1304 filias
1179 1251 1278 1317 (Eroti.
1296 1252 1372 1317 xxv).
1390 1276 1401 1300 ι
1419 1252 1442 1308 0
1458 1270 1538 1322 qumn
1553 1254 1655 1317 beatus,
1673 1252 1699 1305 in
1713 1266 1765 1320 quo

120 1364 132 1389 ι
150 1342 214 1395 bavi
232 1350 255 1395 to
270 1357 350 1410 aqua,
366 1341 431 1394 unxi
447 1348 471 1394 tc
486 1341 557 1405 oleo,
572 1340 667 1394 vestiri
682 1350 707 1394 te
728 1340 914 1408 discoloribus,
970 1345 1071 1401 habitat
1085 1348 1166 1402 Deus.
1184 1349 1258 1404 Sicut
1273 1365 1390 1418 uanique
1406 1352 1463 1404 brec
1477 1350 1573 1403 dtmms
1597 1368 1629 1405 ex
1653 1357 1767 1419 ipratuor

117 1438 222 1486 etcecc
238 1429 433 1485 factaesmibi
449 1430 558 1499 (Excute.
574 1431 628 1497 tx).
649 1452 660 1476 ιι
678 1428 745 1497 Quae
765 1429 858 1485 omnia
881 1430 915 1485 ab
969 1435 1115 1506 parietibus
1159 1438 1331 1501 construitur,
1380 1438 1417 1493 ita
1462 1439 1592 1509 templum
1645 1438 1765 1508 corporis

69 1562 77 1571 ·
116 1526 251 1596 episeopis
266 1524 320 1580 fieri
337 1524 364 1579 in
380 1525 421 1579 bis
435 1525 543 1596 templis
564 1526 723 1580 manufactis
747 1527 836 1595 palam
858 1535 910 1581 cst.
969 1523 1050 1577 nostri
1079 1531 1193 1593 quatuor
1218 1526 1358 1581 clementis
1384 1524 1532 1582 conficitur.
1562 1526 1596 1580 Et
1624 1526 1691 1579 sieut
1717 1526 1767 1580 ista

117 1613 196 1682 Quod
212 1622 300 1668 tamen
317 1621 400 1667 totum
429 1612 459 1666 fit
484 1621 593 1685 propter
621 1630 679 1681 nos,
711 1614 756 1683 qui
785 1615 914 1683 templum
969 1611 1066 1666 ‹fontus
1081 1613 1107 1666 in
1123 1612 1293 1669 dedicatione
1308 1616 1381 1684 prins
1409 1631 1477 1684 aqua
1506 1614 1646 1669 benedicta
1674 1630 1765 1684 asper-

118 1703 289 1757 lieisumus.
309 1701 516 1757 L'ndodicitar:
536 1703 704 1772 aTemplum
719 1704 768 1757 Dei
791 1680 1050 1779 sanctumBgitur,
1079 1708 1178 1764 deindo
1200 1709 1344 1764 chrismate
1372 1720 1565 1766 consecratur:
1596 1712 1631 1765 ita
1669 1726 1767 1783 corpus

116 1805 168 1867 est,
184 1798 257 1868 qaod
272 1799 335 1853 estis
349 1814 398 1852 ros
412 1798 439 1855 fl
454 1798 515 1854 Cor.
532 1808 584 1863 tu).
603 1822 614 1846 ιι
632 1798 769 1869 Quidquid
792 1801 863 1853 enim
886 1798 916 1854 su
968 1804 1088 1851 nostrum
1116 1813 1187 1865 atpua
1215 1797 1384 1867 baptismatis
1406 1800 1480 1868 prius
1503 1799 1629 1865 abluitur,
1668 1799 1765 1855 deimlo

117 1887 145 1941 in
162 1887 269 1957 templis
284 1887 445 1941 manufactis
469 1887 503 1942 ab
528 1888 663 1958 episcopis
685 1888 915 1957 consecrantibus,
968 1892 1060 1939 sancto
1075 1885 1219 1940 chrismate
1235 1887 1405 1957 perungitur.
1438 1887 1568 1957 Quaedam
1591 1888 1710 1943 basiliere
1738 1888 1765 1942 in

117 1977 168 2031 boe
197 1982 281 2030 totum
313 1975 341 2029 in
367 1975 476 2044 templis
503 1977 653 2029 animarum
680 1986 831 2031 nostrarum
860 1976 917 2031 fieri
969 1983 1080 2038 modum
1095 1985 1182 2039 crucis
1210 1984 1382 2050 fabricantur,
1413 1994 1440 2040 et
1467 2002 1563 2056 corpus
1590 1993 1709 2041 nostrum
1738 1985 1766 2039 in

116 2071 227 2127 debota
243 2072 331 2137 nobis,
348 2080 453 2127 nosmet
467 2073 596 2143 templum
614 2074 670 2127 beo
695 2073 911 2143 preparantibus.
969 2070 1079 2125 modum
1095 2072 1183 2127 crucis
1198 2071 1352 2127 inficientur.
1379 2074 1566 2128 sanctuarium
1590 2074 1670 2141 bajus
1695 2082 1765 2126 tem-

153 2196 238 2268 lgitur
252 2213 334 2260 aune,
350 2195 528 2251 dilectissimi.
555 2196 751 2252 consideranda
774 2205 812 2252 est
838 2198 917 2253 nobis

117 2293 278 2349 constructio
293 2292 386 2364 templi
401 2293 461 2358 Dei,
478 2295 529 2348 boc
543 2300 583 2348 est
609 2293 793 2362 bujasdomus
811 2296 914 2350 oratio-

116 2382 168 2447 nis,
181 2382 259 2451 cujus
273 2381 353 2436 bodie
368 2381 499 2436 solemnia
513 2382 627 2436 colimus
641 2368 745 2438 festivae
765 2383 915 2439 dedicatio-

116 2471 170 2525 nis.
192 2471 293 2525 Domus
308 2473 366 2525 bac
379 2471 526 2525 secundum
543 2472 669 2526 Ecclesia
688 2480 785 2526 statum
811 2474 914 2528 fortna-

117 2577 180 2623 tur:
199 2568 270 2622 unde
285 2576 310 2622 et
324 2568 436 2623 ccclesia
451 2568 524 2638 quod
553 2571 714 2625 convocatio
743 2569 839 2625 dicitur
863 2585 914 2639 ap-

117 2656 241 2727 pellatur,
263 2657 325 2727 quia
345 2658 371 2710 in
395 2674 426 2711 ea
446 2657 561 2728 populus
580 2657 614 2711 ad
646 2657 787 2712 colendum
823 2667 848 2713 ot
881 2658 915 2713 ad

119 2746 250 2800 orandum
266 2762 348 2799 unum
364 2753 390 2799 et
413 2762 506 2799 rerum
530 2746 615 2800 Deum
641 2752 813 2801 convocatur.
838 2745 915 2816 Qua-

118 2842 568 2914 tuorparictibnscorupaginatur.
592 2847 618 2896 et
645 2842 758 2896 ecelesia
784 2860 817 2896 ea
845 2859 914 2912 qua-

118 2937 179 2985 tuor
194 2930 349 3000 Et'angeiiis
362 2930 554 2985 consolidatur.
571 2929 755 2984 sanctuarium
779 2930 861 2985 babet
888 2930 915 2985 in

118 3020 281 3088 quoclerus,
299 3018 629 3073 etanterioreutdomum
659 3018 686 3072 in
714 3034 767 3087 quo
801 3020 955 3097 populusC

117 3116 247 3171 consistit.
280 3117 347 3170 item
367 3124 392 3171 ot
421 3115 540 3170 Ecclesia
568 3114 648 3170 babet
674 3116 912 3185 coattrmplatiram

118 3205 199 3259 ritum
215 3204 242 3257 in
257 3221 310 3274 qua
337 3204 470 3275 spiritales
498 3203 588 3271 babet,
618 3212 644 3258 ot
672 3204 787 3259 activam
812 3205 838 3259 iu
863 3222 916 3275 qua

118 3293 251 3347 constituti
278 3301 338 3346 sunt
365 3294 516 3348 saculares.
547 3292 765 3364 contemplativa
794 3294 848 3349 rita
876 3302 915 3348 est
985 3346 990 3355 ,

116 3391 213 3437 cuneta
229 3389 334 3438 terrena
350 3398 397 3453 pro
414 3382 462 3435 Dei
478 3397 570 3436 errrore
585 3381 746 3451 relinquere,
770 3382 828 3436 sola
856 3398 914 3437 cta-

113 3478 336 3548 tosrioqnaerere,
363 3478 469 3533 assidue
495 3494 581 3544 orare,
610 3494 682 3549 saepe
704 3478 832 3547 lectitare,
862 3480 914 3549 bp-

114 3568 185 3622 mnis
200 3575 226 3622 et
240 3568 350 3622 canticis
362 3568 465 3640 jugitur
480 3567 564 3621 Deam
590 3566 709 3621 laudare.
734 3567 826 3621 Λαίνα
849 3582 913 3622 roro

112 3657 167 3711 rita
182 3663 230 3719 est,
247 3663 347 3709 castam
363 3655 445 3708 vitam
461 3670 512 3707 cun
527 3653 645 3725 conjuge
660 3652 768 3722 ducere,
793 3652 862 3709 filios
886 3656 912 3709 in

112 3752 162 3807 Dei
178 3754 273 3807 timore
289 3752 398 3817 nutrire,
416 3766 547 3822 pauperes
561 3751 622 3805 cibo
640 3758 666 3805 et
692 3759 756 3823 potu
780 3768 911 3821 recreare,

113 3841 234 3896 infirmos
247 3849 274 3896 et
289 3840 383 3894 viduas
398 3840 515 3903 risitare,
532 3847 559 3893 et
578 3839 703 3894 omnibus
726 3842 912 3896 necessitatem

114 3929 278 4001 patientibus
293 3937 402 4000 prepter
415 3928 585 3983 dilectionem
600 3930 716 3998 proximi
737 3946 787 4000 pro
811 3931 913 3988 viribus

116 4044 196 4096 opera
213 4028 290 4081 ferre.
308 4029 337 4081 ln
352 4026 503 4081 sanctuario
524 4034 564 4081 est
591 4027 683 4093 altars,
714 4028 742 4081 in
771 4045 824 4099 quo
852 4036 913 4084 sunt

114 4124 266 4171 sanctorum
282 4115 403 4186 reliquiae
420 4134 425 4170 :
444 4116 495 4170 hoc
510 4123 550 4169 cst
577 4115 605 4169 in
634 4116 755 4171 Ecclesia
782 4118 910 4183 illiristns,

114 4204 141 4257 in
156 4203 233 4272 cnjus
247 4205 475 4275 contemplatione
495 4204 667 4273 requiescunt
690 4213 794 4258 mentes
819 4205 912 4259 beato

111 4317 183 4367 rum,
199 4308 226 4356 ct
239 4302 265 4355 in
280 4301 357 4370 cujus
370 4310 514 4372 conspeetu
534 4301 600 4371 justi
628 4302 761 4356 exsultent
788 4309 814 4357 et
841 4319 910 4374 epa-

111 4398 208 4463 lontur,
225 4405 251 4452 et
266 4398 293 4453 in
306 4397 398 4453 laetitia
413 4397 579 4454 ‹lclootentur
592 4400 681 4466 (Paul,
697 4402 792 4467 aurit).
821 4400 909 4455 Fene·
924 4388 952 4449 D

111 4494 173 4542 strae
188 4485 284 4556 quibus
299 4487 357 4541 baec
381 4486 477 4542 domus
504 4487 659 4554 illustratur,
688 4494 750 4542 sunt
778 4486 911 4559 doctores,

111 4604 240 4658 perquos
258 4587 367 4642 caeleste
396 4587 487 4641 iumen
515 4587 543 4640 in
571 4587 721 4642 Ecclesiam
752 4587 909 4659 ingreditur.

112 4678 234 4745 Laqucar
249 4676 359 4746 picturae
373 4692 425 4745 quo
449 4676 506 4729 liceo
529 4675 647 4729 Ecclesia
671 4676 846 4731 Dominioalis
866 4677 912 4731 de·

113 4773 229 4827 cecatur,
244 4773 306 4819 sant
318 4766 381 4820 eitra
395 4772 422 4819 ot
435 4764 563 4833 exempla
576 4771 739 4830 sanctonnn,
766 4782 826 4834 qum
854 4766 912 4834 qtri·

113 4879 165 4932 que
180 4863 216 4934 pii
242 4862 268 4916 in
298 4862 419 4917 Ecclesia
448 4862 599 4916 imitantur.
631 4863 792 4917 Continuam
821 4862 911 4917 lumen

113 4966 166 5019 quo
195 4951 361 5017 inimicatur,
391 4959 431 5006 est
455 4950 570 5022 Spiritus
603 4951 688 5005 sancti
725 4951 823 5021 pratia,
859 4968 912 5020 qua

113 5038 349 5111 Ecclesiajugiter
375 5039 530 5093 irradiatur.
562 5040 633 5093 Crux
660 5039 759 5094 Christi
787 5039 830 5093 bic
857 5038 912 5095 lixa

112 5135 247 5201 adoratur,
273 5145 301 5191 et
329 5136 424 5190 Christi
458 5135 549 5206 passio
577 5152 592 5190 a
620 5135 724 5191 cunctis
756 5136 913 5190 Christianis

110 5233 265 5279 veneratur.
286 5224 346 5293 Quo
362 5239 427 5278 crux
442 5232 563 5295 portatur
575 5224 723 5293 scqtrimur,
744 5224 807 5293 quia
830 5225 910 5280 Cbri-

108 5313 141 5365 sti
172 5313 287 5384 vestigia
316 5313 391 5382 sesqui
420 5313 560 5377 (lebamus,
589 5313 612 5365 si
642 5312 675 5369 ad
703 5313 811 5368 culeste
838 5320 910 5368 tom-

111 5409 186 5481 plum
218 5411 310 5465 uenire
339 5411 472 5465 colamus.
488 5411 585 5466 Turres
607 5420 669 5466 sunt
692 5412 819 5468 sceleste
842 5428 912 5484 prm·

111 5499 168 5564 lati,
184 5514 325 5569 campanar
349 5514 441 5555 eorum
471 5500 685 5572 praedicationes.
715 5502 756 5557 Do
784 5502 833 5555 bac
855 5502 908 5557 do-

108 5604 153 5643 mo
169 5588 251 5657 ojccit
265 5586 412 5645 rendentes
426 5596 454 5643 ct
480 5595 602 5645 ementes
628 5588 768 5645 columbas
795 5588 906 5657 (aetat.

105 5686 165 5733 m.
183 5674 326 5733 columbo
349 5683 411 5733 mat
434 5674 567 5750 spiritalia
592 5672 678 5733 douai
710 5674 814 5735 Omma
840 5692 908 5751 orgo

970 2159 1006 2229 pli
1023 2167 1061 2213 est
1077 2176 1152 2213 mens
1172 2168 1272 2225 nostra,
1288 2178 1348 2231 (pue
1362 2162 1492 2230 spiritalia
1517 2170 1619 2217 tractat.
1645 2161 1767 2215 anterior

969 2247 1066 2301 domus
1082 2256 1122 2304 cst
1137 2249 1237 2312 anima.
1253 2266 1312 2319 qua
1327 2266 1375 2321 per
1388 2267 1480 2305 sensus
1493 2251 1613 2320 corporis
1636 2252 1697 2305 vitae
1720 2266 1766 2304 ne-

968 2346 1084 2400 cessaria
1098 2345 1244 2417 dispensat.
1260 2347 1442 2417 ditaresuper
1465 2346 1537 2418 quod
1565 2346 1697 2403 sacrificia
1720 2346 1766 2402 of·

970 2433 1090 2489 feruntur
1104 2443 1144 2489 est
1155 2450 1202 2489 cor
1215 2443 1345 2497 nostram,
1363 2437 1390 2489 in
1415 2452 1467 2506 quo
1489 2436 1597 2492 insudas
1620 2436 1765 2505 cogitatio·

969 2538 1017 2577 nes
1032 2530 1059 2576 et
1073 2538 1146 2590 purae
1161 2525 1295 2579 omtionos
1309 2525 1367 2579 Deo
1388 2525 1576 2580 incenduntur.
1610 2524 1700 2578 farris
1727 2532 1766 2577 est

969 2618 1049 2680 caput
1063 2619 1192 2678 nostrum,
1208 2623 1341 2683 campana
1356 2621 1395 2667 est
1417 2614 1518 2684 lingua,
1548 2629 1601 2682 qua
1629 2613 1767 2683 proximos

969 2707 1101 2763 debemus
1115 2725 1212 2764 uocare
1226 2709 1261 2763 ad
1275 2710 1402 2766 caelestia.
1421 2712 1449 2763 ln
1467 2713 1516 2764 buc
1535 2710 1616 2764 domo
1640 2710 1764 2763 fenestrae

969 2797 1113 2851 suntoculi
1129 2798 1221 2861 nostri,
1238 2798 1342 2867 pictura
1356 2814 1419 2853 vcro
1443 2798 1512 2853 bona
1542 2814 1633 2868 opem.
1664 2799 1765 2851 Lumen

972 2885 1088 2940 lucernae
1102 2894 1142 2940 est
1164 2886 1255 2941 lumen
1266 2886 1394 2941 scientiae.
1407 2887 1482 2943 Sicut
1505 2902 1570 2957 ergo
1593 2885 1763 2954 sacrilegium

969 2991 1115 3055 perpetrat.
1132 2985 1178 3054 qui
1194 2985 1245 3039 boc
1260 2985 1388 3053 templum
1405 2985 1494 3049 violat,
1520 2985 1556 3039 ita
1579 2992 1606 3038 et
1634 3000 1766 3052 ‹praeun-

970 3090 1022 3143 quc
1039 3073 1166 3143 templum
1182 3074 1230 3128 bet
1247 3074 1336 3142 aliqua
1356 3072 1525 3127 immunditia
1542 3074 1583 3126 rel
1599 3073 1689 3141 aliquo
1709 3073 1763 3125 cri*

969 3161 1061 3215 mincii
1090 3169 1201 3229 peccato
1230 3161 1379 3227 violaverit,
1412 3163 1482 3216 bunc
1510 3162 1581 3216 Deus
1607 3160 1766 3231 disperdens

969 3249 1117 3304 damnabit.
1145 3250 1246 3304 bornus
1275 3250 1333 3305 laec
1361 3265 1421 3303 eum
1451 3249 1560 3303 interius
1588 3248 1764 3317 benedicitur,

968 3362 1067 3411 cincre,
1085 3345 1150 3412 sale,
1163 3345 1236 3411 vino,
1253 3361 1333 3415 aqua,
1348 3346 1476 3417 hyssopo,
1491 3347 1584 3401 savina
1599 3346 1761 3417 aspergitur.

968 3435 1018 3489 l‘cr
1030 3434 1147 3488 ciuerem
1164 3434 1330 3504 penitentia,
1347 3450 1395 3505 per
1408 3435 1447 3490 sal
1476 3434 1616 3506 sapientia,
1647 3450 1696 3504 per
1722 3432 1765 3487 ri·

967 3539 1031 3577 anm
1046 3522 1225 3593 spiritualium
1243 3521 1429 3589 intelligentia,
1445 3540 1493 3593 per
1507 3540 1603 3594 aquam
1628 3522 1767 3594 proximo

966 3628 1026 3666 rum
1040 3627 1103 3666 cura
1118 3611 1290 3683 intelligitur.
1309 3612 1405 3667 Cinere
1419 3612 1529 3667 domum
1546 3622 1662 3667 nostram
1675 3629 1765 3682 asper-

965 3700 1065 3771 gimus,
1082 3700 1103 3754 si
1120 3706 1251 3755 transacta
1267 3700 1339 3755 mala
1354 3718 1402 3772 per
1416 3702 1600 3772 poenitenbam
1620 3701 1759 3755 diluimus.

966 3788 1028 3844 Sale
1043 3788 1222 3863 aspergimus,
1252 3788 1273 3843 si
1303 3790 1360 3845 sola
1391 3790 1510 3846 calestia
1537 3790 1665 3861 sapimus.
1695 3789 1763 3843 t'tno

966 3887 1144 3959 aspergimus,
1161 3887 1182 3941 si
1199 3903 1247 3941 nos
1268 3887 1433 3956 spiritalibus
1460 3886 1633 3941 inebriamus.
1661 3890 1762 3954 ,tqttarn

966 3976 1155 4039 admiscemus,
1172 3976 1193 4029 si
1209 3976 1394 4045 proximorum
1410 3992 1501 4030 caram
1524 3991 1577 4028 non
1589 3974 1761 4045 negligimus.

965 4064 1088 4135 llyssopo
1103 4071 1129 4118 et
1143 4062 1246 4127 savina,
1258 4078 1318 4132 quae
1336 4079 1436 4117 amarae
1451 4062 1541 4118 berbae
1557 4070 1627 4129 sunt,
1639 4062 1762 4133 aspergi-

965 4176 1035 4224 mus,
1052 4160 1074 4213 si
1087 4160 1200 4229 jejuniis
1215 4167 1242 4213 et
1256 4158 1367 4231 sigiliis,
1384 4176 1444 4229 qua)
1458 4175 1550 4215 amara
1564 4168 1635 4223 sunt,
1651 4158 1713 4213 vitia
1736 4159 1763 4212 ia

964 4248 1043 4302 nobis
1059 4246 1252 4303 mortificamus

1161 4408 1200 4463 De
1215 4407 1306 4463 tribus
1320 4407 1556 4464 dedicationibus.

1003 4529 1143 4586 Dedicatio
1158 4531 1250 4602 templi
1264 4530 1290 4584 in
1306 4548 1406 4604 magno
1422 4533 1523 4587 bonore
1537 4532 1687 4587 habebatur
1709 4547 1761 4585 an-

965 4626 991 4675 te
1006 4617 1149 4674 mirantum
1168 4619 1274 4673 Christi.
1290 4620 1368 4676 Unde
1383 4627 1409 4673 et
1423 4626 1475 4675 tres
1489 4620 1671 4675 ‹leclirationes
1691 4628 1762 4673 tem-

965 4708 1002 4779 pli
1017 4715 1079 4761 ante
1094 4706 1263 4763 Dominicanr
1284 4708 1497 4764 incarnationem
1522 4710 1672 4764 referuntur
1694 4708 1763 4762 cele-

964 4796 1057 4859 bratio,
1070 4812 1130 4851 cum
1147 4796 1264 4851 maxima
1280 4796 1424 4853 damtione
1439 4798 1525 4868 plebis
1552 4797 1681 4852 Jraitticir.
1705 4795 1761 4850 l‘ri-

964 4902 1009 4939 ma
1024 4884 1157 4954 siquidem
1173 4885 1306 4941 dedicatio
1321 4902 1337 4940 a
1352 4886 1497 4941 Salomone
1512 4894 1632 4955 tempore
1657 4892 1762 4939 auturn-

964 4974 1001 5037 ni,
1020 4973 1303 5029 medinazombabel
1331 4981 1358 5028 et
1385 4975 1446 5029 Jesu
1475 4974 1613 5028 sacerdote.
1639 4982 1761 5043 tempore

963 5060 1284 5127 reris;ultimanJuda
1313 5063 1468 5117 blacbabceo
1498 5062 1568 5117 facta
1595 5060 1761 5129 dignoscitur

964 5155 1085 5218 tempore
1100 5150 1207 5206 biemis.
1225 5152 1254 5204 la
1271 5152 1331 5215 bac,
1360 5152 1478 5220 inquam,
1509 5150 1677 5204 dedicatione
1700 5166 1761 5220 spe-

963 5238 1066 5293 cialiter
1080 5238 1179 5311 legitur
1191 5239 1363 5294 constitutum
1376 5256 1446 5303 esse,
1469 5247 1498 5294 ut
1524 5238 1617 5295 etalem
1647 5238 1760 5294 dedica-

963 5324 1000 5380 tio
1011 5342 1060 5397 per
1072 5342 1167 5381 ornnes
1181 5342 1265 5382 annos
1279 5335 1459 5391 revocaretur,
1476 5328 1503 5382 in
1535 5327 1694 5382 memoriam
1717 5344 1761 5381 sn-

962 5412 1097 5468 lemnibus
1111 5414 1217 5469 ciliciis.
1232 5416 1312 5471 Juxta
1327 5414 1399 5485 quod
1417 5432 1501 5484 arsque
1522 5415 1555 5469 ad
1585 5424 1692 5485 tempus
1717 5417 1761 5471 iu·

961 5502 1125 5558 carnationis
1140 5503 1289 5558 Dominicis
1312 5506 1380 5559 banc
1406 5503 1603 5558 solemnitatem
1633 5505 1757 5557 attumn-

961 5596 1016 5646 tam
1032 5590 1113 5646 fuisse
1127 5592 1320 5663 compmbatur
1331 5608 1365 5647 ex
1380 5592 1541 5665 euangelica
1563 5592 1691 5647 tertiano.
1717 5591 1760 5643 ,tit

963 5677 1036 5735 enin
1050 5676 1169 5737 loannes
1193 5678 1362 5754 mpura
1377 5694 1415 5739 ιιι
1443 5678 1526 5737 Facta
1551 5683 1614 5735 aaut
1639 5674 1761 5733 meanis
