3780 6038
114 218 170 286 lid
846 224 1044 294 semones.
1718 231 1774 298 eto

112 378 253 456 'mm
272 378 403 451 puppem,
430 388 458 441 ep
483 381 633 459 „mandi
659 380 792 452 homines·
822 382 920 456 quibu,
933 365 961 430 Α
973 359 1106 418 etenimae
1118 368 1239 421 crearent
1252 368 1278 419 et
1292 370 1455 435 crearentur,
1470 380 1525 424 noo
1540 372 1630 423 umen
1645 364 1773 426 daecan-

113 478 226 545 propter
239 470 482 543 eorimpoenitoms
506 489 608 541 eorum,
638 473 760 547 ignotum
789 483 830 530 ose
857 489 918 530 θοι»
971 465 1013 520 nis
1027 466 1173 538 apertione,
1189 467 1259 525 Nam
1274 467 1297 525 si
1312 468 1415 527 deessset
1429 470 1517 527 earnis
1540 471 1653 542 apertio,
1683 471 1772 545 uirgi-

112 559 248 631 repnonis
262 560 412 617 nominoe
435 570 462 616 et
486 563 633 618 nortvinus
658 563 823 635 mysterium.
850 562 917 633 Qun
972 555 1040 611 utras
1062 565 1221 623 servaretur.
1246 567 1271 614 et
1295 558 1331 614 ira
1354 560 1535 631 oramusque
1559 570 1714 617 nosceretur
1736 560 1770 617 ur

112 647 187 704 idola
201 647 303 703 diaboli
318 658 390 705 recte
405 658 543 720 vocantur,
570 653 633 724 quia
657 653 685 706 in
709 653 783 725 ipsis,
816 660 843 707 et
871 669 918 724 per
972 656 1085 729 virgine.
1102 659 1155 715 Sari
1179 658 1235 714 lieri
1259 659 1370 715 minime
1394 661 1481 733 potuit
1504 670 1532 716 nt
1556 671 1711 718 nasceretur
1736 663 1770 719 do

113 752 188 824 ipses
232 752 350 822 lorpitur
385 753 485 825 pariter
517 762 543 811 et
577 764 712 827 operatur.
748 755 916 810 Salinatorem

113 848 235 896 nostrum
258 840 396 913 Scriptura
418 858 494 898 sacra
516 843 612 899 merito
638 845 740 900 ionum
756 844 915 916 appellarit,

113 929 178 999 quia
192 930 252 1002 ipse
267 929 338 985 unda
352 946 430 1001 oquae
443 939 470 987 et
484 932 633 1003 sanguinis,
650 948 698 987 siro
713 932 869 1004 prollueutis
883 949 917 989 cx

113 1018 208 1085 latere,
224 1035 311 1092 genus
325 1020 474 1076 humanum
488 1020 554 1076 latit
567 1038 583 1076 a
596 1021 720 1077 sordibus
735 1030 914 1093 peccatorum,

113 1113 139 1164 et
152 1108 257 1165 crearit
275 1108 423 1165 Ecclesiam
439 1109 497 1165 sine
512 1126 581 1183 ruga
596 1119 624 1166 et
638 1112 744 1167 uincula
758 1112 870 1183 (Epire.
888 1128 916 1177 v,

971 746 1075 819 virgine
1091 750 1182 817 homo,
1210 749 1262 803 nisi
1276 749 1320 803 ille
1334 750 1417 816 solus,
1434 751 1478 822 qui
1495 759 1534 806 est
1547 752 1620 807 Deus
1634 760 1661 807 et
1676 755 1769 808 laomo.

971 836 1139 907 Quicumque
1154 837 1235 909 igitur
1262 855 1342 909 supcr
1369 841 1419 895 lroe
1447 839 1524 895 aliter
1551 841 1669 912 sapiunt,
1699 842 1770 897 desi·

969 926 1055 997 pinnt,
1071 935 1097 981 ct
1111 927 1182 997 quod
1197 935 1236 983 est
1250 943 1359 997 prorsus
1374 929 1489 985 alienum
1519 948 1535 985 n
1563 930 1675 986 ueritate
1706 947 1768 986 nar·

970 1023 1039 1080 rant,
1055 1016 1102 1071 scd
1116 1024 1214 1084 errant,
1231 1017 1332 1072 etnilril
1344 1018 1451 1089 prodest
1474 1019 1513 1073 cis
1537 1027 1649 1075 matrem
1679 1019 1771 1075 Salva·

971 1104 1044 1172 toris,
1060 1113 1084 1159 et
1100 1112 1289 1176 antepartum,
1308 1115 1334 1161 et
1346 1115 1522 1176 postpartum
1542 1107 1662 1164 conliteri
1687 1108 1770 1181 virgi-

112 1207 172 1273 arr,
187 1204 216 1259 rc
229 1205 341 1261 estsine
365 1208 535 1264 deformiore
561 1215 588 1264 er
610 1208 791 1275 inaniuntur,
817 1208 917 1264 ersus
971 1210 1043 1261 num,
1059 1194 1104 1265 uui
1118 1211 1179 1249 eam
1194 1194 1221 1249 n
1234 1211 1283 1251 ⁵110
1293 1204 1370 1265 cartu
1395 1196 1475 1251 fuisse
1499 1196 1632 1269 ursinam
1656 1206 1767 1269 nrgrnr.
1808 1220 1811 1225 ·

112 1309 243 1365 sponsam
257 1294 339 1367 elegit
353 1304 380 1352 et
395 1298 535 1370 templum.
552 1298 622 1353 Fons
636 1298 685 1354 isto
711 1314 770 1355 esse
794 1298 918 1371 signatus
972 1300 1053 1373 Virgo
1068 1301 1165 1357 etenim
1182 1311 1273 1357 saucia
1288 1303 1336 1357 luit
1351 1312 1412 1358 ante
1435 1311 1552 1373 partum,
1581 1311 1608 1358 ct
1635 1302 1661 1358 iu
1691 1310 1769 1373 partu

112 1397 343 1471 nonineongmffi
360 1400 626 1471 mphihefflffflant,
643 1417 681 1468 w,
712 1402 767 1469 ppt,
801 1400 865 1472 quia
889 1401 917 1456 tu
970 1389 1048 1463 virgo
1062 1391 1187 1458 sanctior,
1204 1400 1230 1447 et
1256 1391 1422 1447 sanctissima
1451 1392 1529 1465 virgo
1558 1400 1619 1462 post
1648 1401 1766 1462 partum,

114 1483 201 1561 347
219 1487 294 1542 omni
309 1487 420 1543 emme
434 1496 459 1543 er
473 1488 613 1545 sanctirum
627 1498 697 1545 esra
718 1490 796 1546 pape
823 1491 917 1546 sancti.
971 1480 1033 1551 quia
1048 1487 1148 1549 rpuanto
1162 1480 1266 1549 rrrnjma
1281 1481 1337 1551 egit
1351 1481 1377 1534 in
1392 1498 1424 1535 oa
1439 1481 1532 1536 (lirina
1545 1481 1677 1553 operatio,
1694 1489 1768 1536 tanto

112 1582 219 1639 beatus.
235 1584 306 1641 Fons
318 1585 369 1641 iste
382 1602 503 1653 manens,
530 1595 557 1643 et
585 1587 740 1644 indeficiens
768 1604 816 1645 auo
844 1604 914 1657 rore,
971 1568 1058 1639 ¹¹¹⁰j⁰¹⁸
1073 1568 1158 1645 349
1175 1570 1201 1623 111
1218 1570 1275 1640 ipsa
1294 1569 1419 1625 1111111115
1442 1569 1527 1625 1111111
1549 1576 1628 1641 atque
1655 1570 1765 1642 ‘elidw-

111 1674 198 1728 sancei
227 1673 341 1745 spiritus
366 1675 478 1730 scillicet
505 1676 651 1743 infusione,
682 1677 783 1749 rigavit
812 1679 916 1733 viscera
970 1668 1165 1724 llocdocemur
1178 1668 1230 1722 llrle
1257 1667 1398 1733 catholica,
1423 1676 1449 1723 et
1474 1668 1624 1723 Christiana
1647 1667 1769 1724 doctriua

109 1760 240 1834 gloriosae
254 1762 355 1829 maim,
372 1780 452 1834 quam
468 1764 606 1836 plenitudo
620 1765 768 1822 ditinitatis
793 1734 954 1839 corpora·B
968 1757 1130 1812 ⁰⁰sslfflriu¹¹¹
1157 1763 1318 1813 1151111111·
1353 1758 1498 1827 Nunquam
1537 1758 1626 1827 1111111111
1664 1764 1767 1827 alerias

111 1851 464 1919 tjrerjntmhjrans(c01.n,
482 1854 660 1923 appennini
675 1870 752 1910 suam
767 1855 916 1928 benignita.
969 1845 1015 1903 sed
1030 1845 1120 1901 clausa
1133 1861 1241 1915 semper
1254 1855 1281 1900 et
1294 1845 1411 1919 sigillata
1439 1847 1489 1901 luit
1511 1847 1578 1902 uteri
1603 1846 1696 1901 matris
1724 1861 1768 1902 no

112 1946 167 1995 tem
182 1940 272 2005 (Prot.
287 1954 406 2007 cxxxiv,
424 1942 478 2010 13),
495 1957 593 1998 norarn
609 1950 636 1997 et
650 1944 736 1998 solam
752 1944 811 1998 sine
826 1960 915 1999 cnem-
968 1934 1015 1989 5111
1034 1934 1181 1989 5111110115
1201 1933 1295 2003 ianua,
1320 1950 1369 2005 1111
1396 1952 1478 2006 (11111111
1505 1934 1588 1990 1111111
1612 1936 1669 2005 11111
1696 1935 1769 1991 ⁰⁶⁰⁸

112 2028 159 2099 plo
172 2028 389 2100 conceptionem.
401 2030 549 2086 lllanutem
559 2031 728 2087 sencdssima
747 2040 818 2087 terra
842 2031 916 2089 dedit
968 2024 1761 2098 11011111,1111111111111011111111111111111111111111111111(Ρ1111·

111 2113 230 2168 fructum
243 2128 322 2169 sunm
342 2114 429 2181 (Psoi,
445 2128 522 2181 cxvi,
537 2118 576 2185 Ἰ),
593 2116 670 2188 ringo
686 2115 806 2172 videlicit
819 2116 913 2181 illaria,
968 2126 1048 2178 stru,
1064 2116 1102 2177 o).
1124 2114 1218 2169 Utcrus
1232 2111 1310 2168 bonai
1324 2120 1351 2168 et
1363 2113 1451 2169 beatae
1465 2113 1578 2185 virginis
1599 2112 1690 2169 llariae
1710 2114 1767 2168 tha·

111 2218 195 2273 quem
209 2202 307 2274 angelo
322 2203 460 2258 nuntiante
484 2203 538 2259 lide
561 2212 587 2259 et
609 2203 754 2261 dilectione
778 2204 913 2276 concepit,
968 2200 1174 2268 lamusdicitur,
1189 2200 1253 2272 quio
1267 2201 1294 2255 in
1309 2218 1341 2258 eo
1370 2203 1471 2258 sociata
1498 2210 1559 2258 suut
1586 2209 1614 2258 et
1640 2201 1768 2257 divinitas

109 2291 205 2346 clausa
217 2290 277 2359 ejus
290 2291 358 2347 uteri
371 2299 449 2363 porta
463 2293 567 2364 peperit
581 2292 676 2360 lilium,
693 2294 720 2350 iu
737 2293 914 2364 Deoqrudem
968 2298 1052 2367 cami,
1080 2306 1107 2354 et
1133 2314 1197 2354 caro
1226 2306 1316 2354 nostra
1343 2299 1486 2355 divinitati.
1522 2299 1608 2355 l'ulra
1635 2299 1766 2366 mulieris,

109 2386 252 2442 bominem
275 2395 304 2442 et
329 2386 356 2441 in
379 2388 489 2444 homine
516 2389 614 2445 Deum.
644 2391 703 2446 lloc
733 2389 863 2447 ineffabili
889 2396 917 2446 et
968 2395 1046 2458 porta
1059 2386 1159 2442 ventris
1173 2386 1232 2457 ejus
1247 2388 1432 2455 recredicitur,
1450 2387 1513 2460 quia
1534 2405 1583 2461 pcr
1610 2387 1684 2444 illam
1712 2386 1769 2443 exit

110 2474 316 2547 inexcogitabili
329 2475 422 2542 modo,
439 2477 673 2549 Verbumsuctom
688 2483 804 2536 eatroro
815 2481 912 2547 (locu.
968 2478 1060 2543 homo,
1074 2484 1101 2532 et
1114 2477 1189 2533 uouit
1202 2477 1230 2531 in
1245 2479 1315 2534 hunc
1329 2477 1459 2532 mundum
1474 2494 1535 2533 cum
1550 2477 1609 2547 ipsc
1632 2476 1762 2532 nascitur.

110 2580 132 2630 r,
150 2565 208 2633 ll),
223 2564 295 2620 oeus
321 2564 424 2621 scilieet
449 2566 498 2621 [tei
527 2566 613 2622 Patris
642 2567 731 2634 Filius,
760 2568 846 2624 laetus
873 2575 915 2623 est
968 2562 1035 2633 Quae
1049 2565 1077 2619 in
1090 2564 1151 2621 aliis
1164 2566 1272 2637 quidem
1287 2566 1453 2637 mulieribus,
1465 2568 1541 2638 prole
1556 2575 1681 2633 exeunte,
1706 2580 1768 2638 apc-

110 2662 441 2737 fifiussemtnaeeirginjs‚
458 2666 707 2723 namnam-simut
723 2676 750 2724 ep
764 2668 915 2741 potentiali.
968 2654 1254 2713 ritur.insolaautcm
1269 2664 1353 2711 matre
1368 2657 1487 2725 Domini,
1516 2664 1541 2712 et
1569 2672 1602 2713 eo
1630 2663 1766 2726 nascente,

111 2766 153 2814 ter
166 2766 255 2814 naus.
270 2760 432 2817 Naturaliter
445 2762 546 2832 utique,
564 2764 627 2835 quia
642 2780 675 2819 cx
691 2780 724 2821 ea
749 2773 824 2837 perte
849 2780 914 2820 cor·
969 2760 1080 2820 11111111,
1105 2762 1132 2809 el
1158 2762 1252 2824 1105111
1280 2753 1476 2810 011181ΐυί581)
1500 2755 1598 2827 legitur
1626 2755 1766 2823 veraciter,

111 2848 187 2919 poris
200 2847 292 2905 nsfiae
306 2849 428 2922 virginis,
445 2867 498 2921 qua
512 2852 595 2908 homo
611 2852 723 2923 quisque
739 2853 773 2909 de
788 2870 836 2909 sua
860 2870 915 2910 ma.
968 2848 995 2896 et
1006 2840 1118 2898 firmiter
1131 2841 1256 2906 creditur,
1285 2841 1424 2898 Ezechiele
1453 2846 1586 2915 propheta
1614 2851 1767 2909 attestante,

111 2954 153 3002 pe
165 2946 294 3014 nascitur,
319 2955 396 3003 „mus
418 2954 459 3004 ,sp
482 2949 624 3015 Christum
649 2951 696 3007 sed
722 2951 913 3023 potentialiter,
968 2930 1014 3001 qrri
1028 2928 1690 3003 dicit:lirlportoindomollomioiclcuao,pore
1707 2946 1768 2988 oon

110 3034 186 3106 quia,
202 3035 384 3093 spcuppjcpum
398 3044 446 3104 ω,
464 3046 541 3110 popm
555 3039 656 3095 ponpis
681 3039 802 3109 ejusdem
834 3040 914 3115 pirgi,
967 3021 1114 3092 operietur
1127 3018 1326 3087 (dccccxliv,
1342 3020 1381 3089 ἰ).
1396 3019 1570 3075 Honorabilis
1584 3028 1610 3077 ct
1631 3020 1766 3091 praedice-

110 3133 155 3187 ὡς
167 3133 269 3200 clausa,
284 3150 394 3190 ,mans
408 3135 491 3208 igitur
504 3136 531 3190 1„
555 3152 609 3193 uno
634 3144 757 3193 „amram
783 3139 910 3194 humani,
968 3117 1031 3173 bilis
1046 3117 1155 3183 lemine,
1171 3116 1255 3190 iligna
1269 3116 1326 3172 Dco
1341 3116 1418 3190 virgo
1441 3118 1524 3173 llaria
1543 3117 1640 3174 domus
1658 3118 1757 3174 Dourin

111 3222 183 3291 totis,
200 3219 228 3277 iu
250 3222 335 3279 altero
363 3238 427 3280 rero
455 3226 602 3281 humanam
629 3233 752 3282 naturam
781 3244 912 3299 superans

108 3312 308 3384 omnipotentia
321 3311 476 3367 divinitatis.
501 3314 530 3370 Si
559 3314 618 3385 quis
647 3332 728 3389 snper
755 3318 807 3373 hoo
835 3316 913 3373 aliter

107 3401 202 3471 sentit,
217 3400 259 3459 rel
273 3402 351 3457 aliter
365 3402 491 3473 loquitur,
508 3403 633 3459 vitandus
648 3412 697 3472 oet,
714 3421 768 3461 nou
792 3421 912 3477 sequen-

107 3489 170 3558 dus,
186 3490 314 3561 quoniam
340 3491 397 3563 ipse
424 3491 504 3548 deria
531 3492 660 3563 sequitur.
691 3494 811 3551 Dedocet
838 3495 911 3551 enim

107 3592 262 3663 veritatem,
285 3600 313 3649 et
339 3593 419 3649 docet
445 3611 574 3650 errorem.
605 3596 640 3651 Et
668 3612 729 3651 curn
758 3596 847 3653 aliena
875 3599 911 3654 ab

107 3682 152 3736 lais
165 3698 227 3752 quae
240 3680 355 3753 Spiritus
368 3689 476 3739 sanctus
490 3700 539 3755 per
561 3700 593 3740 os
619 3693 773 3741 sauctomm
801 3702 910 3740 suonam

105 3769 214 3825 locutus
245 3776 294 3839 est,
328 3769 418 3827 dicere
449 3771 550 3840 nititur,
594 3774 670 3844 quasi
712 3790 811 3829 noram
858 3773 910 3830 sibi

105 3859 225 3931 gloriam
241 3858 337 3932 pingit,
354 3867 380 3915 ct
394 3860 458 3915 dum
479 3860 575 3917 lolsam
600 3862 721 3933 sequitur
744 3862 909 3933 felicitatem,

106 3962 203 4003 rer-am
226 3946 409 4003 inlclicitatem
446 3949 628 4019 consequitur.
660 3950 718 4005 lloc
745 3949 846 4006 idcirco
875 3949 913 4005 rli·

106 4046 208 4113 xerim,
235 4046 299 4117 quin
325 4046 486 4117 quibusdam
516 4049 638 4120 personis
667 4049 810 4105 ascribitur
838 4049 911 4120 quod

106 4144 224 4191 mauem
237 4134 347 4191 borniui
375 4143 401 4191 et
432 4144 495 4192 onte
523 4145 629 4209 partum
658 4146 685 4193 ct
714 4145 776 4211 post
804 4146 911 4210 partum

109 4228 197 4309 348
226 4232 375 4304 praedicant
399 4232 508 4303 quidem
537 4232 682 4306 virginem,
720 4235 768 4291 sod
805 4242 911 4307 portrrm

107 4328 210 4385 reatris
240 4328 300 4398 ejus
335 4337 456 4402 apertam
495 4330 521 4385 in
559 4345 608 4386 suo
646 4339 749 4403 partu,
788 4340 815 4385 ct
852 4340 913 4404 post

966 3205 1125 3277 appellatur,
1146 3205 1174 3260 in
1201 3221 1254 3275 qaia
1278 3213 1355 3277 porta
1378 3206 1515 3263 orientalis
1542 3207 1633 3263 clausa
1660 3222 1767 3278 semper

966 3310 1025 3350 esse
1039 3293 1205 3364 perhibetur.
1233 3294 1315 3349 liceto
1344 3295 1453 3351 nomine
1477 3294 1572 3363 llario,
1601 3296 1708 3362 domus,
1738 3293 1765 3349 id

965 3399 1006 3447 est
1019 3391 1150 3463 templum
1164 3390 1272 3447 Domini
1292 3391 1398 3459 dicitur,
1418 3391 1481 3462 quia
1496 3393 1569 3448 Deus
1590 3392 1648 3465 ipse
1666 3392 1767 3449 habitor

966 3481 1003 3535 rit
1017 3480 1044 3536 in
1059 3496 1100 3547 ea,
1117 3489 1143 3535 et
1170 3495 1220 3549 per
1246 3477 1485 3537 sanctificationem
1513 3481 1638 3551 spiritua,
1669 3490 1695 3537 el
1718 3496 1767 3554 per

966 3566 1111 3621 lauanauam
1144 3565 1360 3635 conceptionem.
1395 3566 1508 3621 Servata
1539 3566 1630 3637 itaque
1666 3565 1766 3621 divina

964 3662 1127 3734 proprietate
1143 3669 1254 3727 naturae,
1270 3660 1297 3717 in
1312 3668 1387 3717 utero
1402 3661 1515 3735 virginis
1530 3662 1615 3718 iactus
1632 3671 1672 3719 cst
1691 3676 1778 3729 care.)

964 3759 990 3807 et
1005 3752 1139 3823 perlectus
1152 3753 1234 3807 homo
1249 3750 1274 3804 in
1291 3749 1403 3806 veritate
1430 3751 1519 3806 carnis
1547 3759 1573 3807 ut
1601 3752 1709 3819 anianae,
1740 3760 1767 3808 et

965 3856 1014 3911 per
1026 3848 1132 3910 portam
1148 3839 1240 3911 templi
1256 3856 1316 3910 quire
1337 3840 1447 3910 respicit
1467 3840 1501 3895 acl
1525 3840 1674 3908 Orientem,
1706 3857 1767 3911 quae

965 3946 1014 3984 nec
1028 3944 1118 3998 perse
1132 3929 1226 4000 patuit,
1242 3944 1292 3983 nce
1307 3928 1342 3983 nb
1358 3928 1411 3984 alio
1426 3936 1519 4000 operta
1549 3928 1607 3996 luit,
1635 3930 1767 4001 processit

965 4026 999 4081 dc
1013 4026 1119 4097 virgine
1133 4034 1227 4081 matre.
1245 4025 1346 4081 Eadem
1361 4025 1462 4097 quippe
1485 4025 1661 4097 possibilitate
1686 4026 1767 4085 vulva

966 4140 1021 4179 suaa
1036 4124 1230 4180 matriscleusn
1258 4123 1399 4194 processit,
1429 4139 1461 4179 ac
1487 4123 1509 4177 si
1535 4123 1628 4178 luisset
1654 4132 1761 4196 operte·

967 4231 1114 4301 Utrumque
1129 4231 1280 4285 mimndnm
1296 4237 1336 4285 cst
1361 4248 1367 4285 :
1393 4236 1419 4284 et
1444 4229 1542 4286 lactum
1567 4230 1654 4285 Deum
1679 4230 1766 4289 honri-

966 4344 1038 4395 nem,
1055 4337 1081 4383 ct
1096 4329 1181 4384 licum
1197 4329 1333 4384 hominem
1356 4327 1441 4405 350
1466 4331 1500 4386 de
1527 4329 1634 4403 virgine
1662 4339 1764 4386 natum.

108 4426 216 4490 partum
242 4418 332 4475 statim
359 4419 478 4475 clausam
507 4418 589 4475 luisse
616 4419 744 4485 interitur,
773 4421 849 4491 quarsi
876 4421 912 4477 od
926 4447 952 4512 D
967 4426 996 4482 Si
1011 4425 1070 4496 qrris
1083 4425 1169 4480 Deum
1185 4425 1321 4481 bominem
1347 4426 1447 4482 sactum
1471 4428 1600 4494 attendat,
1622 4444 1705 4500 quare
1733 4429 1767 4483 de

106 4522 205 4576 boram
219 4520 299 4575 luerit
312 4519 400 4593 virgo,
414 4529 442 4576 ct
456 4521 491 4577 ad
511 4522 605 4577 boram
632 4522 778 4593 perdiderit
801 4522 911 4595 virgini·

108 4616 204 4664 tatem.
223 4610 349 4665 insonum
363 4617 403 4665 est
417 4611 469 4665 hoc
496 4608 596 4676 dicere,
626 4616 654 4665 et
681 4610 793 4667 credere
822 4612 910 4683 prola·

107 4728 186 4766 num.
201 4709 253 4781 Qui
267 4712 319 4767 boe
332 4711 406 4778 dicit,
422 4712 465 4768 rel
489 4711 583 4779 credit,
600 4712 711 4784 Spiritui
734 4722 827 4769 sancto
851 4730 914 4769 con·

106 4798 225 4854 tradicit.
240 4800 310 4855 Nam
325 4798 453 4855 dillitetur
466 4800 605 4856 verimcm
621 4816 702 4870 quani
718 4802 834 4873 Spiritus
851 4819 911 4856 sare

106 4910 168 4958 etus
176 4916 226 4973 per
239 4900 406 4958 Ezechielem
417 4903 576 4973 pmphetam
587 4903 728 4959 conflatur
750 4904 886 4959 dicentem
903 4922 909 4959 :

106 5006 160 5061 Eat
173 5008 258 5077 porto
271 5003 303 5060 io
318 5000 399 5060 domo
415 5005 527 5061 Domini
538 5005 647 5072 clauso,
657 5009 685 5062 et
697 5023 756 5062 noo
767 5006 913 5079 operietur·

107 5105 220 5175 (Euri.
231 5120 306 5174 ων,
319 5106 357 5173 2).
369 5104 428 5178 ligo
438 5113 526 5163 atatem
539 5104 566 5162 in
576 5106 677 5178 Spiritu
688 5116 780 5164 sancto
802 5108 914 5164 tirmiter

106 5208 200 5277 credo,
216 5215 245 5265 et
257 5206 441 5263 indubitanter
453 5207 587 5281 proliteor,
606 5217 633 5265 et
646 5209 680 5265 ud
696 5210 802 5276 horam,
828 5218 856 5267 et
878 5210 913 5267 ad

108 5314 226 5365 moram,
242 5303 271 5355 et
284 5302 345 5353 antc
360 5304 478 5368 partum,
494 5305 520 5353 et
534 5296 561 5352 in
576 5304 663 5370 partu,
680 5306 707 5353 et
722 5306 782 5371 post
807 5308 912 5371 partrun

108 5411 170 5451 eum
186 5394 271 5451 liniue
285 5392 430 5467 virginem,
445 5401 472 5449 et
500 5393 635 5466 peperisse
659 5394 687 5451 iu
716 5412 770 5451 uua
799 5413 915 5469 persono

108 5484 197 5540 Deum
211 5490 241 5541 et
253 5482 404 5552 bominem,
419 5489 447 5539 et
459 5480 518 5538 sinc
532 5482 621 5539 cernis
634 5482 784 5556 opertione,
800 5493 828 5543 et
855 5486 914 5543 sine

108 5570 570 5647 eorpuriaetenimooorroptione.
600 5574 632 5629 lu
661 5573 789 5645 paradiso
819 5574 914 5633 luisset

965 4531 1044 4594 partu
1059 4523 1174 4595 virginis
1187 4522 1290 4579 dubitat
1305 4525 1320 4577 i
1333 4525 1394 4580 Non
1409 4525 1482 4581 cuim
1506 4526 1618 4581 minoris
1645 4526 1767 4582 miraculi

967 4612 1016 4667 luit
1030 4612 1116 4667 Deum
1130 4610 1188 4666 lieri
1203 4612 1340 4667 hominem
1356 4629 1437 4683 quem
1453 4631 1546 4686 parere
1563 4614 1692 4670 seminam
1717 4615 1767 4669 rir-

965 4709 1193 4783 gincm.Breviter
1206 4710 1304 4780 (licam,
1321 4727 1355 4767 ne
1372 4710 1508 4766 fastidium
1524 4711 1620 4767 larium
1636 4711 1767 4767 audienti.

966 4810 1064 4881 Quaero
1080 4812 1159 4879 unde,
1176 4821 1295 4881 etaquo
1310 4811 1456 4868 factasunt
1471 4813 1591 4867 omnia?
1616 4816 1637 4867 ll
1656 4828 1710 4883 quo
1735 4813 1767 4868 si-

967 4900 1076 4971 quidem
1092 4901 1160 4956 lacto
1171 4909 1242 4967 sunt,
1257 4901 1339 4957 scitur
1354 4916 1361 4968 ;
1375 4900 1422 4956 secl
1437 4899 1509 4955 uude
1536 4899 1607 4957 locta
1634 4907 1694 4955 sunt
1719 4917 1766 4956 ue-

966 4997 1057 5053 scitur.
1071 4997 1143 5052 Deus
1157 4997 1248 5067 utique
1262 4996 1355 5051 omnia
1374 4995 1446 5063 iecit,
1476 4994 1524 5051 sed
1554 4996 1627 5051 nulla
1655 4997 1770 5055 materia

968 5093 1053 5149 luerat
1067 5102 1137 5160 ante,
1154 5093 1188 5148 cle
1202 5110 1254 5164 rpra
1270 5092 1370 5148 luceret
1384 5109 1425 5148 ea.
1442 5093 1620 5151 solummodo
1645 5095 1767 5153 volunta·

968 5189 1020 5238 tern
1035 5182 1127 5237 lraboit
1139 5181 1255 5237 faciendi
1273 5181 1411 5238 :batert
1420 5185 1500 5255 socio
1511 5186 1592 5249 runt,
1619 5182 1768 5242 rnoudocil

967 5282 1104 5337 cicrcoto
1113 5283 1182 5335 sont
1194 5279 1283 5345 (Psoi.
1292 5294 1384 5346 nanu,
1400 5284 1438 5349 a).
1455 5280 1523 5336 Ecce
1536 5280 1608 5335 Deus
1620 5281 1678 5336 sine
1695 5282 1766 5337 dilli-

967 5367 1074 5436 cultale,
1100 5376 1126 5423 et
1152 5368 1209 5421 sinc
1238 5367 1351 5424 arietaria
1378 5370 1480 5425 crearit
1508 5369 1642 5425 universo.
1670 5372 1768 5427 Nonne

968 5464 1092 5536 quadum
1106 5482 1141 5521 cx
1155 5464 1196 5521 liis
1210 5482 1271 5535 qum
1286 5464 1358 5532 lecit,
1374 5466 1402 5521 in
1417 5467 1485 5523 alios
1513 5484 1576 5523 usus
1597 5478 1766 5537 convertere,

968 5560 994 5610 et
1008 5552 1105 5625 quibus
1119 5552 1212 5620 voluit,
1229 5562 1255 5609 et
1268 5554 1336 5611 siem
1350 5554 1444 5623 voluit,
1472 5555 1509 5610 uti
1537 5556 1652 5629 potuit?
1677 5556 1766 5613 Potuit

111 5660 223 5733 quidem
236 5658 290 5717 iau
302 5658 429 5729 conditio,
445 5658 497 5717 nisi
506 5660 588 5734 primi
600 5668 727 5735 parentes
744 5670 911 5735 peccassent,
967 5654 1056 5729 plane.
1073 5655 1250 5729 Omnipotens
1262 5664 1302 5715 eat
1316 5656 1398 5715 Filius
1411 5658 1471 5724 Dei,
1486 5658 1514 5712 in
1542 5674 1596 5730 quo
1622 5664 1649 5713 ct
1673 5673 1690 5714 e
1712 5670 1767 5728 quo

111 5748 187 5823 oum
198 5748 262 5809 niue
273 5748 455 5827 campione,
468 5748 498 5809 id
515 5756 557 5811 eet
578 5749 638 5809 siue
660 5748 772 5811 mone
791 5753 914 5829 corporis
967 5759 1031 5811 eunt
1042 5752 1144 5813 omnia.
1158 5754 1222 5831 lpse
1239 5754 1314 5832 quod
1324 5753 1430 5831 poluit,
1452 5761 1482 5812 et
1503 5754 1592 5811 ruodo
1612 5766 1671 5827 uuo
1689 5746 1786 5807 cundia
