3780 6038
102 218 157 277 ³9³

103 338 173 408 nica,
190 337 401 396 utttcccccincu
411 336 507 409 (dont.
522 351 562 405 ιι,
587 340 613 406 3)
624 334 664 391 eui
680 333 707 387 in
721 332 797 401 (ιιι)
808 327 943 389 Sirasi-ll

103 429 152 485 rim
166 444 279 501 sponsor
298 427 478 482 assimilantur
503 425 577 482 latin
593 422 688 497 (ibid.)
704 421 787 493 ;quia
813 420 901 477 omnis

104 525 227 580 doctrina
241 523 398 595 evangelica
412 531 439 577 et
452 521 604 576 authentica
623 518 771 575 Dominicae
796 517 903 586 passio·

103 614 328 679 nisauctoritatc,
344 612 419 683 quasi
448 626 542 666 cruore
571 610 685 681 prolluo,
717 615 757 662 est
784 607 851 661 illita
878 612 905 661 ot

105 711 218 786 predita
234 727 241 763 t
257 718 283 765 et
297 710 361 764 dum
376 708 459 764 nexili
475 708 609 781 cogiuttus
623 724 657 761 ex
671 705 838 760 irremissionc
852 703 904 757 ad·

105 801 225 857 versario
239 800 384 856 volvuntur
397 805 485 852 mente
506 797 595 865 tacita,
620 796 641 849 si
666 795 765 849 divinae
788 793 904 848 misera-

106 901 186 956 tionis
200 908 324 971 respectu
338 897 475 952 lluctutmti
504 896 606 967 pectori
631 894 707 964 (ὶ33)
736 891 905 948 medicinalis

104 1006 152 1060 per
170 989 275 1061 digitos
311 987 473 1056 imprimitur
500 984 595 1053 fuscia,
624 983 755 1053 quidquid
783 982 904 1036 illicitum

105 1095 131 1142 ct
151 1087 290 1142 herlerium
311 1093 446 1153 tractatur,
468 1091 497 1139 ut
524 1083 622 1138 lethale
647 1082 720 1138 virus
745 1081 900 1148 extrahitur,

105 1184 130 1231 ct
144 1176 277 1247 aincitur
291 1175 379 1231 vitulis
389 1174 459 1245 sigui
474 1172 596 1239 victoria,
612 1179 638 1226 et
652 1171 726 1239 (ast)
751 1185 905 1241 compressa

104 1266 179 1321 lluxa
209 1273 236 1320 et
265 1264 418 1320 inordinata
445 1261 649 1334 cogitationum,
674 1259 750 1329 qtrasi
782 1259 905 1324 crinium,

105 1363 295 1427 exuberantia,
333 1360 416 1416 meuti
454 1359 562 1423 anitium,
601 1357 683 1428 capiti
720 1356 848 1411 naturalis
883 1363 909 1411 et

104 1451 237 1509 divinitus
251 1449 323 1505 insiti
337 1448 451 1514 decoris,
467 1456 607 1519 reparatur
630 1446 790 1517 compositio
811 1445 910 1500 decens

106 1559 132 1607 et
147 1565 281 1622 congrua.
298 1547 378 1603 Omni
393 1554 522 1601 curaturae
536 1543 698 1612 dominetur,
714 1543 802 1598 enanis
820 1558 909 1596 rerum

105 1648 205 1695 natura
231 1637 293 1707 jure
322 1637 347 1691 ei
376 1635 548 1691 lautnlantur.
578 1636 607 1687 ln
636 1640 749 1702 quatuor
770 1630 910 1685 clementis

107 1737 134 1784 et
148 1727 279 1784 omuibus
294 1742 354 1796 quae
368 1732 490 1779 constant
504 1740 539 1778 cx
567 1722 606 1776 eis
633 1720 737 1776 virtutis
764 1737 819 1775 sure
847 1735 909 1774 ma-

106 1823 298 1897 gnificentiam
313 1822 407 1887 exerit,
423 1822 487 1875 dum
503 1819 595 1892 digitis
609 1819 637 1873 in
655 1834 716 1873 aere
742 1832 908 1887 expressum,

107 1921 254 1969 scutorum
269 1910 424 1966 collisiones
439 1917 465 1964 et
480 1909 617 1981 fulgurum
631 1906 829 1962 coruscationes
852 1905 909 1959 dis·

104 2003 169 2072 jicit
192 2011 219 2056 et
247 2000 364 2067 utlimit;
394 1998 451 2071 igni
479 1998 623 2069 ingestum,
653 1993 855 2062 sanctificatum,
885 2000 911 2048 et

108 2099 187 2170 (335)
201 2097 374 2167 paschalibus
388 2096 495 2169 gaudiis
509 2096 623 2168 dignum
636 2093 736 2157 cfficit;
758 2092 910 2148 incendium

109 2196 156 2243 aut
171 2185 330 2259 exstinguit,
346 2192 392 2239 aut
405 2184 493 2257 abigit
507 2199 514 2253 ;
532 2184 672 2253 inaquam
694 2183 804 2248 editum,
829 2198 912 2253 rege·

110 2275 262 2332 nerationis
275 2275 390 2348 gratiam
406 2281 432 2329 ct
446 2273 523 2345 (236)
538 2281 639 2327 naturvn
664 2272 911 2326 transmutationem

110 2373 228 2445 perlicit,
245 2380 273 2427 ct
286 2373 360 2443 (237)
377 2370 562 2425 inundantium
587 2368 738 2434 llumiuum,
765 2376 792 2422 et
819 2368 912 2422 eleva·

111 2464 202 2518 tiones
215 2470 241 2516 et
256 2468 362 2516 montes
376 2460 505 2515 lluctuum
521 2458 679 2529 compescit,
705 2473 736 2512 ac
764 2457 791 2509 in
822 2456 914 2511 alveos

111 2560 217 2630 deJ'ieit,
233 2558 354 2629 aequasi
370 2557 505 2613 insolubili
520 2555 628 2626 objecto
643 2555 730 2623 obice,
747 2554 816 2609 intra
843 2554 915 2626 ripas

111 2658 139 2706 et
153 2649 245 2704 littora
258 2646 394 2702 concludit
407 2652 433 2702 et
454 2645 590 2700 imminuit
606 2664 611 2699 :
636 2651 713 2699 terrm
741 2642 915 2713 iamquolitati

112 2748 281 2820 oppositum,
297 2746 463 2802 sterilitatem
479 2761 605 2818 agrorum
625 2744 758 2808 secundat,
785 2750 812 2797 ct
839 2740 915 2797 uberi

114 2837 198 2908 copia
226 2836 321 2891 reiicit.
351 2836 489 2890 Postremo
518 2850 626 2890 omueru
662 2832 848 2903 intemperiem
882 2829 916 2884 ad

113 2926 275 2997 temperiem
290 2924 398 2996 redigit,
416 2931 443 2977 et
461 2923 535 2993 (738)
564 2922 706 2977 arboream
734 2921 778 2976 tel
806 2935 915 2974 saxeam

456 202 459 207 ’
552 208 687 268 FLORES
708 204 885 264 El’lThl'Hll
909 204 1136 265 stuorouott.
1162 204 1231 266 tta.
1256 204 1308 268 Π,
1346 200 1349 205 ’

1223 331 1420 390 CAPITULUM
1439 334 1487 390 Ill.

1058 457 1097 513 Dc
1113 456 1201 513 clavis
1215 456 1371 514 Dominicis
1387 459 1416 514 et
1427 457 1527 516 lancea
1540 457 1654 516 militia.

995 588 1048 644 Sed
1064 589 1128 660 quid
1142 591 1305 646 censendum
1320 598 1360 646 est
1383 591 1416 646 dc
1440 590 1639 663 pretiosissimis
1661 591 1754 660 clavia,

957 692 1007 746 per
1021 694 1117 732 manus
1131 686 1158 733 et
1171 679 1254 748 pedes
1268 679 1434 748 Dominicos,
1450 679 1478 734 in
1501 696 1608 736 crucem
1635 688 1756 737 sanctam

960 764 1121 820 transfixis?
1144 766 1208 836 quid
1227 768 1260 822 de
1279 766 1399 823 salvifica
1417 767 1509 823 militis
1540 767 1664 825 lancea?
1695 785 1757 841 quea

958 850 1068 906 Domini
1082 852 1231 925 sanguinis,
1252 862 1280 908 et
1305 854 1373 910 sacri
1401 855 1581 927 Baptismatis
1611 856 1645 910 de
1672 855 1755 911 latera

959 947 1085 1003 Crucifixi
1100 950 1207 1004 Domini
1228 951 1319 1006 elicuit
1346 960 1372 1007 et
1399 952 1525 1024 produxit
1550 952 1704 1025 mysteria?
1732 952 1756 1009 0

960 1052 1040 1107 quam
1057 1039 1186 1109 praeclara
1199 1039 1404 1096 Dominicorum
1420 1041 1568 1109 clavorum,
1592 1050 1618 1097 et
1635 1041 1758 1097 salutaris

960 1125 1062 1181 lauceae
1076 1127 1201 1198 specialis
1215 1127 1351 1194 materies,
1369 1145 1429 1199 quae
1454 1129 1512 1185 auri
1540 1137 1567 1184 et
1594 1129 1698 1203 argenti
1725 1146 1758 1187 ae

960 1214 1081 1269 omnium
1096 1217 1266 1273 uretallomm
1281 1217 1363 1290 longe
1378 1217 1485 1274 excellit
1499 1218 1611 1290 species,
1627 1234 1680 1289 qua
1703 1234 1757 1275 non

961 1319 1010 1373 per
1023 1303 1185 1359 discordiam
1202 1305 1228 1359 in
1256 1306 1405 1377 perniciem
1433 1315 1555 1362 mutuam
1574 1307 1680 1376 armati,
1709 1305 1758 1363 sed

961 1399 1065 1457 iuterna
1080 1403 1236 1470 concordia,
1254 1420 1412 1475 perpacem
1431 1403 1512 1460 bonae
1535 1404 1680 1460 voluntatis
1706 1419 1758 1460 an-

961 1490 1031 1562 gelis
1049 1491 1226 1547 conloederati
1245 1500 1308 1547 sunt
1324 1492 1472 1549 homines!
1493 1492 1517 1548 O
1547 1509 1627 1564 quam
1656 1502 1759 1561 sancta,

962 1595 1044 1649 quom
1060 1580 1187 1651 pretiosa,
1203 1597 1285 1651 quam
1300 1581 1394 1648 dulcis,
1412 1597 1493 1653 quarn
1508 1581 1634 1637 amabilis
1648 1590 1675 1637 et
1688 1581 1761 1637 dele·

923 1667 1070 1747 Betabilis
1084 1668 1147 1724 lerri
1162 1670 1283 1738 materia,
1304 1670 1375 1724 unde
1402 1670 1472 1726 clavi
1501 1668 1529 1725 in
1554 1686 1635 1726 carue
1662 1667 1761 1726 confixi

961 1764 1113 1834 Dominica,
1130 1767 1200 1821 unde
1219 1766 1343 1822 salutaris
1370 1783 1483 1839 procusa
1511 1776 1551 1823 est
1578 1768 1683 1837 lancea,
1712 1782 1762 1840 per

963 1869 1043 1923 qnam
1058 1855 1184 1910 llammca
1199 1856 1316 1926 paradisi
1330 1864 1435 1912 remota
1450 1866 1490 1911 ast
1518 1859 1648 1929 romphea
1677 1857 1758 1927 (Gen.

963 1958 1006 2018 nr,
1019 1945 1075 2014 at),
1086 1952 1113 1998 ct
1122 1946 1235 2000 inliniri
1244 1944 1761 2016 defeceruntframeoeinfincm(Prot.

963 2046 1004 2098 rx,
1020 2035 1059 2102 7),
1075 2031 1242 2087 diversorum
1259 2032 1380 2103 prolecto
1400 2048 1519 2089 cuorum
1548 2041 1575 2088 et
1601 2033 1760 2105 opinionum

963 2119 1077 2192 spicula,
1102 2121 1200 2191 quibus
1226 2128 1353 2192 unquam
1381 2121 1523 2178 hostilibus
1545 2121 1644 2195 gladiis
1665 2122 1761 2177 inlelix

965 2216 1105 2287 perimitur
1119 2217 1210 2272 anima
1226 2232 1233 2286 ;
1249 2218 1284 2273 ad
1299 2233 1359 2288 quse
1373 2217 1568 2287 conrlncenda,
1585 2227 1613 2273 ot
1626 2218 1660 2273 ad
1677 2217 1761 2275 finem

964 2304 1086 2359 ‹lelectus
1100 2305 1281 2375 perducenda,
1307 2313 1334 2361 et
1361 2307 1395 2361 ad
1416 2308 1548 2364 civitates
1563 2305 1761 2379 principatuum

965 2393 1035 2447 aeris
1049 2393 1129 2463 hujus
1139 2394 1311 2451 destruenda
1322 2395 1424 2467 (idid),
1439 2395 1584 2466 bisacuta,
1604 2395 1692 2467 primo
1716 2396 1763 2451 od·

966 2490 1048 2537 ventu
1063 2482 1090 2536 in
1106 2483 1205 2555 vagina
1220 2483 1378 2539 humilitatis
1392 2483 1559 2551 abscondita,
1587 2483 1615 2539 iu
1643 2485 1762 2541 secundo

967 2579 1123 2646 adveniens,
1140 2579 1168 2634 in
1183 2580 1326 2636 manifesto
1341 2580 1469 2637 claritatis
1489 2597 1545 2636 suas
1562 2581 1706 2652 splendore
1733 2597 1766 2638 ac

969 2667 1076 2723 terroris
1090 2669 1285 2738 coruscatione,
1298 2669 1449 2725 vibrabitur
1463 2669 1576 2738 framea,
1593 2670 1621 2725 in
1636 2671 1765 2740 secundo,

968 2757 1088 2826 inquam,
1104 2755 1231 2824 adventu,
1247 2773 1308 2812 eum
1323 2758 1469 2813 secundum
1496 2758 1615 2814 veridica
1641 2758 1766 2831 egregio-

967 2860 1027 2900 rum
1042 2852 1133 2899 vatum
1148 2846 1230 2899 ulmos
1244 2853 1271 2899 et
1285 2835 1582 2916 Sophoniae'vaticinia,
1612 2849 1645 2902 in
1672 2847 1765 2918 placito

969 2935 1129 2990 ntoricntar
1139 2946 1236 2988 omnes
1246 2938 1407 3004 peccatores
1417 2935 1511 3002 (Amor
1520 2949 1561 3003 ιιι,
1572 2936 1627 3005 ιι),
1642 2942 1728 3002 terrae,
1739 2942 1767 2989 et

112 3024 217 3080 motem
244 3022 398 3088 mitumm,
429 3028 475 3076 aut
500 3019 676 3075 immobiliter
704 3019 732 3072 iu
757 3018 816 3089 ipso
852 3033 916 3071 casu
932 3039 957 3102 C
971 3022 1030 3077 tetri
1044 3021 1142 3077 coloris
1156 3022 1442 3094 AElltiopcs(Soplton.
1462 3037 1493 3093 rr,
1513 3023 1558 3092 tt)
1576 3021 1768 3078 interficientur

113 3112 267 3183 suspendit,
284 3112 351 3183 ligat
364 3118 392 3165 ct
405 3108 560 3180 comprimit
576 3123 583 3177 3
600 3115 644 3163 aul
668 3107 726 3161 sine
749 3105 822 3160 omui
842 3104 917 3176 peri-

114 3201 177 3258 culo
192 3216 300 3255 summa
314 3215 377 3254 cum
404 3197 582 3253 admiratione
610 3195 787 3267 spectantium
814 3194 916 3263 tlejicit.

115 3298 150 3353 Et
165 3296 232 3368 quid
246 3294 363 3366 amplius
377 3293 444 3349 mihi
463 3292 673 3362 immorandum,
696 3291 761 3361 quid
784 3290 919 3361 prolusius

115 3385 330 3456 eloquendum?
362 3382 460 3439 Omnia
488 3381 662 3446 celestium,
697 3380 860 3434 terrestrium
893 3385 920 3432 et

116 3475 288 3530 infernorum
307 3489 392 3544 regna
409 3513 416 3538 ,
436 3470 523 3527 crucis
554 3470 670 3525 vivillcae
703 3468 825 3538 subjecta
858 3475 920 3522 sunt

117 3569 257 3634 Dominio,
279 3584 432 3641 proneam,
462 3566 539 3635 cujus
571 3564 672 3621 carnali
704 3556 828 3636 reparata
860 3570 921 3618 sunt

116 3658 311 3717 commercio:
346 3657 390 3727 qui
424 3663 544 3710 mortuos
576 3653 806 3726 praevaricationis
846 3652 920 3723 ligno

120 3750 202 3818 (Gen.
218 3763 249 3812 ιι,
266 3748 322 3810 17),
338 3743 493 3810 vivificavit,
519 3751 546 3797 et
567 3741 735 3797 resuscitavit
760 3740 923 3812 redemptio-

90 3899 94 3904 .
119 3847 163 3902 nis
178 3845 253 3915 ligno
269 3858 277 3911 ;
294 3842 339 3912 qui
354 3848 468 3896 mortem
497 3847 617 3894 exortam
647 3846 673 3894 et
700 3837 848 3909 ingressam
875 3852 925 3908 per

120 3930 314 3989 inobedientia
329 3930 464 3996 arborem,
476 3944 525 4000 per
536 3943 606 3983 verae
621 3926 782 3982 obedieutiae
797 3925 927 3984 exstinxit

121 4031 149 4079 ct
174 4021 290 4077 exclusit
322 4019 474 4085 arborem3
509 4018 554 4087 qui
586 4023 805 4071 momentaneum
837 4014 926 4069 carnis

123 4125 271 4188 assumptae
303 4115 488 4186 supplicium,
530 4122 691 4170 aeternorum
731 4112 924 4183 suppliciorum

124 4208 294 4280 singularem
314 4203 389 4259 dedit
411 4220 469 4258 esso
488 4203 669 4269 medicinam,
697 4200 867 4273 refrigerium
894 4214 926 4255 ac

125 4304 330 4361 exterruinium.

161 4481 239 4553 (232)
273 4478 435 4536 Sirnririm.
457 4477 595 4532 Canticum
619 4474 784 4532 canticorum
816 4474 924 4530 llebraei

127 4555 222 4610 dicunt
236 4553 282 4609 Sir
296 4551 426 4607 haricim.
442 4550 528 4605 Unam
543 4564 638 4603 vocem
666 4555 765 4616 noster,
794 4554 840 4602 aut
865 4547 925 4617 ejus

128 4623 314 4697 cotennensis,
333 4622 407 4676 lecit.

166 4698 242 4764 (233)
258 4692 431 4749 ltediciunlir
444 4706 495 4762 pcr
508 4689 610 4762 dipilos
625 4690 806 4761 imprimitur
814 4687 920 4760 fuscia.

129 4767 246 4823 Crucem
276 4763 376 4834 pectori
408 4764 566 4831 impressam
598 4764 718 4831 fascium
752 4768 839 4827 vocat,
873 4775 926 4830 qua

129 4840 192 4909 ejus
204 4835 342 4890 lluetuntio
356 4834 474 4887 sistatur.

154 4902 926 4977 (rattcompreuapuxautinor-dtnatmcopttnnoncm

130 4979 213 5053 puori
227 4979 364 5041 erluinus,
380 4975 578 5030 exuberantia.
591 4973 717 5043 Respicit,
747 4973 818 5042 quod
846 4971 927 5041 paulo

130 5058 194 5106 ante
209 5048 400 5112 dixit‚eruceru
411 5043 581 5099 Dominicam
592 5060 650 5099 csse
659 5045 747 5099 vitum
755 5043 926 5101 coccineum.

131 5123 203 5177 Nam
219 5118 311 5189 capilli
325 5117 392 5171 vitta
407 5123 572 5170 coercentur.

167 5193 244 5263 (235)
259 5186 443 5245 l’ntcltaltlrnr
452 5188 562 5257 paudite
572 5185 689 5257 dignum
705 5183 930 5256 cfficithlauile·

130 5271 172 5317 stc
186 5268 292 5333 spectat
306 5257 434 5314 Ecclesiae
448 5257 587 5326 antiquum
601 5257 692 5322 ritum,
717 5272 780 5325 quo,
810 5255 930 5311 Sabbata

130 5342 237 5403 sancto,
251 5344 347 5386 reeens
360 5343 488 5383 excussus
511 5343 526 5382 e
553 5327 629 5382 silice
655 5327 727 5399 ignis
754 5326 930 5396 benedicitur,

130 5420 220 5487 eoque
235 5399 372 5459 Paschalis
385 5413 478 5454 cereus
498 5398 660 5453 accenditur.
686 5397 851 5453 Erubescaut
877 5399 933 5453 hee·

132 5476 221 5542 retrci,
237 5475 285 5529 rix
305 5469 496 5527 nudiustertius
509 5469 575 5524 uati.

168 5548 245 5617 (236)
260 5545 378 5602 Nataroe
391 5541 665 5597 transmutationem
678 5539 798 5613 perficit.
812 5536 932 5595 Cumhic

131 5619 168 5673 ιιι·
183 5616 319 5689 baptismo
335 5613 468 5684 loquatur,
484 5627 539 5667 non
565 5610 619 5667 aliu
645 5610 830 5667 transmutatio
857 5609 934 5665 lunel-

132 5686 184 5763 ligi
198 5693 288 5761 potest
301 5700 383 5757 quarn
396 5682 554 5757 spbitualis.
573 5684 640 5740 Cum
655 5682 729 5740 enirn
742 5696 866 5739 eramus
878 5698 934 5738 nn·

297 5780 430 5845 Parnon.
453 5778 571 5845 CLVII.

970 3111 1089 3197 districta
1103 3117 1130 3165 et
1144 3111 1313 3165 amarissima
1327 3119 1354 3166 ct
1380 3109 1552 3167 irrevocabili
1577 3111 1680 3167 ultimae
1707 3111 1766 3166 dis·

970 3207 1101 3263 cassionis
1115 3222 1147 3262 ac
1161 3205 1293 3261 examinis
1307 3206 1450 3262 sententia.
1470 3209 1502 3263 ln
1530 3214 1584 3262 tarn
1611 3207 1768 3263 salutarium

971 3297 1120 3361 clavorum,
1137 3302 1164 3350 et
1186 3293 1336 3350 nominicae
1351 3295 1453 3351 lauceae
1481 3294 1656 3367 preconium,
1686 3295 1769 3368 longe

973 3393 1034 3440 ante
1049 3383 1208 3439 vaticinatus
1223 3391 1263 3438 est
1277 3382 1392 3455 Spiritus
1409 3390 1516 3439 sanctus
1537 3399 1585 3455 per
1612 3384 1769 3439 Zoclianam

974 3476 1144 3546 prophetam,
1160 3487 1292 3544 organum
1307 3489 1384 3527 suum
1402 3490 1408 3527 :
1425 3472 1570 3544 Aspicicnt
1581 3472 1618 3528 ad
1628 3487 1674 3529 me
1686 3488 1770 3545 quem

974 3563 1157 3632 confixerunt
1168 3560 1297 3632 (Zachnr.
1305 3564 1392 3630 xtr,l(t
1403 3558 1501 3631 stoan.
1509 3576 1569 3626 ιιιιι,
1578 3564 1622 3631 37)
1635 3576 1642 3631 ;
1654 3568 1681 3616 et
1690 3560 1771 3633 paulo

975 3661 1086 3715 iuferius
1102 3675 1109 3712 :
1127 3659 1395 3715 Frumeorascitcrc
1410 3673 1496 3731 snper
1513 3665 1657 3731 pastorem
1675 3673 1772 3714 meam

978 3749 1113 3821 (Zachar.
1129 3762 1179 3813 xri,
1196 3751 1235 3818 7).
1251 3747 1285 3801 Ει
1298 3763 1358 3816 quae.
1373 3747 1516 3817 pretiosior
1529 3746 1650 3802 omnium
1673 3746 1773 3802 metal-

976 3845 1063 3901 lorum
1078 3843 1199 3911 materia,
1216 3857 1297 3912 quam
1312 3841 1367 3908 illa,
1396 3841 1440 3895 cui
1467 3841 1545 3897 Pater
1567 3857 1616 3913 per
1644 3840 1773 3912 Spiritum

977 3941 1097 3990 sanctum
1111 3931 1255 4002 imperavit
1267 3929 1387 3985 suscitari
1413 3945 1495 4001 super
1521 3937 1655 4001 pastorem
1682 3945 1771 3998 suum,

978 4030 1004 4079 et
1017 4025 1164 4093 perculere
1178 4023 1319 4091 pastorem
1338 4017 1442 4088 (nidi,
1472 4017 1593 4072 omnium
1622 4017 1773 4089 principem

978 4109 1144 4182 unigenitum
1159 4122 1237 4161 suum
1251 4107 1266 4158 ι
1279 4107 1344 4161 llaec
1359 4105 1425 4160 tanti
1452 4104 1530 4177 pretii
1556 4105 1671 4182 framea,
1700 4120 1773 4163 anno

979 4197 1112 4271 progeniti
1129 4195 1208 4250 Verbi
1222 4195 1300 4267 (239)
1314 4194 1458 4250 millesimo
1474 4193 1650 4267 nonagesimo
1664 4202 1772 4263 octavo,

979 4288 1071 4342 divina
1083 4284 1247 4342 revelatione
1261 4283 1410 4339 tnoocuiae
1423 4289 1530 4354 roperta
1557 4281 1586 4337 in
1609 4298 1672 4340 arca
1697 4299 1773 4340 mar·

978 4473 1044 4526 tara
1054 4464 1170 4590 fitistiim
1185 4460 1295 4536 (Dpltcr.
1310 4472 1342 4530 ιι,
1359 4459 1396 4531 3),
1412 4476 1461 4532 per
1473 4459 1639 4532 baptismum
1654 4460 1717 4519 lacti
1730 4477 1775 4518 su·

978 4535 1099 4595 mustiii
1138 4534 1172 4589 ei.

1014 4608 1088 4690 (337)
1120 4605 1332 4662 inundantium
1364 4603 1529 4673 [luminum.
1559 4603 1773 4660 Illustrissimum

978 4683 1059 4750 huJus
1073 4676 1193 4733 miraculi
1208 4676 1363 4747 exemplum
1378 4682 1417 4729 est
1431 4674 1459 4728 iu
1489 4675 1549 4729 viu
1577 4674 1607 4729 S.
1642 4671 1773 4747 Gregorii,

979 4756 1159 4823 cognomento
1187 4745 1389 4826 ltcentumgt,
1419 4744 1495 4815 cujus
1522 4745 1634 4800 baculus
1661 4745 1695 4799 ad
1714 4744 1776 4815 Lyci

980 4823 1054 4878 lluvii
1068 4821 1155 4892 ripam
1169 4818 1283 4884 delirus,
1299 4825 1326 4872 et
1340 4833 1398 4885 etus
1412 4816 1516 4870 rabiem
1545 4815 1718 4886 compoecuit,
1750 4822 1777 4871 et

980 4901 1118 4950 momento
1133 4891 1161 4945 in
1175 4889 1306 4943 virentem
1321 4887 1445 4942 arborem
1460 4885 1589 4940 excrevit.

1017 4965 1090 5044 tata)
1106 4960 1255 5018 Achoreum
1272 4960 1375 5013 molem
1389 4959 1544 5012 ruiturum.
1562 4955 1628 5010 Vide
1647 4954 1777 5012 Severum

983 5035 1131 5105 Sulpicium
1147 5031 1173 5085 iu
1190 5031 1250 5085 Vita
1265 5030 1293 5084 S.
1309 5026 1415 5082 Martini
1432 5044 1438 5081 :
1454 5026 1500 5096 qui
1514 5026 1542 5080 id
1556 5042 1618 5080 curu
1633 5027 1777 5082 multorum

983 5116 1090 5178 stupore
1106 5104 1233 5174 primum,
1249 5098 1400 5154 tumetium
1415 5097 1509 5163 salute,
1526 5097 1687 5152 exanimatis
1705 5105 1778 5153 metu

983 5179 1047 5240 suis,
1062 5173 1209 5245 intrepidus
1236 5171 1294 5241 ipse
1322 5167 1452 5235 exhibuit,
1481 5167 1524 5223 cui
1551 5167 1601 5222 soli
1628 5175 1778 5223 extremum

984 5247 1127 5303 discrimen
1141 5243 1281 5297 imminere
1296 5239 1446 5294 videbatur.
1463 5237 1503 5293 De
1517 5253 1600 5294 saxea
1614 5240 1695 5305 mole,
1724 5255 1779 5295 ent-

985 5321 1024 5375 cis
1037 5317 1137 5443 lvirtute
1163 5326 1303 5438 suppeusa,
1331 5311 1365 5365 D.
1395 5310 1511 5382 Gregor.
1538 5311 1664 5388 Magnus,
1692 5309 1741 5366 lib.
1770 5326 1782 5366 r

984 5391 1063 5446 Diuo
1086 5429 1104 5454 .‚
1120 5401 1180 5441 ca.
1217 5424 1223 5436 .

1022 5404 1097 5531 (tait)
1126 5402 1272 5512 holtemma
1300 5451 1484 5524 nonagesimo
1510 5455 1619 5509 octauo.
1653 5451 1784 5508 Duronius

987 5529 1149 5602 encyclicam
1181 5526 1215 5581 de
1247 5525 1299 5578 hac
1330 5522 1485 5579 inventione
1527 5522 1668 5595 epistolam
1708 5523 1785 5593 ponit

988 5617 1059 5659 anuo
1088 5597 1231 5654 millesimo
1265 5595 1422 5651 centesimo.
1456 5593 1510 5649 Sed
1618 5600 1658 5647 est
1675 5592 1785 5648 credero

988 5674 1116 5746 scriptam
1131 5668 1240 5727 biennio
1254 5674 1316 5738 post
1329 5666 1524 5725 inventionem.
1573 5680 1618 5720 am
1645 5660 1785 5718 Thiolrido

1556 5759 1600 5823 {S
