3780 6038
107 217 172 276 tlt,

672 216 849 277 WERNBRI
865 217 1012 277 tantm
1030 222 1060 281 S.
1079 224 1192 282 antsn

1714 224 1763 281 tit

109 343 223 416 quinon
238 348 332 397 amant
343 341 489 398 adventurn
508 357 692 414 supernorum
711 343 821 411 civium,
838 359 905 415 per·
920 343 1075 406 Abemus.
1095 351 1140 407 Ad
1154 360 1332 424 conspectum
1347 349 1513 425 angelorum
1527 349 1635 407 mltum
1646 347 1764 405 declina·

110 431 256 487 timescant
271 430 317 502 qui
333 431 489 488 carnalibus
498 431 586 504 pressi
597 430 742 487 desideriis
757 432 793 487 ad
810 447 906 488 eorum

111 520 269 576 societatem
284 536 314 575 sa
329 520 485 592 pertingere
501 536 583 592 posse
602 520 765 591 desperent.
785 521 840 576 Vos
855 537 906 576 au-

110 616 163 665 tem
178 624 226 665 cur
240 608 340 664 timetis
355 625 414 681 qnae
429 617 536 666 vestros
548 610 678 667 concives
693 609 801 666 videtis.
820 633 831 658 s
844 609 907 666 Non

111 717 152 766 est
166 708 234 765 bic»
250 707 351 766 dicitur
360 724 411 778 per
421 709 599 780 praesentiam
614 709 909 782 carnisquinunquam

4 806 8 813 '
110 798 188 854 deest
201 814 251 870 per
265 798 440 869 presentiam
455 797 617 866 majestatis.
633 798 721 853 Radix
733 813 830 853 amara
844 813 908 854 cru·

110 885 152 945 cis
167 886 285 953 evanuit,
299 886 352 941 ssus
372 886 434 943 vitae
462 901 525 943 cum
554 885 686 943 fructibus
713 886 810 957 erupit,
827 885 854 941 id
869 895 910 942 est

110 982 155 1055 qui
180 981 268 1052 jacuit
282 981 309 1036 in
325 990 412 1038 morte
441 981 589 1037 resurrexit
617 982 643 1036 in
672 981 775 1054 gloria.
805 982 910 1052 Corpus

109 1070 174 1126 Jesu
187 1077 324 1126 mortuum
339 1087 394 1127 non
409 1071 553 1137 invenitur,
585 1070 635 1125 sed
658 1072 750 1127 vivum
767 1070 910 1141 evangeli·

110 1166 194 1229 natur,
211 1160 273 1231 quia
288 1159 338 1215 etsi
353 1159 532 1230 cognovimus
557 1159 708 1217 secundum
723 1175 844 1228 carnem,
862 1159 910 1216 sed

108 1248 167 1319 jam
182 1264 253 1305 nuno
268 1264 323 1304 non
338 1249 464 1304 novimus
476 1248 516 1321 (Il
529 1248 592 1306 Gor.
608 1250 650 1317 v).

150 1378 161 1404 ι
178 1356 212 1410 Et
228 1355 326 1412 lactum
341 1364 383 1411 est
396 1356 461 1411 dum
476 1365 568 1412 mente
577 1363 762 1411 consternata*
773 1362 865 1411 essent
876 1353 911 1410 de

110 1443 175 1511 isto,
198 1458 263 1500 ecce
292 1444 347 1499 duo
375 1444 429 1500 viri
458 1452 591 1501 stetenrnt
610 1445 686 1513 juxta
701 1443 763 1499 illas
791 1440 818 1496 in
833 1451 911 1500 veste

113 1532 269 1605 fulgenti..

962 453 1023 492 mus
1042 437 1191 495 interram
1218 456 1280 497 cum
1305 456 1487 514 supernorum
1508 438 1616 513 gaudia
1637 444 1764 494 contem·

962 526 1079 598 plantes,
1095 544 1146 583 nos
1167 530 1286 586 cinerem
1310 546 1373 587 esse
1396 530 1555 594 recolimus,
1571 528 1651 583 sicut
1664 525 1761 582 beatus

962 625 1102 680 Abraham
1124 625 1233 697 inquit:
1261 648 1272 675 ι
1299 628 1411 699 Loquar
1429 627 1465 682 ad
1487 626 1641 682 Dominum
1664 640 1763 691 meum,

963 727 1024 769 oum
1049 713 1101 767 sim
1122 715 1212 785 pulvis
1227 722 1252 770 et
1267 716 1336 771 cinis
1364 715 1446 785 (Gen.
1475 716 1569 781 xviri).
1588 736 1599 762 n
1616 713 1690 768 Nota
1705 713 1765 785 quia

963 810 1065 859 sanctae
1079 802 1208 859 mulieres
1223 820 1277 860 non
1292 805 1437 859 interram
1461 803 1612 867 cecidisse,
1640 801 1691 857 aed
1706 801 1764 856 vul·

964 904 1021 952 tum
1042 897 1168 954 dicuntur
1186 899 1356 956 inclinasse:
1380 899 1452 955 unde
1476 914 1538 954 mos
1561 896 1766 954 ecclesiasticus

964 986 1079 1042 obtinuit
1101 995 1130 1042 ut
1145 989 1188 1044 vel
1215 988 1374 1044 memoriam
1403 988 1555 1044 Dominicte
1583 987 1766 1043 resurrectio·

964 1076 1017 1142 nis,
1029 1077 1072 1133 vel
1086 1074 1113 1130 in
1129 1092 1207 1148 spem
1221 1082 1333 1143 nostrae,
1349 1077 1478 1133 omnibus
1499 1076 1661 1132 Dominicis
1675 1075 1766 1132 diebus

964 1181 991 1229 et
1006 1181 1061 1229 toto
1076 1174 1308 1247 quinquagesimo
1323 1182 1454 1245 tempore,
1469 1189 1526 1229 non
1540 1173 1625 1229 tlcxia
1641 1172 1765 1245 genibus,

964 1263 1013 1317 sed
1030 1262 1200 1319 declinantes
1228 1263 1374 1318 interram
1402 1262 1523 1319 vultibus
1553 1278 1686 1318 oremus.
1710 1262 1767 1316 Non

964 1351 1098 1407 immerito
1113 1367 1167 1407 una
1186 1351 1231 1407 die
1258 1359 1285 1408 et
1312 1351 1418 1407 duabus
1443 1351 1577 1408 noctibus
1592 1352 1623 1405 in
1644 1350 1766 1421 seputcm

961 1439 1046 1510 jacuit
1063 1439 1212 1507 Dominus,
1227 1440 1389 1512 quialucem
1407 1457 1465 1495 sum
1485 1439 1598 1511 simplae
1613 1440 1715 1495 mortis
1728 1447 1766 1494 te-

964 1537 1059 1593 nebris
1072 1536 1163 1608 duplae
1178 1545 1279 1593 nostrae
1305 1536 1400 1593 mortis
1431 1537 1564 1606 adiunxit.
1581 1537 1649 1607 lpse
1670 1537 1767 1609 quippe

148 1639 247 1713 sagon
261 1654 316 1695 non
332 1639 421 1695 sotum
436 1641 522 1697 verno
537 1640 585 1696 seu
600 1640 681 1696 etiam
696 1638 911 1712 tutgenrihabttu
965 1627 1024 1682 sola
1046 1641 1130 1682 cerne
1158 1633 1272 1681 mortem
1300 1626 1429 1698 suseepti,
1445 1634 1471 1682 er
1485 1626 1556 1682 uuas
1577 1634 1695 1682 nostras
1708 1639 1768 1682 esr-

113 1729 227 1802 gloriam
251 1728 412 1783 annuntiant
433 1729 633 1800 triumphantia.
649 1728 776 1785 Mulieres
797 1727 911 1800 angelos
924 1704 951 1764 Β
965 1714 1009 1770 ῐιῑῦ
1023 1721 1049 1770 θῑ
1064 1714 1175 1785 “Pilius
1189 1713 1318 1770 ³b⁵⁰¹li²·

113 1817 216 1883 vident,
228 1833 289 1889 quae
298 1832 359 1873 cum
372 1818 537 1872 aromatibus
545 1817 760 1888 venerunt,quia
773 1816 827 1871 illae
837 1831 913 1871 men·
1004 1844 1015 1869 «
1033 1821 1065 1875 Et
1079 1821 1133 1876 cito
1148 1828 1254 1886 euntes,
1271 1819 1351 1876 dicite
1366 1819 1509 1893 discipulis
1525 1821 1610 1892 ejus:
1625 1821 1697 1890 Quia
1712 1837 1768 1876 sur·

112 1914 154 1963 tes
169 1920 305 1976 supernos
327 1905 401 1962 cives
425 1906 559 1977 aspiciunt
582 1922 643 1978 quae
665 1922 725 1961 cum
742 1905 911 1959 aromatibus
966 1910 1036 1965 rexit
1052 1925 1067 1963 a
1082 1909 1210 1964 mortuis.
1230 1909 1265 1964 Ει
1279 1925 1344 1965 ecce
1351 1910 1490 1981 praecedet
1504 1926 1556 1966 vos
1570 1910 1599 1964 in
1617 1910 1767 1977 Galilaeam,

113 2001 149 2057 ad
164 2001 250 2057 Deum
265 2017 314 2072 per
327 2008 421 2057 sancta
434 2001 571 2057 desideria
587 2000 809 2072 proficiscuntur.
823 2002 912 2055 lientc
966 1998 1005 2052 lbi
1015 1996 1214 2053 eumvidebitis
1224 2013 1230 2052 ι
1240 1998 1425 2069 eccepraedixi
1436 1999 1527 2054 vobis.
1540 2023 1551 2046 ι
1564 1998 1769 2055 Mulieribusdi·

114 2098 295 2147 consternata
310 2096 398 2158 erant,
415 2091 479 2162 quia
494 2098 520 2146 ει
535 2106 664 2162 magnum
688 2089 807 2161 lapidem
828 2103 912 2145 revo-
966 2096 1035 2153 citur
1050 2102 1079 2149 ut
1094 2095 1217 2151 nuntient
1240 2094 1372 2166 apostolis
1387 2094 1470 2151 vitam
1483 2103 1692 2169 resurgentem,
1710 2095 1768 2168 quia

114 2178 199 2234 lutum
215 2179 369 2250 stupebant,
385 2178 908 2250 etcorpusnoninventumdolebant.
966 2201 1016 2256 per
1031 2184 1172 2240 mulierem
1188 2199 1263 2239 mors
1292 2182 1379 2239 luerat
1406 2185 1574 2241 annuntiata,
1591 2186 1707 2241 Marcus
1720 2200 1767 2238 au-

114 2267 223 2325 Dicitur
236 2276 327 2324 autem
342 2269 395 2324 hoc
409 2276 614 2324 monumentum
634 2267 753 2333 Domini,
770 2268 845 2339 quod
860 2268 913 2323 do·
966 2277 1020 2325 tem
1049 2268 1137 2324 dicit:
1156 2292 1167 2316 ι
1185 2270 1234 2334 lte,
1260 2268 1341 2324 dicite
1369 2268 1512 2340 discipulis
1541 2269 1604 2339 ejus
1635 2277 1664 2325 ει
1691 2271 1767 2325 Petro

115 2378 180 2419 mus
192 2363 309 2418 rotunda
323 2361 415 2430 luerit,
431 2370 458 2419 et
472 2364 622 2419 secundum
633 2364 788 2419 tlattlraeutn
803 2370 830 2419 et
846 2365 910 2418 llar-
966 2358 1063 2427 (ltorc.
1079 2358 1145 2415 vvrl.
1164 2377 1175 2407 ι
1193 2356 1376 2425 Quaerendum
1400 2364 1442 2412 est
1456 2372 1505 2414 cur
1519 2359 1623 2414 Petrus
1638 2357 1766 2431 designe-

114 2466 178 2509 cum
191 2451 226 2507 de
240 2451 398 2519 subjacente
412 2460 491 2522 petra
506 2451 601 2509 excisa
617 2461 699 2507 tantae
713 2450 874 2518 altitudinis,
885 2459 913 2506 ut
966 2461 1011 2509 tur
1024 2469 1057 2509 ex
1071 2454 1194 2510 nomine.
1232 2454 1261 2509 Si
1289 2454 1360 2510 enirn
1376 2456 1447 2512 huno
1463 2455 1582 2528 angelus
1599 2456 1768 2511 nominatum

114 2547 187 2605 intus
215 2547 367 2604 consistens
396 2550 478 2604 homo
503 2549 546 2605 vir
575 2563 657 2605 manu
671 2555 781 2605 extenta
804 2548 912 2605 culmen
966 2557 1020 2597 non
1034 2541 1208 2611 exprimeret,
1229 2541 1293 2613 quia
1317 2542 1474 2613 blagistrum
1495 2552 1663 2616 negaverat,
1678 2544 1769 2599 venire

114 2644 210 2707 posset
235 2637 382 2708 attingere.
411 2635 478 2706 Quae
499 2639 582 2693 habet
603 2638 744 2694 introitum
759 2638 793 2693 ab
809 2638 914 2694 oriente
966 2628 1039 2684 inter
1052 2629 1202 2700 discipulos
1220 2645 1275 2685 non
1296 2630 1421 2685 auderet.
1441 2632 1563 2687 Vocatur
1584 2647 1657 2706 ergo
1672 2646 1770 2688 ειιιο-

115 2724 248 2797 ειιιξιιριε
271 2725 316 2781 ille
345 2741 461 2800 magnus
488 2726 632 2799 impositus
645 2735 697 2784 est.
714 2728 745 2781 ln
760 2727 837 2796 cujus
852 2742 914 2783 mo·
966 2726 1038 2781 mine
1053 2727 1158 2793 Petrus,
1172 2741 1207 2781 ne
1233 2726 1359 2797 desperet
1384 2743 1416 2784 ex
1445 2728 1606 2801 negatione.
1623 2728 1688 2799 Qua
1701 2728 1771 2785 inre

115 2823 236 2880 numeru
249 2831 327 2894 pane
341 2824 494 2897 aquilonari
515 2825 672 2896 sopitorum
692 2825 858 2896 ipsumhoc
874 2832 915 2880 est
967 2816 1046 2871 nobis
1061 2815 1291 2871 considerandum
1314 2825 1355 2872 est
1378 2831 1428 2873 cur
1448 2817 1584 2873 nominos
1600 2832 1677 2884 eum,
1693 2833 1771 2890 quem

113 2912 191 2969 lopus
218 2911 356 2970 Dominipi
379 2913 513 2984 corporis,
543 2913 578 2970 de
602 2914 699 2970 eadem
723 2912 915 2985 petrelegium
968 2911 1073 2961 duncioe
1088 2903 1219 2960 Ecclesia?
1233 2904 1362 2976 praesel'l'e
1385 2905 1574 2977 disposuerat,
1596 2906 1709 2964 ancilla
1722 2923 1771 2963 ιο·

114 3008 168 3068 εει,
183 3007 288 3072 septem
301 3001 405 3057 babens
428 3001 513 3071 pedes
539 3002 726 3073 longitudinis,
743 3003 824 3059 trium
849 3018 914 3059 vero
969 3016 1028 3058 cem
1048 3001 1246 3072 pertimescere
1274 3001 1406 3072 permisit.
1437 3002 1518 3071 Quod
1546 3011 1642 3058 actum
1665 3018 1772 3076 magna

114 3088 264 3161 palmorum
280 3105 411 3145 mensura
436 3098 533 3148 caetero
553 3091 717 3162 pavimento
741 3090 821 3147 altius
843 3090 913 3147 emi·
930 3060 1078 3162 Gpietatis
1093 3089 1300 3159 dispensatione
1325 3090 1530 3164 cognoscimus,
1551 3099 1582 3146 ut
1597 3091 1623 3146 is
1637 3093 1685 3166 qui
1699 3109 1771 3147 surn-

114 3202 196 3244 nens.
220 3185 272 3256 Qui
287 3186 415 3245 videlieet
428 3186 506 3245 locus
527 3204 583 3244 non
593 3189 723 3260 desuper,
739 3189 789 3244 sed
804 3188 914 3246 statere
968 3195 1030 3234 mus
1045 3186 1105 3234 erat
1119 3186 1215 3249 Ριιῑθι
1241 3178 1352 3234 sulurut
1378 3179 1510 3236 Ecclesia?
1523 3180 1552 3234 5¹¹
1564 3196 1617 3236 ⁸¹1⁸
1632 3180 1717 3254 culpi
1730 3180 1773 3237 di·

115 3275 282 3345 meridiano,
305 3291 354 3347 per
369 3283 453 3332 toturn
469 3277 577 3348 patulus
600 3284 652 3346 est,
668 3278 739 3333 unde
756 3294 855 3349 eorpus
868 3277 913 3333 in.
972 3276 1063 3324 sceret
1078 3267 1195 3340 qualiter
1217 3267 1279 3323 aliis
1308 3267 1433 3325 misereri
1447 3268 1602 3326 debuisset.
1630 3270 1713 3326 Prius
1727 3271 1772 3327 its·

117 3372 266 3430 terebatur.
282 3372 364 3428 Color
392 3380 481 3428 autem
510 3374 631 3442 eiusdem
645 3375 813 3430 monumenti
828 3389 862 3430 ac
876 3374 915 3430 lo·
970 3382 1024 3438 que
1039 3381 1102 3421 tum
1120 3365 1244 3422 Ostendit
1268 3365 1330 3432 Sibi·
1356 3375 1381 3422 ιι
1398 3374 1462 3422 ίιιῐιῠ
1483 3367 1638 3438 ptaeposuil
1655 3368 1771 3433 emerit·

121 3460 187 3526 cuti,
203 3459 355 3515 rubicundo
370 3466 398 3517 et
415 3460 477 3517 albo
491 3461 594 3518 dieitur
608 3478 670 3518 esse
684 3463 847 3534 permistus:
862 3464 915 3519 noc
970 3463 998 3509 ut
1012 3470 1044 3510 ex
1059 3471 1107 3509 sus
1121 3452 1281 3511 infirmitate
1311 3463 1477 3528 agnosceret
1501 3471 1584 3528 quom
1614 3457 1771 3514 misericor-

116 3548 211 3619 itaque
224 3563 325 3604 novum
340 3549 495 3621 sepulcrum
508 3550 623 3616 Domini,
646 3559 737 3622 potest
749 3552 841 3607 llariae
855 3551 915 3607 vir·
970 3544 1042 3600 ditet·
1080 3543 1169 3600 aliena
1205 3543 1312 3600 infirma
1354 3545 1493 3603 toleraret.
1528 3544 1649 3603 Galilaea
1686 3556 1771 3603 aotam

118 3635 242 3709 ginalem
257 3644 363 3693 uterum
377 3638 588 3708 demonstrare;
618 3655 767 3712 saxumque
785 3656 916 3714 magnum
973 3640 1186 3713 transmigratio
1194 3640 1481 3712 srrctciuterpretstur.
1490 3641 1596 3714 Etiam
1608 3644 1772 3716 Redemptor

119 3733 190 3791 ostio
206 3734 362 3806 appositum
377 3733 522 3792 ostendere
548 3750 603 3791 non
617 3735 722 3808 absque
737 3737 840 3794 anxilio
853 3738 917 3811 plu·
971 3746 986 3785 ιι
1002 3729 1130 3801 lla⁸⁸i⁰¹¹0
1152 3730 1186 3785 id
1208 3730 1445 3801 ιθὸΰΐιθῦῑῑθῦθῐῐιι
1463 3745 1480 3786 ι
1493 3740 1583 3789 m0l1‘
1600 3732 1638 3788 td
1650 3734 1745 3797 vitam,
1758 3747 1773 3789 ι

119 3823 579 3897 rimorumsepulcrorumpotuisse
590 3827 794 3899 reserare(sic).
806 3827 917 3885 Sicutin
971 3845 1052 3901 poena
1068 3829 1102 3884 ad
1125 3827 1254 3904 gloriam,
1270 3845 1284 3884 a
1300 3830 1474 3901 corruptione
1489 3829 1524 3885 ad
1539 3830 1773 3904 incorruptionem

120 3913 214 3971 llariae
226 3920 305 3970 utero
319 3929 400 3970 nemo
414 3921 477 3970 ante
488 3913 575 3983 illum,
591 3931 672 3971 nemo
686 3925 748 3987 post
762 3915 838 3971 illum
852 3932 918 3973 con·
973 3917 1225 3992 transmigraverat.
1253 3918 1315 3975 Post
1335 3918 1561 3975 resurrectionem
1579 3918 1610 3975 in
1633 3919 1774 3978 Galilaeae

122 4009 218 4076 ceptus
233 4011 274 4059 est
292 4021 298 4058 :
316 4001 353 4058 ita
366 4002 395 4058 in
409 4004 462 4059 troc
476 4012 651 4061 monumento
661 4020 742 4060 nemo
751 4013 822 4075 ente,
838 4022 919 4062 nemo
973 4006 1114 4077 discipulis
1128 4007 1260 4063 Dominus
1271 4006 1386 4075 videtur,
1404 4007 1467 4081 quia
1477 4009 1703 4066 resurrectionis
1717 4010 1775 4082 ejus

123 4101 186 4163 post
201 4091 324 4164 sepultus
339 4099 393 4148 est.
411 4092 557 4149 Sciendum
573 4109 682 4166 quoque
698 4094 773 4166 quod
787 4094 857 4151 sicut
871 4110 921 4151 an·
974 4096 1088 4169 gloriam
1098 4107 1159 4168 post
1171 4095 1225 4151 lmti
1240 4096 1404 4162 videbimus,
1416 4097 1439 4152 si
1454 4097 1537 4153 modo
1552 4110 1570 4153 a
1586 4097 1664 4155 vitiis
1677 4099 1712 4155 ad
1727 4098 1775 4153 vir·

123 4180 179 4253 geli
193 4180 323 4254 leguntur
338 4180 458 4237 astitisse
483 4182 610 4253 sepulcro
630 4181 789 4253 Salvatoris,
804 4183 842 4239 ita
856 4200 920 4242 cre·
975 4192 1060 4240 tutum
1077 4184 1269 4241 celsitudinem
1291 4186 1544 4260 transmigremus:
1561 4186 1610 4243 vel
1625 4187 1666 4244 ita
1682 4207 1690 4243 ι
1707 4189 1773 4244 Pra-

122 4268 208 4326 dendi
223 4277 285 4323 sunt
300 4269 419 4326 astitisse
431 4271 566 4344 mysteriis
589 4271 712 4343 corporis
732 4271 840 4328 Domini
855 4281 922 4329 teru-
975 4274 1048 4330 cedit
1061 4290 1110 4330 eos
1124 4274 1151 4329 in
1166 4274 1318 4344 Galilaeam,
1339 4276 1392 4332 hoc
1407 4283 1448 4332 εει
1468 4275 1496 4330 in
1511 4274 1696 4334 volutabrum
1709 4292 1774 4350 gen·

122 4382 189 4437 pore
204 4366 432 4432 consecrationis.
453 4367 534 4424 Unde
558 4369 698 4440 apostolus
713 4378 805 4426 monet
818 4369 920 4427 mulie·
977 4373 1053 4441 tium,
1068 4373 1116 4429 ubi
1126 4381 1189 4430 ante
1202 4389 1282 4430 error
1296 4381 1356 4430 erat
1371 4383 1398 4431 ει
1411 4374 1558 4441 lubricum,
1574 4384 1604 4431 et
1618 4375 1701 4434 firmo
1713 4375 1776 4450 pede

120 4454 210 4511 resin
225 4454 344 4510 ecclesia
358 4455 443 4513 velari
457 4464 571 4529 propter
585 4458 700 4531 angelos
715 4460 740 4530 (l
755 4460 815 4516 Cor.
833 4460 881 4532 st).

163 4584 174 4610 t
191 4560 259 4617 Cum
273 4559 498 4618 timerentautem
508 4562 716 4620 etdeclinurent
726 4564 828 4621 vultum
838 4565 865 4621 in
875 4574 925 4623 ter·

123 4665 194 4716 ram,
210 4647 339 4705 dixerunt
351 4650 385 4705 ad
399 4649 460 4706 illas
475 4669 482 4706 :
498 4650 570 4721 Quid
581 4652 701 4724 quaeritis
716 4653 850 4710 viventem
861 4669 922 4711 cum

122 4745 263 4805 mortuis?
286 4747 348 4803 Non
363 4747 471 4815 esthic,
500 4749 550 4806 scd
576 4750 703 4807 surrexit.
733 4748 923 4808 Recordamini

124 4836 245 4910 qualiter
259 4835 365 4893 locutus
378 4844 419 4894 ast
434 4837 522 4907 vobis,
533 4854 596 4895 cum
609 4839 698 4897 adhuc
711 4839 739 4895 in
751 4839 862 4896 Galilaea
877 4856 923 4897 es-

122 4942 174 5004 set,
191 4933 303 4993 dicent:
318 4934 387 5005 Quia
400 4938 509 5008 oportet
531 4935 629 4994 Filium
658 4937 777 4994 hominis
798 4938 869 4994 tradi
894 4938 923 4994 in

125 5048 222 5088 manua
236 5031 379 5089 bominum
394 5042 580 5106 peccatorum,
607 5044 632 5092 et
648 5035 787 5109 cruciligi,
802 5045 829 5093 et
844 5036 922 5093 tertia

123 5121 169 5178 die
181 5135 338 5194 resurgere,
352 5146 363 5171 ι
381 5123 554 5195 Impossibile
578 5140 632 5181 non
647 5122 710 5180 lieri
725 5125 798 5197 quod
813 5125 881 5181 dixit
895 5133 923 5183 et

124 5224 232 5274 constat
244 5232 306 5273 cum
321 5219 392 5275 inter
418 5218 569 5290 discipulos
592 5230 619 5277 et
640 5221 755 5278 laminas
780 5239 841 5295 quae
859 5238 922 5279 eunt

123 5305 318 5376 sequebantur,
329 5309 464 5365 Dominus
479 5324 511 5366 se
536 5319 755 5368 resurrecturum
774 5312 918 5383 praedixit.

124 5402 215 5472 Quare
226 5417 295 5476 ergo
319 5404 379 5473 jam
406 5406 598 5463 resuscitatum
626 5418 827 5480 quaeruntcum
843 5425 919 5466 mor-

123 5508 187 5575 tuis,
204 5507 291 5564 idest
313 5508 340 5564 in
355 5519 542 5581 monumento,
566 5514 612 5586 qui
638 5514 713 5571 locus
735 5515 864 5588 proprius
879 5525 920 5573 est

120 5612 304 5663 mortuorum.
332 5605 389 5662 Nos
417 5606 541 5677 exemplo
570 5607 854 5683 feminarumquoties
870 5629 919 5670 ec-

121 5704 233 5763 clesiam
246 5703 380 5762 intramus
402 5717 464 5761 cunt
486 5705 725 5783 ornuibumilitatc
747 5708 855 5782 ingredi
868 5711 920 5768 de-

979 4461 1124 4535 vestigium
1135 4478 1190 4518 non
1204 4464 1354 4535 ponebant.
1371 4465 1506 4519 Praeterea
1521 4462 1649 4521 videnda
1664 4474 1728 4521 sunt
1740 4463 1777 4521 ti·

976 4559 1018 4607 cta
1032 4551 1190 4622 Hieronymi
1204 4558 1298 4607 contra
1312 4550 1469 4607 llelvldium
1484 4566 1517 4607 ax
1532 4553 1706 4611 testimoniis
1720 4567 1778 4627 qua·

977 4655 1040 4703 tuor
1053 4646 1294 4718 evangelistarum,
1324 4649 1360 4704 de
1376 4647 1463 4703 tribus
1489 4648 1641 4706 sororibus
1666 4649 1776 4706 filiarum

976 4739 1062 4793 Annae
1076 4736 1169 4792 matris
1184 4736 1272 4794 beatae
1285 4737 1391 4793 blariae.
1406 4737 1503 4794 Sancta
1518 4738 1612 4795 llaria
1625 4748 1716 4797 mater
1727 4740 1777 4797 Do·

977 4833 1044 4889 mini
1058 4841 1085 4890 et
1099 4834 1185 4890 ilario
1210 4844 1300 4890 mater
1321 4834 1429 4905 iacobi,
1457 4834 1568 4907 Alpbani
1583 4845 1611 4894 et
1626 4837 1741 4909 loseph,
1753 4842 1777 4891 ει

978 4923 1061 4979 blavia
1075 4932 1161 4980 mater
1173 4921 1291 4979 filiorum
1307 4923 1433 4980 zebedei
1456 4925 1556 4996 (darc.
1587 4929 1658 4997 ιιι),
1676 4926 1777 4985 scilicet

976 5011 1091 5083 llajoris
1105 5011 1210 5081 iacobi,
1223 5019 1249 5068 ct
1262 5011 1395 5067 lobannis
1405 5012 1586 5087 evangelistas
1596 5022 1656 5071 tres
1667 5029 1777 5073 sonores

976 5108 1098 5165 luerunt.
1130 5109 1214 5164 illaria
1239 5116 1327 5165 mater
1353 5107 1483 5179 Domini,
1511 5109 1569 5167 sun
1599 5111 1728 5169 toaehtm
1752 5117 1776 5169 et

976 5213 1064 5267 Annas
1077 5211 1139 5279 tuit,
1157 5220 1183 5267 et
1195 5211 1332 5283 Cleophas
1355 5210 1442 5267 frater
1461 5211 1568 5285 loseph
1584 5214 1715 5271 eamdem
1726 5219 1776 5270 tn-

976 5317 1038 5356 nam
1054 5301 1159 5373 accepit
1174 5316 1298 5365 uxorem,
1313 5300 1443 5357 defuncto
1457 5301 1597 5369 loacbim,
1614 5310 1643 5359 ει
1657 5318 1774 5375 genera·

976 5398 1013 5455 vit
1028 5415 1061 5455 ex
1075 5414 1109 5455 ee
1122 5398 1204 5453 tilium
1216 5413 1298 5470 quam
1328 5401 1438 5456 vocavit
1451 5398 1584 5456 blaviam.
1616 5403 1694 5459 lianc
1722 5402 1775 5457 lla-

974 5504 1042 5560 riam
1062 5505 1197 5576 cleopbas
1216 5512 1243 5560 et
1258 5508 1336 5560 Anna
1357 5506 1495 5563 dederunt
1521 5507 1647 5577 cuidam,
1671 5506 1773 5582 Alpheo

974 5612 1084 5669 nornine
1097 5628 1103 5666 :
1117 5611 1190 5668 uude
1217 5611 1264 5669 illa
1280 5613 1367 5670 llinor
1379 5614 1501 5671 lacobus
1516 5622 1545 5673 ει
1564 5614 1653 5677 trater
1666 5614 1773 5675 Domini

973 5710 1072 5784 dictus,
1088 5719 1167 5769 natus
1180 5710 1240 5781 luit,
1252 5720 1280 5768 at
1289 5712 1388 5771 dicitur
1400 5714 1525 5773 lacobus
1537 5714 1769 5805 Alpbniapatra.

1778 5926 1815 5989 3-
