3780 6038
117 240 152 299 li
627 234 794 303 adsistat
812 234 961 305 aoestts
973 246 1250 307 VINDOCINENSlS
1729 236 1769 306 il

119 372 241 421 nostrum
257 366 365 425 duobus
379 368 532 442 discipulis,
545 370 626 425 Petro
643 368 768 427 videlicet
782 373 811 427 et
825 368 918 436 Paulo,
932 377 959 438 Α
975 385 1028 429 nac
1038 372 1150 443 justitiae
1164 387 1214 430 nec
1224 373 1423 431 misericordia>
1443 373 1530 430 luisse
1546 372 1692 432 consilium
1720 388 1770 429 ve·

118 460 251 521 licclesite
264 464 376 523 dedisse
391 467 587 538 principatum.
608 466 719 522 Petrum
747 464 811 523 tidei
825 467 919 525 cstlxo·

117 557 178 615 lictn
192 561 345 633 principem
374 563 436 620 lecit
452 583 460 629 ς
476 563 588 619 Paulum
615 562 762 619 doctrinte.
796 561 918 632 Quorum

118 664 200 704 unum
216 650 299 723 elegit
325 652 414 708 adhuc
428 651 457 707 in
479 659 551 708 terra
577 650 757 723 corporaliter
783 662 917 709 manenst

120 736 204 793 alium
219 753 285 795 rero
295 739 323 794 ia
344 741 414 796 caelo
426 740 483 807 iam
495 740 631 795 residens.
664 741 782 795 interra
808 739 918 811 quidem

119 824 228 881 Petrum
240 826 334 900 elegit,
347 838 375 884 ut
391 829 544 886 Ecclesiam
561 843 640 884 susm
655 828 714 898 ejus
730 826 793 883 lidei
818 828 918 884 robore

118 912 262 982 tirmaret;
279 915 389 973 Paolum
416 924 512 989 postca
527 916 562 973 dc
586 916 665 984 ctelo,
690 924 823 989 quatenus
852 916 912 986 ejus

117 1016 209 1063 sancta
224 1009 344 1066 doctrina
358 1008 411 1067 lida
430 1014 565 1067 tlrmatam
580 1009 732 1067 Fcclasiam
753 1017 909 1067 exornaret.

973 468 1251 541 raciteragnoscitur,
1280 470 1329 527 sed
1343 471 1452 529 satana
1479 469 1693 536 incitamentum,
1720 487 1770 527 eos

972 557 1140 617 contraxisse
1156 558 1246 626 nosti,
1262 575 1321 630 quse
1335 559 1382 615 diu
1397 560 1499 615 deasss
1514 573 1568 615 non
1583 566 1673 631 potest
1687 575 1767 615 mor·

972 645 1081 711 talibus,
1097 646 1142 719 qui
1153 662 1215 703 cum
1229 647 1344 704 utilitate
1358 646 1441 703 totius
1452 646 1582 703 aeonia
1598 646 1658 701 ritae
1674 647 1769 703 statim

972 734 1071 793 sociari
1082 735 1234 807 potuissent
1260 734 1414 793 taeterrimo
1432 750 1514 808 qtram
1542 735 1724 802 venerabilis,
1742 744 1770 792 et

971 848 1059 904 tharn
1081 833 1201 904 pretiosa
1226 832 1339 891 essetin
1366 841 1512 903 compacto
1542 832 1649 889 Domini
1678 848 1766 901 mors,

971 920 1027 976 imo
1040 920 1095 977 rita
1111 920 1229 989 illorum,
1245 921 1348 995 quibos
1363 921 1385 976 si
1401 922 1456 993 pati
1473 937 1523 993 pro
1538 922 1592 977 lile
1607 922 1699 977 statiua
1717 922 1767 976 'iii-

970 1016 1011 1066 set
1024 1008 1152 1081 desuper,
1167 1009 1210 1067 vel
1233 1009 1260 1064 in
1277 1011 1542 1083 ratesponensem,
1559 1021 1652 1067 saneta
1669 1011 1767 1066 lit-ele·

119 1096 165 1151 lsti
178 1097 293 1170 gloriosi
307 1098 521 1171 triumphatores
551 1099 683 1170 oporibus
699 1099 804 1154 veritati
832 1096 915 1153 tidem
969 1097 1011 1153 sia
1025 1097 1152 1157 haeretica
1166 1097 1298 1170 pravitate
1306 1107 1446 1171 supet-ata,
1462 1114 1512 1155 suo
1526 1114 1640 1170 sponso,
1657 1099 1704 1171 qui
1716 1115 1769 1173 pro

116 1194 258 1243 servantes
273 1202 327 1242 non
344 1187 480 1259 sanguini,
497 1187 653 1243 maluerunt
665 1187 735 1243 altar
756 1185 916 1243 obedienter
970 1207 1003 1247 ea
1016 1203 1140 1251 mortuus
1150 1202 1191 1250 est
1206 1201 1233 1250 et
1246 1195 1411 1261 resurrexit,
1428 1210 1514 1269 ospuc
1528 1194 1556 1253 ia
1572 1192 1651 1254 finem
1667 1193 1767 1253 sacnti

116 1282 209 1339 subire
221 1283 370 1354 patibulum
384 1284 482 1352 crucis,
496 1284 567 1341 alter
581 1300 674 1340 ensem
702 1283 841 1357 suscipere
855 1282 916 1338 dili·
969 1278 1066 1337 ssdeles
1081 1280 1151 1339 tilios
1164 1290 1348 1353 procreasset,
1360 1299 1412 1341 nec
1428 1283 1525 1351 frangi.
1541 1298 1593 1343 nec
1608 1283 1680 1340 tlecti
1689 1283 1766 1339 dein·

116 1390 212 1451 genter
222 1382 357 1437 submissa
377 1382 483 1439 cervice
495 1401 502 1450 3
514 1382 586 1438 undo
602 1381 718 1454 amplius
728 1382 806 1438 lactis
834 1379 916 1436 exirit
969 1385 1035 1443 ceps
1047 1368 1115 1427 lidos
1128 1371 1263 1428 catholica
1277 1372 1412 1442 potuisset
1428 1373 1434 1426 l
1451 1372 1480 1429 Si
1493 1371 1630 1442 objicitur,
1639 1372 1710 1447 quod
1723 1371 1767 1428 in·

116 1493 197 1548 (piram
212 1479 477 1552 sanguinis3quatn
492 1478 847 1537 Ecclesiaesibicommissae
860 1477 913 1532 vir·
969 1465 1018 1521 till
1045 1466 1157 1525 [willon
1186 1475 1350 1541 mittemur·
1371 1468 1520 1525 olidcltvo
1549 1484 1645 1526 eorum
1670 1468 1767 1543 Ρθῦεὶῠ

116 1583 199 1631 ,mem
216 1575 278 1633 ppei
293 1584 320 1633 ει
335 1577 500 1646 menatem,
517 1593 599 1650 quam
613 1577 701 1633 bonus
716 1592 811 1633 ,orum
826 1575 914 1649 magi,
965 1554 1123 1612 crederetur
1150 1556 1330 1624 inimctuosa,
1347 1572 1401 1629 quo
1415 1565 1570 1629 spontanea
1592 1557 1705 1615 minime
1722 1557 1766 1613 ri·

116 1683 173 1730 ster
185 1684 211 1731 et
225 1674 356 1730 [lominus
372 1673 432 1730 luso
447 1675 581 1748 sanguine
596 1674 641 1730 sui
660 1672 914 1729 secretissimicor·

115 1764 189 1835 poris
197 1770 415 1834 comparaverat,
432 1770 589 1833 paterentur
612 1760 723 1818 salerni.
736 1762 783 1817 lsti
810 1768 885 1818 sanct

113 1852 251 1909 raemoriae
277 1858 304 1906 et
332 1850 495 1906 venerabilis
522 1850 583 1906 vitae
608 1857 742 1922 martyres
756 1865 806 1905 suo
834 1847 915 1919 capiti

114 1940 224 1997 cbristo
249 1938 369 1997 fideliter
396 1939 571 2008 inltaerentes,
595 1955 676 2013 quam
703 1937 834 1997 ueraciter
854 1938 914 2008 ejus

112 2029 238 2086 niembra
252 2026 369 2097 luerunt,
385 2026 456 2083 mori
469 2026 560 2099 potius
574 2043 626 2100 pro
638 2026 685 2084 illo
714 2041 795 2101 quam
817 2031 913 2083 contra

114 2117 191 2173 illurn
206 2115 301 2173 risere
327 2114 472 2188 eligentes,
489 2115 565 2172 lactis
586 2115 796 2188 ampliusquam
818 2112 911 2171 rerbis

116 2207 315 2266 clamaverunt.
332 2204 456 2274 Quorum
478 2203 622 2261 victorioso
636 2203 769 2273 sanguine
789 2201 910 2259 laureata

114 2301 209 2351 saneto
236 2292 360 2349 Romana
384 2290 507 2350 Ecclesia
531 2290 596 2348 olim
629 2290 761 2363 superatis
786 2290 910 2347 hostibus

119 2380 295 2455 triumpharit
312 2396 320 2453 3
336 2397 397 2454 quae
417 2379 444 2437 ia
472 2379 530 2437 suis
553 2379 710 2437 doctoribus
725 2386 752 2436 et
765 2378 836 2435 mori
864 2393 915 2451 pro

119 2470 231 2527 Christo
244 2486 353 2543 semper
376 2467 488 2544 optarit,
505 2475 532 2523 et
546 2467 597 2524 sibi
608 2467 699 2525 virere
716 2466 862 2525 reeusarit.
882 2464 915 2521 tti

119 2559 206 2616 sancti
220 2557 272 2614 viri
288 2556 315 2611 in
325 2557 452 2613 aetlierois
460 2555 649 2613 mansionibus
663 2571 725 2613 coru
736 2571 786 2611 suo
800 2553 915 2611 Dorxtiuo

113 2648 169 2717 jam
185 2645 330 2714 exsrrltant,
345 2645 391 2700 ubi
404 2660 455 2716 pro
470 2651 558 2700 morte
573 2642 715 2717 temporali
738 2643 846 2699 beatum
862 2640 914 2696 im-

120 2735 311 2791 mortalitatem
327 2733 428 2805 adepti,
445 2749 509 2789 suos
534 2732 582 2787 sed
598 2747 650 2788 non
666 2732 819 2805 degeneres
849 2744 913 2785 snc-

115 2838 243 2883 cessores
257 2830 430 2895 exspertum.
451 2820 531 2891 Quod
546 2821 569 2876 si
583 2820 662 2877 alicui
678 2835 771 2878 eorum
791 2821 841 2889 13
879 2817 915 2873 ri-

116 2913 201 2971 ctoria
215 2928 271 2968 noo
286 2910 371 2967 adluit
387 2910 533 2983 passionis,
549 2924 602 2965 non
613 2908 680 2965 illud
692 2908 774 2964 timor
788 2905 913 2979 negatit3

112 3027 163 3068 nec
177 3018 232 3065 tam
246 3007 339 3081 passio
354 3006 439 3064 deluit
453 3022 535 3081 quum
545 3007 605 3063 dies
619 3004 783 3063 certaminis.
797 3002 908 3058 Talibus

111 3097 235 3172 patronis
263 3106 335 3153 terra
363 3095 480 3163 laetatur,
509 3093 609 3151 coelum
637 3099 754 3149 exsultat
770 3107 777 3146 :
793 3098 831 3159 et,
846 3090 950 3163 quraC

112 3194 176 3251 felix
192 3209 286 3250 eorum
308 3192 363 3246 ritu
393 3197 508 3247 mortem
538 3189 639 3247 meruit
661 3186 823 3265 gloriosam,
847 3185 911 3241 hinc

112 3291 209 3341 sancta
224 3296 319 3341 eorum
334 3278 465 3335 solemnia
485 3276 565 3351 plebs
577 3275 732 3332 Christiana
746 3273 911 3331 celebrando

111 3372 275 3444 frequentat,
290 3377 317 3424 et
329 3383 381 3440 per
409 3365 603 3439 supplicabiles
619 3364 741 3436 ipsorum
770 3378 866 3435 preces
881 3377 911 3418 se

110 3466 169 3516 tota
183 3457 329 3515 devotione
343 3468 394 3510 suo
404 3453 530 3510 Creatori
545 3452 728 3510 commendat.
743 3452 848 3507 Horum
863 3450 912 3506 ita·

112 3572 165 3630 que
180 3552 316 3613 solemnia
329 3551 473 3611 celebrare
487 3555 529 3608 est
548 3551 615 3608 utile
630 3558 657 3607 et
684 3549 864 3623 religiosam
880 3564 911 3604 se

113 3645 165 3718 piis
179 3660 275 3702 eorum
292 3641 423 3715 precibus
437 3640 631 3699 commendare
646 3639 710 3695 utile
720 3637 822 3713 paritor
832 3646 912 3695 etne·

112 3731 311 3792 cessarium.2l
326 3746 441 3803 quorum
456 3737 531 3786 sorte
541 3729 620 3787 beuta
631 3728 678 3801 qui
694 3727 722 3784 in
735 3743 832 3785 eorum
842 3726 910 3782 sede

112 3831 239 3889 residens
253 3837 278 3885 et
294 3827 374 3885 aliter
393 3843 479 3901 agens
509 3842 539 3882 sa
554 3825 681 3901 privarit,
698 3825 800 3881 lactum
827 3838 908 3881 suum

112 3931 174 4003 ipsc
201 3928 346 3994 dissolvat,
365 3934 391 3983 et
418 3924 493 3981 reiut
520 3923 587 3979 alter
616 3925 711 3979 Petrus
733 3918 910 3993 lacrymando

113 4027 236 4103 corrigat
249 4025 321 4103 quod
338 4024 415 4082 lecit.
434 4024 462 4080 Si
479 4030 555 4079 metu
571 4021 665 4078 mortis
676 4018 798 4075 titubavit
812 4018 847 4077 ad
861 4017 910 4075 ho·

968 1642 1128 1712 daretur;et
1152 1645 1250 1701 iterum
1264 1647 1346 1715 (auo.
1367 1661 1417 1719 ep.
1440 1649 1471 1701 ot
1497 1646 1533 1703 cd
1562 1647 1716 1705 botritium
1731 1646 1766 1718 ):

888 1776 913 1817 ω
929 1734 955 1797 Β
969 1732 1219 1806 Prencmortyrem
1234 1750 1291 1791 nors
1306 1734 1390 1805 tacit,
1402 1734 1451 1791 sed
1465 1751 1563 1801 causo,
1574 1749 1655 1791 eausa
1670 1733 1767 1807 utitpue

969 1819 1066 1877 idonea
1081 1828 1108 1879 et
1122 1820 1237 1879 multum
1250 1821 1348 1878 idonea
1363 1826 1431 1891 erat,
1444 1822 1505 1895 quia
1520 1838 1601 1881 causa
1617 1821 1694 1891 idei,
1711 1837 1768 1897 qua

968 1908 1066 1967 melior
1080 1924 1132 1966 noc
1148 1917 1254 1983 poterat
1277 1909 1403 1967 inveniri.
1416 1911 1467 1966 l‘ro
1482 1911 1533 1967 boo
1547 1911 1640 1977 etiam,
1668 1911 1692 1965 si
1711 1910 1765 1965 ali-

968 2004 1011 2057 ter
1024 2013 1078 2055 non
1091 2007 1218 2071 possent,
1233 2007 1326 2055 eontra
1340 2015 1419 2055 suam
1435 1999 1600 2055 ro'nmateux
1630 2000 1697 2054 mori
1714 2001 1765 2055 tte·

967 2085 1091 2143 buisseio
1108 2104 1116 2154 ς
1132 2086 1194 2161 quia
1209 2102 1261 2145 nec
1276 2087 1316 2145 sic
1329 2087 1456 2159 martyrii
1467 2088 1558 2161 palma
1573 2088 1696 2145 fraudari
1714 2104 1763 2159 po·

966 2182 1095 2241 tuissent.
1105 2183 1269 2239 innocentes
1283 2184 1384 2241 atenim
1395 2183 1494 2253 saneti,
1506 2184 1552 2256 qui
1567 2199 1619 2240 nec
1634 2198 1702 2243 roce
1712 2199 1764 2241 uec

967 2278 1275 2353 voluntatenmrtyrinm
1305 2281 1445 2353 piendi-se
1467 2283 1605 2353 legumus,
1636 2281 1764 2354 qnoniam

967 2384 1019 2441 pro
1034 2366 1151 2425 Domino
1164 2368 1344 2441 pertulerunt,
1365 2385 1466 2426 corona
1481 2370 1605 2443 niartprii
1620 2387 1675 2427 noa
1702 2370 1764 2443 pri-

968 2464 1073 2515 vantur.
1091 2456 1151 2513 ilos
1165 2466 1260 2513 sancta
1289 2457 1415 2515 Ecclesia
1443 2475 1499 2515 non
1514 2459 1602 2515 solum
1630 2468 1764 2531 maneres

969 2560 1040 2609 esse.
1056 2561 1149 2601 rerum
1164 2546 1244 2601 etiam
1260 2554 1411 2621 martyrum
1421 2547 1502 2605 tlores
1517 2547 1669 2607 confitetur.
1684 2547 1764 2604 Unde

969 2641 1084 2699 tirmiter
1101 2642 1270 2701 credendum
1297 2652 1339 2701 est
1360 2651 1388 2699 et
1406 2642 1562 2701 nullatcnus
1580 2641 1763 2699 dubitandum

969 2737 1042 2811 quod
1058 2738 1221 2810 supplicium
1236 2739 1333 2797 munis
1350 2755 1401 2811 pro
1411 2738 1464 2797 side
1477 2738 1577 2797 Cbristi
1588 2737 1689 2796 bonini
1703 2739 1763 2795 cot-

968 2836 1062 2902 latum,
1078 2835 1200 2892 etiamsi
1215 2836 1369 2906 proco-nia
1388 2839 1438 2905 15
1454 2835 1607 2893 infirmitate
1632 2834 1761 2901 noluerit,

970 2946 1098 2995 ettamen
1114 2953 1168 2993 non
1182 2938 1334 3011 separarit,
1350 2938 1479 3010 martyris
1494 2938 1614 2995 riulicat
1628 2944 1762 2995 norneuet

963 3034 1123 3107 prtutnium.
1142 3034 1170 3090 Si
1184 3042 1274 3091 sutem
1300 3034 1371 3093 adeo
1386 3034 1505 3093 luissent
1516 3034 1671 3106 degeneres
1699 3032 1761 3100 titt,

965 3132 1037 3205 quoti
1054 3140 1158 3203 sporta
1185 3131 1317 3202 paradisi,
1332 3132 1377 3189 cui
1392 3147 1448 3187 non
1463 3130 1604 3188 Teutonici
1618 3129 1692 3203 regis
1705 3130 1762 3185 im·

964 3220 1074 3293 pietate,
1095 3221 1144 3277 aad
1159 3221 1205 3293 qui
1230 3221 1302 3278 bene
1317 3220 1397 3278 nta'is
1412 3220 1451 3277 uti
1474 3219 1626 3286 consucvit,
1648 3217 1757 3275 Domini

965 3319 1066 3392 pietate
1078 3321 1135 3388 lam
1151 3319 1410 3392 propinquaverant,
1425 3324 1502 3376 retro
1516 3317 1614 3391 pedem
1627 3317 1695 3375 dare
1709 3332 1761 3373 ns·

965 3407 1058 3479 gando
1071 3407 1224 3464 voluissent
1240 3426 1247 3462 :
1263 3408 1419 3464 constantia
1433 3406 1521 3479 patris
1535 3407 1641 3463 stratio
1654 3404 1761 3479 spiritui

966 3495 1114 3568 propitiare
1128 3496 1221 3568 potius
1234 3496 1365 3553 debuerat
1384 3511 1467 3567 quam
1485 3495 1573 3562 carni,
1600 3511 1704 3567 eosque
1731 3493 1761 3548 in

968 3594 1021 3650 tide
1035 3601 1130 3650 ceneta
1144 3593 1330 3651 exhortatione
1357 3593 1467 3651 tirrasra
1483 3611 1491 3649 ε
1506 3593 1530 3649 si
1545 3592 1697 3650 necessitas
1714 3593 1761 3649 in-

967 3682 1124 3751 cumberet,
1139 3682 1244 3754 primus
1258 3699 1311 3754 pro
1322 3682 1645 3749 reritstssuccnmbcre3
1654 3690 1682 3739 et
1691 3681 1761 3739 sieut

963 3772 996 3827 Β.
1015 3771 1108 3827 sixtus
1134 3771 1244 3829 beatum
1258 3770 1436 3829 laurentium
1463 3772 1498 3827 ad
1514 3771 1596 3829 sitam
1624 3771 1761 3842 prorsuis

962 3876 1104 3935 emmam,
1121 3867 1159 3923 ita
1186 3867 1248 3938 ipse
1262 3882 1310 3925 eos
1326 3868 1489 3939 prtavenire,
1519 3884 1554 3924 ne
1568 3867 1678 3925 illorum
1705 3867 1760 3923 irn-

963 3956 1131 4028 perieotiooa
1143 3955 1307 4013 universalis
1328 3955 1457 4015 Ecclesia
1480 3958 1603 4015 eliartam
1634 3953 1698 4013 tidoi
1712 3970 1760 4015 cs·

963 4044 1062 4101 scitatis
1074 4059 1108 4101 ac
1121 4043 1256 4103 libertatis
1270 4045 1408 4117 perderet,
1418 4060 1501 4117 quara
1516 4043 1641 4103 Salvatm
1651 4059 1760 4102 oresuo

114 4121 431 4182 remcarnisinlrrmitas
456 4119 483 4174 in
498 4116 670 4193 corrigendis
699 4115 791 4173 camis
818 4112 910 4186 opori—
963 4140 1092 4197 dietmm
1107 4148 1135 4199 et
1157 4140 1303 4213 sigium
1324 4140 1351 4195 in
1380 4157 1462 4198 ome
1483 4141 1609 4197 manibus
1637 4140 1758 4214 propriis

113 4223 164 4278 Μ’
178 4220 280 4278 ωθῐῑῑῡ
295 4218 440 4293 {megrim
454 4222 625 4291 penevesel·
641 4221 669 4270 ²²
682 4211 829 4271 “nemsi
856 4225 911 4267 ¹¹⁰⁰
963 4229 1126 4287 Christianis
1139 4229 1265 4287 omnibus
1294 4227 1405 4287 tradidit
1418 4230 1446 4285 in
1460 4228 1562 4302 pignus
1576 4238 1604 4287 at
1632 4238 1758 4286 tenorem

113 4319 270 4386 “umis
286 4330 401 4375 ΝΜ*
414 4313 450 4372 ‘¹⁰
474 4329 569 4380 “mer
584 4309 650 4369 ’ΨΜ
663 4310 740 4376 '¹⁰7¹'2
768 4307 908 4373 mmm·
963 4328 1125 4385 dilectionis.
1139 4329 1184 4397 Et,
1206 4329 1337 4404 quoniam
1366 4329 1446 4403 cu'ps
1475 4329 1534 4386 bac
1560 4326 1759 4385 inexcusabilis

113 4415 185 4491 ‘1⁰⁰⁶
208 4414 342 4490 Wlfflin
369 4410 571 4467 {mmmmm
598 4407 686 4466 lime
714 4406 860 4477 immimi-
880 4403 908 4460 Si
922 4440 949 4501 Ι)
963 4425 1120 4485 nullatenus
1148 4426 1298 4494 dubitatur,
1313 4434 1341 4483 et
1365 4426 1632 4501 excusandoaugcri
1655 4433 1757 4499 potest,

113 4529 179 4569 vero
189 4508 515 4569 iimONmOfiiflfiiiot'llm
529 4522 640 4563 allollllli
650 4505 828 4578 polidtqlfflm
838 4517 906 4569 flllae,
962 4530 1017 4573 pon
1031 4515 1115 4572 minui
1131 4534 1138 4581 3
1154 4514 1250 4573 pelian
1269 4531 1366 4573 erroro
1381 4516 1501 4573 scienter
1517 4514 1668 4573 commisso
1698 4515 1758 4573 nipe

113 4619 146 4661 es
161 4600 263 4659 iecisse
278 4598 323 4656 vel
339 4596 503 4654 iacientibus
517 4609 664 4651 assensum
676 4592 787 4650 dedisse
800 4595 910 4649 morin·

113 4699 192 4764 citur,
207 4712 270 4768 quse
284 4692 412 4750 Christus
422 4707 472 4763 per
486 4706 511 4745 se
518 4688 665 4763 metipsum
679 4686 808 4754 correxit,
825 4693 851 4744 et
872 4685 905 4744 o.

112 4788 210 4844 Petrus
222 4782 393 4841 abominatus
407 4787 459 4846 est,
475 4786 556 4851 attpue
571 4778 643 4837 sacri
657 4792 778 4835 conones
797 4776 908 4848 penitus

111 4888 303 4949 esaecrtmtur,
319 4878 395 4937 nullo
412 4876 548 4934 solamine
563 4873 619 4946 tegi
634 4880 723 4945 potest
738 4873 838 4929 vulnus
856 4879 909 4929 tarn

112 4970 285 5028 manifestum
303 4986 310 5032 ς
325 4967 390 5043 quia
404 4974 483 5041 pater
495 4964 536 5021 sic
546 4962 609 5017 titiis
632 4960 784 5036 propitiare
798 4976 912 5034 nonpo-

111 5068 174 5137 tuit,
192 5067 240 5123 sed
256 5065 370 5123 salutern
385 5063 518 5137 impedire
537 5059 666 5117 liliorum.
685 5058 796 5115 llortenr
818 5057 907 5131 siqui·

113 5168 261 5237 demque
283 5163 399 5220 lructum
429 5161 493 5218 tacit
519 5159 661 5216 meliorum
688 5156 905 5215 differresubito

111 5261 262 5332 morituris,
278 5269 305 5316 et
319 5259 347 5315 in
361 5268 494 5315 aternum
507 5255 710 5312 ricturisvitam
726 5270 744 5311 a
758 5256 906 5328 Deopara·

112 5372 165 5418 tam
181 5358 299 5423 aulerre,
315 5355 360 5411 nul
374 5371 391 5412 a
405 5370 456 5411 noa
474 5352 574 5409 docent
589 5351 715 5425 exempla
730 5363 900 5410 sauctorum.

962 4610 1092 4668 dilatione
1105 4611 1272 4687 corrigatur,
1288 4627 1322 4668 ne
1347 4616 1441 4668 mater
1466 4617 1568 4668 nostra
1593 4610 1758 4683 spiritualis,

964 4717 1024 4773 qum
1041 4700 1121 4773 quasi
1133 4699 1312 4757 novissimum
1322 4700 1445 4772 spirituas
1461 4700 1552 4763 trabit,
1565 4700 1677 4756 omnino
1699 4716 1759 4755 mo-

963 4789 1051 4846 riatur
1066 4804 1075 4857 ς
1090 4788 1155 4857 title,
1185 4787 1311 4847 castitate
1325 4802 1360 4847 ac
1375 4787 1502 4847 libertate
1527 4787 1607 4854 uiuit,
1635 4803 1668 4845 ao
1684 4789 1759 4859 viget

963 4878 1088 4935 Ecclesia
1104 4891 1110 4932 :
1127 4893 1187 4950 quac
1201 4877 1224 4932 si
1239 4891 1293 4932 non
1308 4875 1402 4942 babet,
1419 4876 1530 4949 languet
1544 4883 1572 4933 et
1586 4884 1760 4947 separatura

964 4973 1034 5030 rita.
1053 4974 1124 5029 Nam
1140 4972 1194 5029 tide
1221 4972 1364 5039 tundatur,
1379 4982 1495 5028 ornatur
1508 4973 1646 5041 castitate,
1675 4972 1761 5028 liber·

961 5079 1016 5128 tate
1032 5070 1142 5144 tegitur.
1158 5068 1224 5136 Sed,
1233 5082 1298 5127 curn
1312 5067 1413 5127 laicam
1421 5068 1625 5138 investituram,
1637 5083 1699 5142 quac
1712 5084 1760 5125 sc·

959 5166 1077 5225 cundum
1092 5163 1254 5220 traditiones
1268 5173 1424 5221 sanctorum
1436 5166 1546 5221 Petrum
1558 5162 1670 5220 bteresis
1679 5180 1761 5221 com-

959 5265 1097 5337 probatur,
1112 5276 1167 5319 non
1182 5262 1358 5327 contradicit,
1375 5263 1424 5318 sed
1439 5261 1566 5335 praeripit
1581 5280 1588 5328 ;
1605 5277 1669 5318 eum
1693 5275 1759 5317 cor-

960 5350 1094 5422 rumpitur
1106 5349 1169 5422 ipsa
1182 5350 1355 5419 mutieribus,
1380 5365 1442 5409 cura
1469 5348 1596 5407 monteri
1625 5349 1758 5421 potestati

110 5462 191 5523 Nam,
208 5458 231 5513 si
245 5454 346 5514 Patrius
360 5455 393 5509 ad
408 5454 504 5509 boram
519 5451 616 5507 sitavit
630 5458 759 5516 mortem,
771 5453 798 5505 in
813 5451 906 5523 aliquo
959 5447 1117 5519 subiicitur,
1132 5448 1211 5516 ildas,
1226 5449 1338 5507 castitas
1351 5456 1380 5507 et
1394 5448 1513 5504 libertas
1523 5446 1548 5501 ei
1567 5445 1648 5501 simul
1662 5445 1758 5502 suter-

107 5574 193 5617 nrern
207 5570 261 5610 non
277 5552 353 5617 insit,
375 5567 464 5625 neque
492 5550 611 5605 deseruit
628 5550 680 5621 14
696 5549 837 5603 veritatem
855 5566 862 5614 ;
879 5555 906 5603 et
959 5553 1002 5605 tttr
1016 5563 1024 5615 3
1040 5550 1068 5602 et
1082 5563 1143 5621 quc
1164 5546 1250 5605 ritum
1278 5546 1440 5613 nonhabet,
1467 5560 1520 5601 nec
1547 5542 1685 5599 immerito
1705 5543 1757 5610 16

110 5662 141 5705 se
155 5643 236 5701 morti
246 5642 335 5717 magis
361 5654 519 5698 reservasse
531 5639 661 5701 creditur,
684 5653 767 5710 quana
794 5637 905 5692 subtra·
959 5643 1067 5693 mortua
1080 5634 1213 5693 creditur.
1229 5634 1314 5705 llujas
1328 5633 1423 5693 toartis
1433 5641 1574 5689 auctorem
1585 5631 1627 5688 rel
1638 5631 1760 5687 norissi-

108 5743 193 5811 sisse,
210 5747 237 5798 ut
253 5739 371 5796 tractum
382 5735 515 5809 deinceps
540 5735 646 5796 laceret
658 5731 808 5805 potiorem.
828 5730 906 5791 liade
958 5748 1034 5791 muta
1052 5730 1187 5792 Ecclesiae
1199 5733 1351 5793 membrosa
1374 5730 1502 5799 erodere,
1517 5729 1604 5788 atiani
1617 5729 1642 5785 si
1656 5736 1758 5803 mter
