<?xml version="1.0" encoding="UTF-8"?>
<!DOCTYPE html PUBLIC "-//W3C//DTD XHTML 1.0 Transitional//EN"
    "http://www.w3.org/TR/xhtml1/DTD/xhtml1-transitional.dtd">
<html xmlns="http://www.w3.org/1999/xhtml" xml:lang="en" lang="en">
 <head>
  <title>
</title>
<meta http-equiv="Content-Type" content="text/html;charset=utf-8" />
  <meta name='ocr-system' content='tesseract 3.04.00' />
  <meta name='ocr-capabilities' content='ocr_page ocr_carea ocr_par ocr_line ocrx_word'/>
</head>
<body>
  <div class='ocr_page' id='page_1' title='image "./patrologiaecurs60unkngoog/patrologiaecurs60unkngoog_0348.png"; bbox 0 0 3780 6038; ppageno 0'>
   <div class='ocr_carea' id='block_1_1' title="bbox 115 272 170 323">
    <p class='ocr_par' dir='ltr' id='par_1_1' title="bbox 115 272 170 323">
     <span class='ocr_line' id='line_1_1' title="bbox 115 272 170 323; baseline -0.018 0"><span class='ocrx_word' id='word_1_1' title='bbox 115 272 170 323; x_wconf 73' lang='grc'><strong>685</strong></span> 
     </span>
    </p>
   </div>
   <div class='ocr_carea' id='block_1_2' title="bbox 747 244 1158 305">
    <p class='ocr_par' dir='ltr' id='par_1_2' title="bbox 747 244 1158 305">
     <span class='ocr_line' id='line_1_2' title="bbox 747 244 1158 305; baseline -0.012 0"><span class='ocrx_word' id='word_1_2' title='bbox 747 246 939 305; x_wconf 66' lang='lat' dir='ltr'><strong>blsrttl’tln&#39;n</strong></span> <span class='ocrx_word' id='word_1_3' title='bbox 959 244 1158 301; x_wconf 67' lang='lat' dir='ltr'><strong>rlttiltnjtlns</strong></span> 
     </span>
    </p>
   </div>
   <div class='ocr_carea' id='block_1_3' title="bbox 1711 252 1761 302">
    <p class='ocr_par' dir='ltr' id='par_1_3' title="bbox 1711 252 1761 302">
     <span class='ocr_line' id='line_1_3' title="bbox 1711 252 1761 302; baseline -0.02 0"><span class='ocrx_word' id='word_1_4' title='bbox 1711 252 1761 302; x_wconf 77' lang='lat' dir='ltr'><strong>DSD</strong></span> 
     </span>
    </p>
   </div>
   <div class='ocr_carea' id='block_1_4' title="bbox 109 368 1767 461">
    <p class='ocr_par' dir='ltr' id='par_1_4' title="bbox 109 368 1767 461">
     <span class='ocr_line' id='line_1_4' title="bbox 109 368 1767 461; baseline -0.011 -16"><span class='ocrx_word' id='word_1_5' title='bbox 109 407 174 447; x_wconf 89' lang='lat' dir='ltr'><strong>uem</strong></span> <span class='ocrx_word' id='word_1_6' title='bbox 189 385 348 461; x_wconf 74' lang='lat' dir='ltr'><strong>pradictum</strong></span> <span class='ocrx_word' id='word_1_7' title='bbox 362 391 389 440; x_wconf 87' lang='lat' dir='ltr'><strong>et</strong></span> <span class='ocrx_word' id='word_1_8' title='bbox 404 382 485 438; x_wconf 90' lang='lat' dir='ltr'><strong>tiliam</strong></span> <span class='ocrx_word' id='word_1_9' title='bbox 501 393 591 435; x_wconf 83' lang='lat' dir='ltr'><strong>meam</strong></span> <span class='ocrx_word' id='word_1_10' title='bbox 605 391 744 441; x_wconf 84' lang='lat' dir='ltr'><strong>amorem,</strong></span> <span class='ocrx_word' id='word_1_11' title='bbox 760 386 910 445; x_wconf 89' lang='lat' dir='ltr'><strong>numquam</strong></span> <span class='ocrx_word' id='word_1_12' title='bbox 922 369 951 429; x_wconf 82' lang='grc' dir='ltr'>Α</span> <span class='ocrx_word' id='word_1_13' title='bbox 964 384 1148 441; x_wconf 67' lang='lat' dir='ltr'><strong>consurgens,</strong></span> <span class='ocrx_word' id='word_1_14' title='bbox 1164 368 1239 424; x_wconf 80' lang='lat' dir='ltr'><strong>venit</strong></span> <span class='ocrx_word' id='word_1_15' title='bbox 1253 368 1289 424; x_wconf 87' lang='lat' dir='ltr'><strong>ad</strong></span> <span class='ocrx_word' id='word_1_16' title='bbox 1304 369 1404 425; x_wconf 88' lang='lat' dir='ltr'><strong>ostium</strong></span> <span class='ocrx_word' id='word_1_17' title='bbox 1420 379 1447 427; x_wconf 93' lang='lat' dir='ltr'><strong>et</strong></span> <span class='ocrx_word' id='word_1_18' title='bbox 1461 379 1586 442; x_wconf 84' lang='lat' dir='ltr'><strong>apertum</strong></span> <span class='ocrx_word' id='word_1_19' title='bbox 1598 370 1704 441; x_wconf 87' lang='lat' dir='ltr'><strong>clausit,</strong></span> <span class='ocrx_word' id='word_1_20' title='bbox 1718 372 1767 426; x_wconf 89' lang='lat' dir='ltr'><strong>llr-</strong></span> 
     </span>
    </p>
   </div>
   <div class='ocr_carea' id='block_1_5' title="bbox 104 463 909 1733">
    <p class='ocr_par' dir='ltr' id='par_1_5' title="bbox 107 463 909 1259">
     <span class='ocr_line' id='line_1_5' title="bbox 110 463 907 537; baseline -0.028 -2"><span class='ocrx_word' id='word_1_21' title='bbox 110 478 139 535; x_wconf 93' lang='lat' dir='ltr'><strong>in</strong></span> <span class='ocrx_word' id='word_1_22' title='bbox 162 494 261 537; x_wconf 85' lang='lat' dir='ltr'><strong>canem</strong></span> <span class='ocrx_word' id='word_1_23' title='bbox 284 481 436 531; x_wconf 75' lang='lat' dir='ltr'><strong>mutaretur</strong></span> <span class='ocrx_word' id='word_1_24' title='bbox 460 468 527 525; x_wconf 83' lang='lat' dir='ltr'><strong>filia.</strong></span> <span class='ocrx_word' id='word_1_25' title='bbox 554 467 603 524; x_wconf 91' lang='lat' dir='ltr'><strong>Coi</strong></span> <span class='ocrx_word' id='word_1_26' title='bbox 627 467 665 523; x_wconf 87' lang='lat' dir='ltr'><strong>ait</strong></span> <span class='ocrx_word' id='word_1_27' title='bbox 688 463 786 523; x_wconf 89' lang='lat' dir='ltr'><strong>molier</strong></span> <span class='ocrx_word' id='word_1_28' title='bbox 808 464 907 519; x_wconf 86' lang='lat' dir='ltr'><strong>casta:</strong></span> 
     </span>
     <span class='ocr_line' id='line_1_6' title="bbox 111 561 909 635; baseline -0.028 -3"><span class='ocrx_word' id='word_1_29' title='bbox 111 576 236 632; x_wconf 83' lang='lat' dir='ltr'><strong>Obsecro</strong></span> <span class='ocrx_word' id='word_1_30' title='bbox 247 580 276 627; x_wconf 90' lang='lat' dir='ltr'><strong>ut</strong></span> <span class='ocrx_word' id='word_1_31' title='bbox 290 568 436 628; x_wconf 91' lang='lat' dir='ltr'><strong>eonsilium</strong></span> <span class='ocrx_word' id='word_1_32' title='bbox 450 567 532 635; x_wconf 78' lang='lat' dir='ltr'><strong>hujus</strong></span> <span class='ocrx_word' id='word_1_33' title='bbox 548 564 584 619; x_wconf 89' lang='lat' dir='ltr'><strong>rei</strong></span> <span class='ocrx_word' id='word_1_34' title='bbox 602 562 665 617; x_wconf 85' lang='lat' dir='ltr'><strong>utile</strong></span> <span class='ocrx_word' id='word_1_35' title='bbox 680 561 772 625; x_wconf 90' lang='lat' dir='ltr'><strong>dicas,</strong></span> <span class='ocrx_word' id='word_1_36' title='bbox 790 574 825 613; x_wconf 91' lang='lat' dir='ltr'><strong>ue</strong></span> <span class='ocrx_word' id='word_1_37' title='bbox 841 573 909 627; x_wconf 92' lang='lat' dir='ltr'><strong>pro-</strong></span> 
     </span>
     <span class='ocr_line' id='line_1_7' title="bbox 109 646 909 737; baseline -0.029 -16"><span class='ocrx_word' id='word_1_38' title='bbox 109 666 169 737; x_wconf 85' lang='lat' dir='ltr'><strong>pria</strong></span> <span class='ocrx_word' id='word_1_39' title='bbox 187 663 275 720; x_wconf 91' lang='lat' dir='ltr'><strong>forma</strong></span> <span class='ocrx_word' id='word_1_40' title='bbox 290 659 392 733; x_wconf 81' lang='lat' dir='ltr'><strong>privata</strong></span> <span class='ocrx_word' id='word_1_41' title='bbox 407 656 510 714; x_wconf 87' lang='lat' dir='ltr'><strong>ellieiur</strong></span> <span class='ocrx_word' id='word_1_42' title='bbox 524 652 661 709; x_wconf 74' lang='lat' dir='ltr'><strong>earrricola.</strong></span> <span class='ocrx_word' id='word_1_43' title='bbox 681 654 794 705; x_wconf 75' lang='lat' dir='ltr'><strong>Arruns:</strong></span> <span class='ocrx_word' id='word_1_44' title='bbox 813 646 909 701; x_wconf 85' lang='lat' dir='ltr'><strong>Liben-</strong></span> 
     </span>
     <span class='ocr_line' id='line_1_8' title="bbox 110 734 909 825; baseline -0.03 -16"><span class='ocrx_word' id='word_1_45' title='bbox 110 765 153 809; x_wconf 90' lang='lat' dir='ltr'><strong>ter</strong></span> <span class='ocrx_word' id='word_1_46' title='bbox 171 768 220 825; x_wconf 90' lang='lat' dir='ltr'><strong>pro</strong></span> <span class='ocrx_word' id='word_1_47' title='bbox 235 750 285 805; x_wconf 87' lang='lat' dir='ltr'><strong>Dei</strong></span> <span class='ocrx_word' id='word_1_48' title='bbox 296 764 390 803; x_wconf 88' lang='lat' dir='ltr'><strong>amore</strong></span> <span class='ocrx_word' id='word_1_49' title='bbox 401 754 426 801; x_wconf 90' lang='lat' dir='ltr'><strong>et</strong></span> <span class='ocrx_word' id='word_1_50' title='bbox 440 743 561 799; x_wconf 80' lang='lat' dir='ltr'><strong>ronrediu</strong></span> <span class='ocrx_word' id='word_1_51' title='bbox 578 740 676 795; x_wconf 77' lang='lat' dir='ltr'><strong>artimae</strong></span> <span class='ocrx_word' id='word_1_52' title='bbox 699 752 784 806; x_wconf 79' lang='lat' dir='ltr'><strong>ruere,</strong></span> <span class='ocrx_word' id='word_1_53' title='bbox 804 745 830 790; x_wconf 92' lang='lat' dir='ltr'><strong>et</strong></span> <span class='ocrx_word' id='word_1_54' title='bbox 847 734 909 806; x_wconf 91' lang='lat' dir='ltr'><strong>quia</strong></span> 
     </span>
     <span class='ocr_line' id='line_1_9' title="bbox 110 828 907 903; baseline -0.028 -6"><span class='ocrx_word' id='word_1_55' title='bbox 110 842 245 897; x_wconf 76' lang='lat' dir='ltr'><strong>misereor</strong></span> <span class='ocrx_word' id='word_1_56' title='bbox 268 837 306 892; x_wconf 86' lang='lat' dir='ltr'><strong>toi</strong></span> <span class='ocrx_word' id='word_1_57' title='bbox 331 837 402 891; x_wconf 87' lang='lat' dir='ltr'><strong>bone</strong></span> <span class='ocrx_word' id='word_1_58' title='bbox 421 832 604 903; x_wconf 88' lang='lat' dir='ltr'><strong>supradictum</strong></span> <span class='ocrx_word' id='word_1_59' title='bbox 626 828 758 899; x_wconf 77' lang='lat' dir='ltr'><strong>juvenem</strong></span> <span class='ocrx_word' id='word_1_60' title='bbox 777 837 907 895; x_wconf 80' lang='lat' dir='ltr'><strong>qnoerarn,</strong></span> 
     </span>
     <span class='ocr_line' id='line_1_10' title="bbox 110 921 907 1008; baseline -0.024 -15"><span class='ocrx_word' id='word_1_61' title='bbox 110 949 137 993; x_wconf 92' lang='lat' dir='ltr'><strong>et</strong></span> <span class='ocrx_word' id='word_1_62' title='bbox 152 940 176 993; x_wconf 90' lang='lat' dir='ltr'><strong>si</strong></span> <span class='ocrx_word' id='word_1_63' title='bbox 191 952 244 1008; x_wconf 91' lang='lat' dir='ltr'><strong>quo</strong></span> <span class='ocrx_word' id='word_1_64' title='bbox 259 934 385 990; x_wconf 82' lang='lat' dir='ltr'><strong>invenire</strong></span> <span class='ocrx_word' id='word_1_65' title='bbox 400 940 504 1003; x_wconf 83' lang='lat' dir='ltr'><strong>potero,</strong></span> <span class='ocrx_word' id='word_1_66' title='bbox 520 929 556 985; x_wconf 85' lang='lat' dir='ltr'><strong>ud</strong></span> <span class='ocrx_word' id='word_1_67' title='bbox 571 937 596 983; x_wconf 89' lang='lat' dir='ltr'><strong>te</strong></span> <span class='ocrx_word' id='word_1_68' title='bbox 613 926 753 981; x_wconf 80' lang='lat' dir='ltr'><strong>reducam.</strong></span> <span class='ocrx_word' id='word_1_69' title='bbox 778 921 826 978; x_wconf 90' lang='lat' dir='ltr'><strong>Cui</strong></span> <span class='ocrx_word' id='word_1_70' title='bbox 839 936 907 992; x_wconf 75' lang='lat' dir='ltr'><strong>gra-</strong></span> 
     </span>
     <span class='ocr_line' id='line_1_11' title="bbox 109 1008 908 1099; baseline -0.028 -16"><span class='ocrx_word' id='word_1_71' title='bbox 109 1029 162 1084; x_wconf 85' lang='lat' dir='ltr'><strong>tias</strong></span> <span class='ocrx_word' id='word_1_72' title='bbox 173 1026 228 1099; x_wconf 79' lang='lat' dir='ltr'><strong>egit</strong></span> <span class='ocrx_word' id='word_1_73' title='bbox 243 1024 350 1089; x_wconf 91' lang='lat' dir='ltr'><strong>mulier,</strong></span> <span class='ocrx_word' id='word_1_74' title='bbox 368 1029 394 1076; x_wconf 92' lang='lat' dir='ltr'><strong>et</strong></span> <span class='ocrx_word' id='word_1_75' title='bbox 414 1021 453 1075; x_wconf 85' lang='lat' dir='ltr'><strong>sie</strong></span> <span class='ocrx_word' id='word_1_76' title='bbox 478 1035 547 1073; x_wconf 86' lang='lat' dir='ltr'><strong>anos</strong></span> <span class='ocrx_word' id='word_1_77' title='bbox 570 1014 718 1072; x_wconf 79' lang='lat' dir='ltr'><strong>artificiose</strong></span> <span class='ocrx_word' id='word_1_78' title='bbox 733 1011 812 1067; x_wconf 85' lang='lat' dir='ltr'><strong>dictis</strong></span> <span class='ocrx_word' id='word_1_79' title='bbox 826 1008 908 1065; x_wconf 90' lang='lat' dir='ltr'><strong>tidem</strong></span> 
     </span>
     <span class='ocr_line' id='line_1_12' title="bbox 107 1099 909 1189; baseline -0.022 -18"><span class='ocrx_word' id='word_1_80' title='bbox 107 1115 235 1189; x_wconf 73' lang='lat' dir='ltr'><strong>praebuit.</strong></span> <span class='ocrx_word' id='word_1_81' title='bbox 253 1112 339 1181; x_wconf 85' lang='lat' dir='ltr'><strong>Quem</strong></span> <span class='ocrx_word' id='word_1_82' title='bbox 355 1108 480 1183; x_wconf 83' lang='lat' dir='ltr'><strong>promisit</strong></span> <span class='ocrx_word' id='word_1_83' title='bbox 491 1104 599 1165; x_wconf 85' lang='lat' dir='ltr'><strong>reduxit</strong></span> <span class='ocrx_word' id='word_1_84' title='bbox 607 1104 749 1174; x_wconf 84' lang='lat' dir='ltr'><strong>juvenem,</strong></span> <span class='ocrx_word' id='word_1_85' title='bbox 766 1109 789 1155; x_wconf 92' lang='lat' dir='ltr'><strong>et</strong></span> <span class='ocrx_word' id='word_1_86' title='bbox 806 1099 846 1155; x_wconf 91' lang='lat' dir='ltr'><strong>sic</strong></span> <span class='ocrx_word' id='word_1_87' title='bbox 861 1113 909 1154; x_wconf 89' lang='lat' dir='ltr'><strong>eos</strong></span> 
     </span>
     <span class='ocr_line' id='line_1_13' title="bbox 108 1201 270 1259; baseline -0.031 0"><span class='ocrx_word' id='word_1_88' title='bbox 108 1201 270 1259; x_wconf 74' lang='lat' dir='ltr'><strong>adsociavit.</strong></span> 
     </span>
    </p>

    <p class='ocr_par' dir='ltr' id='par_1_6' title="bbox 104 1287 908 1733">
     <span class='ocr_line' id='line_1_14' title="bbox 144 1287 907 1371; baseline -0.02 -14"><span class='ocrx_word' id='word_1_89' title='bbox 144 1298 300 1371; x_wconf 86' lang='lat' dir='ltr'><strong>Discipulos</strong></span> <span class='ocrx_word' id='word_1_90' title='bbox 313 1296 445 1370; x_wconf 77' lang='lat' dir='ltr'><strong>inagistro</strong></span> <span class='ocrx_word' id='word_1_91' title='bbox 461 1295 629 1367; x_wconf 88' lang='lat' dir='ltr'><strong>:Nunquam</strong></span> <span class='ocrx_word' id='word_1_92' title='bbox 649 1289 740 1346; x_wconf 87' lang='lat' dir='ltr'><strong>audivi</strong></span> <span class='ocrx_word' id='word_1_93' title='bbox 755 1297 808 1345; x_wconf 90' lang='lat' dir='ltr'><strong>tam</strong></span> <span class='ocrx_word' id='word_1_94' title='bbox 824 1287 907 1343; x_wconf 84' lang='lat' dir='ltr'><strong>inira-</strong></span> 
     </span>
     <span class='ocr_line' id='line_1_15' title="bbox 105 1376 906 1462; baseline -0.019 -17"><span class='ocrx_word' id='word_1_95' title='bbox 105 1391 161 1446; x_wconf 91' lang='lat' dir='ltr'><strong>Dile</strong></span> <span class='ocrx_word' id='word_1_96' title='bbox 177 1388 251 1462; x_wconf 90' lang='lat' dir='ltr'><strong>qnod</strong></span> <span class='ocrx_word' id='word_1_97' title='bbox 265 1396 292 1443; x_wconf 88' lang='lat' dir='ltr'><strong>et</strong></span> <span class='ocrx_word' id='word_1_98' title='bbox 305 1395 369 1458; x_wconf 91' lang='lat' dir='ltr'><strong>poto</strong></span> <span class='ocrx_word' id='word_1_99' title='bbox 384 1383 442 1439; x_wconf 90' lang='lat' dir='ltr'><strong>tieri</strong></span> <span class='ocrx_word' id='word_1_100' title='bbox 465 1392 524 1438; x_wconf 88' lang='lat' dir='ltr'><strong>arte</strong></span> <span class='ocrx_word' id='word_1_101' title='bbox 546 1380 667 1453; x_wconf 86' lang='lat' dir='ltr'><strong>dyaboli.</strong></span> <span class='ocrx_word' id='word_1_102' title='bbox 696 1378 826 1450; x_wconf 73' lang='lat' dir='ltr'><strong>llagister</strong></span> <span class='ocrx_word' id='word_1_103' title='bbox 843 1395 849 1430; x_wconf 93' lang='lat'>:</span> <span class='ocrx_word' id='word_1_104' title='bbox 866 1376 906 1431; x_wconf 91' lang='lat' dir='ltr'><strong>Ne</strong></span> 
     </span>
     <span class='ocr_line' id='line_1_16' title="bbox 104 1475 908 1556; baseline -0.019 -12"><span class='ocrx_word' id='word_1_105' title='bbox 104 1489 229 1545; x_wconf 81' lang='lat' dir='ltr'><strong>dubites.</strong></span> <span class='ocrx_word' id='word_1_106' title='bbox 246 1483 419 1556; x_wconf 86' lang='lat' dir='ltr'><strong>Discipulos:</strong></span> <span class='ocrx_word' id='word_1_107' title='bbox 436 1482 525 1552; x_wconf 89' lang='lat' dir='ltr'><strong>Spero</strong></span> <span class='ocrx_word' id='word_1_108' title='bbox 535 1480 607 1552; x_wconf 93' lang='lat' dir='ltr'><strong>quod</strong></span> <span class='ocrx_word' id='word_1_109' title='bbox 619 1479 641 1535; x_wconf 89' lang='lat' dir='ltr'><strong>si</strong></span> <span class='ocrx_word' id='word_1_110' title='bbox 656 1478 717 1551; x_wconf 89' lang='lat' dir='ltr'><strong>quis</strong></span> <span class='ocrx_word' id='word_1_111' title='bbox 731 1486 786 1532; x_wconf 88' lang='lat' dir='ltr'><strong>tarn</strong></span> <span class='ocrx_word' id='word_1_112' title='bbox 797 1475 908 1546; x_wconf 85' lang='lat' dir='ltr'><strong>sapiens</strong></span> 
     </span>
     <span class='ocr_line' id='line_1_17' title="bbox 106 1563 905 1644; baseline -0.018 -12"><span class='ocrx_word' id='word_1_113' title='bbox 106 1578 157 1633; x_wconf 92' lang='lat' dir='ltr'><strong>erit</strong></span> <span class='ocrx_word' id='word_1_114' title='bbox 169 1585 198 1631; x_wconf 91' lang='lat' dir='ltr'><strong>nt</strong></span> <span class='ocrx_word' id='word_1_115' title='bbox 212 1589 321 1644; x_wconf 79' lang='lat' dir='ltr'><strong>semper</strong></span> <span class='ocrx_word' id='word_1_116' title='bbox 336 1572 430 1627; x_wconf 87' lang='lat' dir='ltr'><strong>timeat</strong></span> <span class='ocrx_word' id='word_1_117' title='bbox 445 1586 475 1625; x_wconf 90' lang='lat' dir='ltr'><strong>se</strong></span> <span class='ocrx_word' id='word_1_118' title='bbox 491 1584 574 1640; x_wconf 82' lang='lat' dir='ltr'><strong>posse</strong></span> <span class='ocrx_word' id='word_1_119' title='bbox 589 1566 680 1638; x_wconf 89' lang='lat' dir='ltr'><strong>decipi</strong></span> <span class='ocrx_word' id='word_1_120' title='bbox 695 1574 754 1621; x_wconf 88' lang='lat' dir='ltr'><strong>arte</strong></span> <span class='ocrx_word' id='word_1_121' title='bbox 770 1563 905 1629; x_wconf 88' lang='lat' dir='ltr'><strong>mulieris,</strong></span> 
     </span>
     <span class='ocr_line' id='line_1_18' title="bbox 106 1652 904 1733; baseline -0.021 -11"><span class='ocrx_word' id='word_1_122' title='bbox 106 1664 231 1722; x_wconf 75' lang='lat' dir='ltr'><strong>forsitam</strong></span> <span class='ocrx_word' id='word_1_123' title='bbox 247 1664 281 1718; x_wconf 88' lang='lat' dir='ltr'><strong>ab</strong></span> <span class='ocrx_word' id='word_1_124' title='bbox 295 1662 369 1716; x_wconf 89' lang='lat' dir='ltr'><strong>illios</strong></span> <span class='ocrx_word' id='word_1_125' title='bbox 385 1658 496 1733; x_wconf 76' lang='lat' dir='ltr'><strong>ingenio</strong></span> <span class='ocrx_word' id='word_1_126' title='bbox 511 1674 541 1712; x_wconf 86' lang='lat' dir='ltr'><strong>se</strong></span> <span class='ocrx_word' id='word_1_127' title='bbox 556 1654 695 1712; x_wconf 90' lang='lat' dir='ltr'><strong>custodire</strong></span> <span class='ocrx_word' id='word_1_128' title='bbox 712 1652 824 1710; x_wconf 83' lang='lat' dir='ltr'><strong>valebit.</strong></span> <span class='ocrx_word' id='word_1_129' title='bbox 845 1652 904 1706; x_wconf 78' lang='lat' dir='ltr'><strong>lla-</strong></span> 
     </span>
    </p>
   </div>
   <div class='ocr_carea' id='block_1_6' title="bbox 962 466 1763 717">
    <p class='ocr_par' dir='ltr' id='par_1_7' title="bbox 962 466 1763 717">
     <span class='ocr_line' id='line_1_19' title="bbox 964 466 1763 539; baseline 0.008 -20"><span class='ocrx_word' id='word_1_130' title='bbox 964 466 1057 529; x_wconf 80' lang='lat' dir='ltr'><strong>mavit,</strong></span> <span class='ocrx_word' id='word_1_131' title='bbox 1081 466 1228 523; x_wconf 75' lang='lat' dir='ltr'><strong>fenestram</strong></span> <span class='ocrx_word' id='word_1_132' title='bbox 1251 468 1385 534; x_wconf 85' lang='lat' dir='ltr'><strong>aseendit,</strong></span> <span class='ocrx_word' id='word_1_133' title='bbox 1408 468 1537 539; x_wconf 84' lang='lat' dir='ltr'><strong>stetitque</strong></span> <span class='ocrx_word' id='word_1_134' title='bbox 1559 468 1597 523; x_wconf 89' lang='lat' dir='ltr'><strong>ibi</strong></span> <span class='ocrx_word' id='word_1_135' title='bbox 1611 469 1699 525; x_wconf 91' lang='lat' dir='ltr'><strong>donec</strong></span> <span class='ocrx_word' id='word_1_136' title='bbox 1717 468 1763 525; x_wconf 92' lang='lat' dir='ltr'><strong>io·</strong></span> 
     </span>
     <span class='ocr_line' id='line_1_20' title="bbox 962 554 1763 629; baseline 0.009 -22"><span class='ocrx_word' id='word_1_137' title='bbox 962 554 1076 610; x_wconf 84' lang='lat' dir='ltr'><strong>camisia</strong></span> <span class='ocrx_word' id='word_1_138' title='bbox 1091 571 1203 610; x_wconf 87' lang='lat' dir='ltr'><strong>uxorem</strong></span> <span class='ocrx_word' id='word_1_139' title='bbox 1222 572 1300 610; x_wconf 85' lang='lat' dir='ltr'><strong>soom</strong></span> <span class='ocrx_word' id='word_1_140' title='bbox 1322 565 1506 612; x_wconf 81' lang='lat' dir='ltr'><strong>reuertentem</strong></span> <span class='ocrx_word' id='word_1_141' title='bbox 1530 557 1606 622; x_wconf 82' lang='lat' dir='ltr'><strong>vidit,</strong></span> <span class='ocrx_word' id='word_1_142' title='bbox 1633 574 1693 629; x_wconf 75' lang='lat' dir='ltr'><strong>quer</strong></span> <span class='ocrx_word' id='word_1_143' title='bbox 1707 558 1763 614; x_wconf 92' lang='lat' dir='ltr'><strong>do-</strong></span> 
     </span>
     <span class='ocr_line' id='line_1_21' title="bbox 965 643 1762 717; baseline 0.009 -23"><span class='ocrx_word' id='word_1_144' title='bbox 965 658 1036 695; x_wconf 90' lang='lat' dir='ltr'><strong>mum</strong></span> <span class='ocrx_word' id='word_1_145' title='bbox 1059 643 1167 698; x_wconf 88' lang='lat' dir='ltr'><strong>rediens</strong></span> <span class='ocrx_word' id='word_1_146' title='bbox 1191 643 1290 699; x_wconf 84' lang='lat' dir='ltr'><strong>ostium</strong></span> <span class='ocrx_word' id='word_1_147' title='bbox 1306 644 1433 717; x_wconf 75' lang='lat' dir='ltr'><strong>pulsarit.</strong></span> <span class='ocrx_word' id='word_1_148' title='bbox 1457 646 1503 701; x_wconf 82' lang='lat' dir='ltr'><strong>l&#39;ir</strong></span> <span class='ocrx_word' id='word_1_149' title='bbox 1526 645 1667 701; x_wconf 89' lang='lat' dir='ltr'><strong>mulierem</strong></span> <span class='ocrx_word' id='word_1_150' title='bbox 1684 661 1762 702; x_wconf 84' lang='lat' dir='ltr'><strong>suurn</strong></span> 
     </span>
    </p>
   </div>
   <div class='ocr_carea' id='block_1_7' title="bbox 963 739 1765 992">
    <p class='ocr_par' dir='ltr' id='par_1_8' title="bbox 963 739 1765 992">
     <span class='ocr_line' id='line_1_22' title="bbox 963 739 1765 817; baseline 0.007 -24"><span class='ocrx_word' id='word_1_151' title='bbox 963 739 1080 795; x_wconf 87' lang='lat' dir='ltr'><strong>audiens</strong></span> <span class='ocrx_word' id='word_1_152' title='bbox 1096 749 1123 795; x_wconf 92' lang='lat' dir='ltr'><strong>et</strong></span> <span class='ocrx_word' id='word_1_153' title='bbox 1137 740 1242 807; x_wconf 84' lang='lat' dir='ltr'><strong>ridens,</strong></span> <span class='ocrx_word' id='word_1_154' title='bbox 1267 756 1301 797; x_wconf 84' lang='lat' dir='ltr'><strong>ac</strong></span> <span class='ocrx_word' id='word_1_155' title='bbox 1325 741 1349 797; x_wconf 91' lang='lat' dir='ltr'><strong>si</strong></span> <span class='ocrx_word' id='word_1_156' title='bbox 1372 743 1491 800; x_wconf 88' lang='lat' dir='ltr'><strong>nesciret</strong></span> <span class='ocrx_word' id='word_1_157' title='bbox 1509 742 1690 817; x_wconf 72' lang='lat' dir='ltr'><strong>interrogarit</strong></span> <span class='ocrx_word' id='word_1_158' title='bbox 1704 744 1765 816; x_wconf 85' lang='lat' dir='ltr'><strong>quis</strong></span> 
     </span>
     <span class='ocr_line' id='line_1_23' title="bbox 963 828 1763 904; baseline 0.008 -23"><span class='ocrx_word' id='word_1_159' title='bbox 963 836 1048 883; x_wconf 81' lang='lat' dir='ltr'><strong>esset.</strong></span> <span class='ocrx_word' id='word_1_160' title='bbox 1064 832 1097 883; x_wconf 83' lang='lat' dir='ltr'><strong>nt</strong></span> <span class='ocrx_word' id='word_1_161' title='bbox 1108 828 1165 899; x_wconf 88' lang='lat' dir='ltr'><strong>ipso</strong></span> <span class='ocrx_word' id='word_1_162' title='bbox 1176 829 1264 900; x_wconf 82' lang='lat' dir='ltr'><strong>culpa·</strong></span> <span class='ocrx_word' id='word_1_163' title='bbox 1279 831 1385 887; x_wconf 85' lang='lat' dir='ltr'><strong>veniam</strong></span> <span class='ocrx_word' id='word_1_164' title='bbox 1396 841 1492 902; x_wconf 87' lang='lat' dir='ltr'><strong>petens</strong></span> <span class='ocrx_word' id='word_1_165' title='bbox 1502 839 1529 887; x_wconf 90' lang='lat' dir='ltr'><strong>et</strong></span> <span class='ocrx_word' id='word_1_166' title='bbox 1541 848 1692 904; x_wconf 88' lang='lat' dir='ltr'><strong>numquam</strong></span> <span class='ocrx_word' id='word_1_167' title='bbox 1705 850 1763 889; x_wconf 78' lang='lat' dir='ltr'><strong>arrr-</strong></span> 
     </span>
     <span class='ocr_line' id='line_1_24' title="bbox 963 915 1762 992; baseline 0.018 -27"><span class='ocrx_word' id='word_1_168' title='bbox 963 915 1034 985; x_wconf 87' lang='lat' dir='ltr'><strong>plins</strong></span> <span class='ocrx_word' id='word_1_169' title='bbox 1049 932 1079 971; x_wconf 90' lang='lat' dir='ltr'><strong>se</strong></span> <span class='ocrx_word' id='word_1_170' title='bbox 1094 918 1146 971; x_wconf 92' lang='lat' dir='ltr'><strong>hoe</strong></span> <span class='ocrx_word' id='word_1_171' title='bbox 1158 916 1295 972; x_wconf 85' lang='lat' dir='ltr'><strong>iacturum</strong></span> <span class='ocrx_word' id='word_1_172' title='bbox 1308 919 1471 989; x_wconf 86' lang='lat' dir='ltr'><strong>promittens</strong></span> <span class='ocrx_word' id='word_1_173' title='bbox 1489 919 1556 977; x_wconf 88' lang='lat' dir='ltr'><strong>nihil</strong></span> <span class='ocrx_word' id='word_1_174' title='bbox 1574 920 1698 992; x_wconf 89' lang='lat' dir='ltr'><strong>profecit,</strong></span> <span class='ocrx_word' id='word_1_175' title='bbox 1712 924 1762 979; x_wconf 86' lang='lat' dir='ltr'><strong>sed</strong></span> 
     </span>
    </p>
   </div>
   <div class='ocr_carea' id='block_1_8' title="bbox 962 1010 1761 1181">
    <p class='ocr_par' dir='ltr' id='par_1_9' title="bbox 962 1010 1761 1181">
     <span class='ocr_line' id='line_1_25' title="bbox 962 1010 1760 1090; baseline 0.013 -25"><span class='ocrx_word' id='word_1_176' title='bbox 962 1010 1006 1065; x_wconf 86' lang='lat' dir='ltr'><strong>vir</strong></span> <span class='ocrx_word' id='word_1_177' title='bbox 1020 1013 1104 1068; x_wconf 82' lang='lat' dir='ltr'><strong>iratos</strong></span> <span class='ocrx_word' id='word_1_178' title='bbox 1119 1012 1156 1067; x_wconf 92' lang='lat' dir='ltr'><strong>ait</strong></span> <span class='ocrx_word' id='word_1_179' title='bbox 1170 1014 1243 1085; x_wconf 92' lang='lat' dir='ltr'><strong>quod</strong></span> <span class='ocrx_word' id='word_1_180' title='bbox 1257 1030 1319 1070; x_wconf 85' lang='lat' dir='ltr'><strong>corn</strong></span> <span class='ocrx_word' id='word_1_181' title='bbox 1334 1032 1387 1071; x_wconf 90' lang='lat' dir='ltr'><strong>non</strong></span> <span class='ocrx_word' id='word_1_182' title='bbox 1402 1015 1506 1073; x_wconf 88' lang='lat' dir='ltr'><strong>intrare</strong></span> <span class='ocrx_word' id='word_1_183' title='bbox 1521 1018 1702 1090; x_wconf 87' lang='lat' dir='ltr'><strong>permitteret,</strong></span> <span class='ocrx_word' id='word_1_184' title='bbox 1711 1021 1760 1077; x_wconf 88' lang='lat' dir='ltr'><strong>sed</strong></span> 
     </span>
     <span class='ocr_line' id='line_1_26' title="bbox 962 1101 1761 1181; baseline 0.009 -25"><span class='ocrx_word' id='word_1_185' title='bbox 962 1116 1024 1156; x_wconf 84' lang='lat' dir='ltr'><strong>esse</strong></span> <span class='ocrx_word' id='word_1_186' title='bbox 1038 1117 1116 1157; x_wconf 89' lang='lat' dir='ltr'><strong>suurn</strong></span> <span class='ocrx_word' id='word_1_187' title='bbox 1128 1101 1184 1157; x_wconf 88' lang='lat' dir='ltr'><strong>suis</strong></span> <span class='ocrx_word' id='word_1_188' title='bbox 1195 1103 1354 1173; x_wconf 83' lang='lat' dir='ltr'><strong>parentibus</strong></span> <span class='ocrx_word' id='word_1_189' title='bbox 1365 1106 1533 1163; x_wconf 89' lang='lat' dir='ltr'><strong>ostenderet.</strong></span> <span class='ocrx_word' id='word_1_190' title='bbox 1549 1112 1583 1163; x_wconf 81' lang='lat' dir='ltr'><strong>nt</strong></span> <span class='ocrx_word' id='word_1_191' title='bbox 1597 1107 1655 1179; x_wconf 89' lang='lat' dir='ltr'><strong>ipsa</strong></span> <span class='ocrx_word' id='word_1_192' title='bbox 1671 1110 1761 1181; x_wconf 75' lang='lat' dir='ltr'><strong>inagis</strong></span> 
     </span>
    </p>
   </div>
   <div class='ocr_carea' id='block_1_9' title="bbox 959 1197 1759 1718">
    <p class='ocr_par' dir='ltr' id='par_1_10' title="bbox 959 1197 1759 1718">
     <span class='ocr_line' id='line_1_27' title="bbox 962 1197 1756 1273; baseline 0.01 -20"><span class='ocrx_word' id='word_1_193' title='bbox 962 1205 988 1253; x_wconf 92' lang='lat' dir='ltr'><strong>et</strong></span> <span class='ocrx_word' id='word_1_194' title='bbox 1003 1197 1091 1271; x_wconf 77' lang='lat' dir='ltr'><strong>magis</strong></span> <span class='ocrx_word' id='word_1_195' title='bbox 1106 1198 1228 1255; x_wconf 89' lang='lat' dir='ltr'><strong>clamans</strong></span> <span class='ocrx_word' id='word_1_196' title='bbox 1243 1200 1310 1255; x_wconf 81' lang='lat' dir='ltr'><strong>dixit</strong></span> <span class='ocrx_word' id='word_1_197' title='bbox 1325 1201 1460 1272; x_wconf 86' lang='lat' dir='ltr'><strong>quodnisi</strong></span> <span class='ocrx_word' id='word_1_198' title='bbox 1477 1204 1578 1257; x_wconf 89' lang='lat' dir='ltr'><strong>ostium</strong></span> <span class='ocrx_word' id='word_1_199' title='bbox 1593 1206 1756 1273; x_wconf 77' lang='lat' dir='ltr'><strong>recluderet,</strong></span> 
     </span>
     <span class='ocr_line' id='line_1_28' title="bbox 959 1285 1759 1357; baseline 0.011 -16"><span class='ocrx_word' id='word_1_200' title='bbox 959 1285 989 1341; x_wconf 92' lang='lat' dir='ltr'><strong>iu</strong></span> <span class='ocrx_word' id='word_1_201' title='bbox 1005 1294 1115 1357; x_wconf 89' lang='lat' dir='ltr'><strong>puteum</strong></span> <span class='ocrx_word' id='word_1_202' title='bbox 1132 1287 1176 1357; x_wconf 91' lang='lat' dir='ltr'><strong>qui</strong></span> <span class='ocrx_word' id='word_1_203' title='bbox 1188 1287 1266 1357; x_wconf 74' lang='lat' dir='ltr'><strong>iuxta</strong></span> <span class='ocrx_word' id='word_1_204' title='bbox 1284 1289 1394 1345; x_wconf 78' lang='lat' dir='ltr'><strong>‹lomum</strong></span> <span class='ocrx_word' id='word_1_205' title='bbox 1408 1298 1466 1347; x_wconf 88' lang='lat' dir='ltr'><strong>erat</strong></span> <span class='ocrx_word' id='word_1_206' title='bbox 1480 1290 1575 1347; x_wconf 85' lang='lat' dir='ltr'><strong>saliret</strong></span> <span class='ocrx_word' id='word_1_207' title='bbox 1588 1304 1614 1346; x_wconf 90' lang='lat' dir='ltr'><strong>et</strong></span> <span class='ocrx_word' id='word_1_208' title='bbox 1627 1294 1664 1348; x_wconf 90' lang='lat' dir='ltr'><strong>itu</strong></span> <span class='ocrx_word' id='word_1_209' title='bbox 1675 1295 1759 1351; x_wconf 83' lang='lat' dir='ltr'><strong>ritum</strong></span> 
     </span>
     <span class='ocr_line' id='line_1_29' title="bbox 960 1372 1757 1453; baseline 0.018 -28"><span class='ocrx_word' id='word_1_210' title='bbox 960 1372 1059 1442; x_wconf 88' lang='lat' dir='ltr'><strong>liniret,</strong></span> <span class='ocrx_word' id='word_1_211' title='bbox 1076 1376 1170 1447; x_wconf 90' lang='lat' dir='ltr'><strong>sicque</strong></span> <span class='ocrx_word' id='word_1_212' title='bbox 1181 1377 1216 1431; x_wconf 92' lang='lat' dir='ltr'><strong>de</strong></span> <span class='ocrx_word' id='word_1_213' title='bbox 1231 1385 1317 1432; x_wconf 89' lang='lat' dir='ltr'><strong>rnnrte</strong></span> <span class='ocrx_word' id='word_1_214' title='bbox 1333 1394 1383 1433; x_wconf 91' lang='lat' dir='ltr'><strong>sua</strong></span> <span class='ocrx_word' id='word_1_215' title='bbox 1396 1378 1492 1434; x_wconf 88' lang='lat' dir='ltr'><strong>amicis</strong></span> <span class='ocrx_word' id='word_1_216' title='bbox 1506 1387 1533 1435; x_wconf 89' lang='lat' dir='ltr'><strong>et</strong></span> <span class='ocrx_word' id='word_1_217' title='bbox 1548 1381 1708 1453; x_wconf 85' lang='lat' dir='ltr'><strong>propinquis</strong></span> <span class='ocrx_word' id='word_1_218' title='bbox 1719 1400 1757 1439; x_wconf 84' lang='lat' dir='ltr'><strong>ru·</strong></span> 
     </span>
     <span class='ocr_line' id='line_1_30' title="bbox 960 1461 1759 1536; baseline 0.014 -20"><span class='ocrx_word' id='word_1_219' title='bbox 960 1461 1061 1518; x_wconf 89' lang='lat' dir='ltr'><strong>tionem</strong></span> <span class='ocrx_word' id='word_1_220' title='bbox 1076 1463 1213 1519; x_wconf 89' lang='lat' dir='ltr'><strong>redderet.</strong></span> <span class='ocrx_word' id='word_1_221' title='bbox 1229 1466 1439 1536; x_wconf 83' lang='lat' dir='ltr'><strong>Sepretismiuis</strong></span> <span class='ocrx_word' id='word_1_222' title='bbox 1451 1467 1576 1524; x_wconf 86' lang='lat' dir='ltr'><strong>dominus</strong></span> <span class='ocrx_word' id='word_1_223' title='bbox 1591 1485 1648 1525; x_wconf 79' lang='lat' dir='ltr'><strong>suae</strong></span> <span class='ocrx_word' id='word_1_224' title='bbox 1664 1471 1759 1528; x_wconf 88' lang='lat' dir='ltr'><strong>mulie-</strong></span> 
     </span>
     <span class='ocr_line' id='line_1_31' title="bbox 959 1550 1758 1627; baseline 0.015 -23"><span class='ocrx_word' id='word_1_225' title='bbox 959 1550 1007 1616; x_wconf 86' lang='lat' dir='ltr'><strong>ris,</strong></span> <span class='ocrx_word' id='word_1_226' title='bbox 1024 1550 1127 1607; x_wconf 88' lang='lat' dir='ltr'><strong>iotrare</strong></span> <span class='ocrx_word' id='word_1_227' title='bbox 1143 1568 1197 1606; x_wconf 90' lang='lat' dir='ltr'><strong>oon</strong></span> <span class='ocrx_word' id='word_1_228' title='bbox 1212 1554 1346 1623; x_wconf 85' lang='lat' dir='ltr'><strong>permisit.</strong></span> <span class='ocrx_word' id='word_1_229' title='bbox 1365 1554 1460 1610; x_wconf 86' lang='lat' dir='ltr'><strong>llolier</strong></span> <span class='ocrx_word' id='word_1_230' title='bbox 1475 1572 1541 1613; x_wconf 87' lang='lat' dir='ltr'><strong>vero</strong></span> <span class='ocrx_word' id='word_1_231' title='bbox 1558 1557 1641 1627; x_wconf 91' lang='lat' dir='ltr'><strong>plena</strong></span> <span class='ocrx_word' id='word_1_232' title='bbox 1659 1567 1715 1616; x_wconf 89' lang='lat' dir='ltr'><strong>orte</strong></span> <span class='ocrx_word' id='word_1_233' title='bbox 1730 1569 1758 1616; x_wconf 90' lang='lat' dir='ltr'><strong>ct</strong></span> 
     </span>
     <span class='ocr_line' id='line_1_32' title="bbox 960 1637 1755 1718; baseline 0.011 -23"><span class='ocrx_word' id='word_1_234' title='bbox 960 1637 1107 1695; x_wconf 87' lang='lat' dir='ltr'><strong>calliditate</strong></span> <span class='ocrx_word' id='word_1_235' title='bbox 1116 1641 1232 1711; x_wconf 86' lang='lat' dir='ltr'><strong>sumpsit</strong></span> <span class='ocrx_word' id='word_1_236' title='bbox 1242 1641 1361 1712; x_wconf 87' lang='lat' dir='ltr'><strong>lapidem</strong></span> <span class='ocrx_word' id='word_1_237' title='bbox 1374 1659 1455 1714; x_wconf 89' lang='lat' dir='ltr'><strong>qoem</strong></span> <span class='ocrx_word' id='word_1_238' title='bbox 1467 1645 1581 1714; x_wconf 85' lang='lat' dir='ltr'><strong>projecit</strong></span> <span class='ocrx_word' id='word_1_239' title='bbox 1592 1646 1619 1700; x_wconf 90' lang='lat' dir='ltr'><strong>in</strong></span> <span class='ocrx_word' id='word_1_240' title='bbox 1634 1658 1755 1718; x_wconf 91' lang='lat' dir='ltr'><strong>puteum,</strong></span> 
     </span>
    </p>
   </div>
   <div class='ocr_carea' id='block_1_10' title="bbox 106 1726 1757 1827">
    <p class='ocr_par' dir='ltr' id='par_1_11' title="bbox 106 1726 1757 1827">
     <span class='ocr_line' id='line_1_33' title="bbox 106 1726 1757 1827; baseline -0.011 -17"><span class='ocrx_word' id='word_1_241' title='bbox 106 1756 212 1827; x_wconf 74' lang='lat' dir='ltr'><strong>gister:</strong></span> <span class='ocrx_word' id='word_1_242' title='bbox 227 1749 323 1807; x_wconf 75' lang='lat' dir='ltr'><strong>nodivi</strong></span> <span class='ocrx_word' id='word_1_243' title='bbox 339 1750 372 1803; x_wconf 78' lang='lat' dir='ltr'><strong>ile</strong></span> <span class='ocrx_word' id='word_1_244' title='bbox 388 1746 505 1820; x_wconf 86' lang='lat' dir='ltr'><strong>quodum</strong></span> <span class='ocrx_word' id='word_1_245' title='bbox 519 1744 630 1800; x_wconf 87' lang='lat' dir='ltr'><strong>bomine</strong></span> <span class='ocrx_word' id='word_1_246' title='bbox 641 1742 688 1814; x_wconf 90' lang='lat' dir='ltr'><strong>qui</strong></span> <span class='ocrx_word' id='word_1_247' title='bbox 700 1740 816 1799; x_wconf 71' lang='lat' dir='ltr'><strong>multum</strong></span> <span class='ocrx_word' id='word_1_248' title='bbox 830 1739 907 1794; x_wconf 64' lang='lat' dir='ltr'><strong>labo.</strong></span> <span class='ocrx_word' id='word_1_249' title='bbox 924 1729 950 1789; x_wconf 81' lang='lat' dir='ltr'>B</span> <span class='ocrx_word' id='word_1_250' title='bbox 965 1727 1015 1781; x_wconf 90' lang='lat' dir='ltr'><strong>hae</strong></span> <span class='ocrx_word' id='word_1_251' title='bbox 1026 1726 1174 1783; x_wconf 89' lang='lat' dir='ltr'><strong>intentione</strong></span> <span class='ocrx_word' id='word_1_252' title='bbox 1196 1736 1225 1783; x_wconf 91' lang='lat' dir='ltr'><strong>ut</strong></span> <span class='ocrx_word' id='word_1_253' title='bbox 1246 1729 1286 1783; x_wconf 88' lang='lat' dir='ltr'><strong>vir</strong></span> <span class='ocrx_word' id='word_1_254' title='bbox 1307 1746 1372 1785; x_wconf 89' lang='lat' dir='ltr'><strong>sous</strong></span> <span class='ocrx_word' id='word_1_255' title='bbox 1394 1730 1488 1786; x_wconf 91' lang='lat' dir='ltr'><strong>audito</strong></span> <span class='ocrx_word' id='word_1_256' title='bbox 1510 1733 1600 1789; x_wconf 90' lang='lat' dir='ltr'><strong>sonitu</strong></span> <span class='ocrx_word' id='word_1_257' title='bbox 1616 1734 1714 1809; x_wconf 89' lang='lat' dir='ltr'><strong>lapidis</strong></span> <span class='ocrx_word' id='word_1_258' title='bbox 1730 1738 1757 1792; x_wconf 93' lang='lat' dir='ltr'><strong>in</strong></span> 
     </span>
    </p>
   </div>
   <div class='ocr_carea' id='block_1_11' title="bbox 107 1828 904 2103">
    <p class='ocr_par' dir='ltr' id='par_1_12' title="bbox 107 1828 904 2103">
     <span class='ocr_line' id='line_1_34' title="bbox 107 1828 904 1903; baseline -0.019 -6"><span class='ocrx_word' id='word_1_259' title='bbox 107 1844 174 1898; x_wconf 82' lang='lat' dir='ltr'><strong>rarit</strong></span> <span class='ocrx_word' id='word_1_260' title='bbox 190 1850 218 1896; x_wconf 88' lang='lat' dir='ltr'><strong>nt</strong></span> <span class='ocrx_word' id='word_1_261' title='bbox 232 1856 309 1895; x_wconf 84' lang='lat' dir='ltr'><strong>suam</strong></span> <span class='ocrx_word' id='word_1_262' title='bbox 324 1837 483 1901; x_wconf 81' lang='lat' dir='ltr'><strong>custodiret,</strong></span> <span class='ocrx_word' id='word_1_263' title='bbox 499 1833 549 1890; x_wconf 84' lang='lat' dir='ltr'><strong>sed</strong></span> <span class='ocrx_word' id='word_1_264' title='bbox 564 1832 630 1889; x_wconf 88' lang='lat' dir='ltr'><strong>oiltil</strong></span> <span class='ocrx_word' id='word_1_265' title='bbox 647 1829 759 1903; x_wconf 92' lang='lat' dir='ltr'><strong>profuit.</strong></span> <span class='ocrx_word' id='word_1_266' title='bbox 775 1828 904 1900; x_wconf 88' lang='lat' dir='ltr'><strong>Discipu-</strong></span> 
     </span>
     <span class='ocr_line' id='line_1_35' title="bbox 108 1926 903 2013; baseline -0.02 -18"><span class='ocrx_word' id='word_1_267' title='bbox 108 1943 152 1996; x_wconf 85' lang='lat' dir='ltr'><strong>los</strong></span> <span class='ocrx_word' id='word_1_268' title='bbox 169 1939 314 2013; x_wconf 66' lang='lat' dir='ltr'><strong>magistre:</strong></span> <span class='ocrx_word' id='word_1_269' title='bbox 331 1936 380 1991; x_wconf 92' lang='lat' dir='ltr'><strong>Die</strong></span> <span class='ocrx_word' id='word_1_270' title='bbox 395 1933 460 1988; x_wconf 84' lang='lat' dir='ltr'><strong>milri</strong></span> <span class='ocrx_word' id='word_1_271' title='bbox 481 1931 547 2005; x_wconf 87' lang='lat' dir='ltr'><strong>quid</strong></span> <span class='ocrx_word' id='word_1_272' title='bbox 565 1930 639 1997; x_wconf 88' lang='lat' dir='ltr'><strong>fecit,</strong></span> <span class='ocrx_word' id='word_1_273' title='bbox 655 1937 683 1983; x_wconf 93' lang='lat' dir='ltr'><strong>ut</strong></span> <span class='ocrx_word' id='word_1_274' title='bbox 696 1927 792 1983; x_wconf 90' lang='lat' dir='ltr'><strong>melius</strong></span> <span class='ocrx_word' id='word_1_275' title='bbox 807 1926 903 1993; x_wconf 87' lang='lat' dir='ltr'><strong>sciam,</strong></span> 
     </span>
     <span class='ocr_line' id='line_1_36' title="bbox 107 2018 779 2103; baseline -0.022 -18"><span class='ocrx_word' id='word_1_276' title='bbox 107 2030 132 2085; x_wconf 89' lang='lat' dir='ltr'><strong>si</strong></span> <span class='ocrx_word' id='word_1_277' title='bbox 147 2045 228 2103; x_wconf 87' lang='lat' dir='ltr'><strong>qoam</strong></span> <span class='ocrx_word' id='word_1_278' title='bbox 243 2027 358 2093; x_wconf 82' lang='lat' dir='ltr'><strong>duxero,</strong></span> <span class='ocrx_word' id='word_1_279' title='bbox 374 2023 450 2079; x_wconf 88' lang='lat' dir='ltr'><strong>illarn</strong></span> <span class='ocrx_word' id='word_1_280' title='bbox 465 2020 612 2077; x_wconf 84' lang='lat' dir='ltr'><strong>custodire.</strong></span> <span class='ocrx_word' id='word_1_281' title='bbox 628 2018 757 2090; x_wconf 74' lang='lat' dir='ltr'><strong>blagister</strong></span> <span class='ocrx_word' id='word_1_282' title='bbox 773 2036 779 2070; x_wconf 74' lang='grc' dir='ltr'><strong><em>ε</em></strong></span> 
     </span>
    </p>
   </div>
   <div class='ocr_carea' id='block_1_12' title="bbox 402 2140 622 2199">
    <p class='ocr_par' dir='ltr' id='par_1_13' title="bbox 402 2140 622 2199">
     <span class='ocr_line' id='line_1_37' title="bbox 402 2140 622 2199; baseline -0.027 0"><span class='ocrx_word' id='word_1_283' title='bbox 402 2144 537 2199; x_wconf 72' lang='lat' dir='ltr'>FABULA</span> <span class='ocrx_word' id='word_1_284' title='bbox 556 2140 622 2194; x_wconf 82' lang='lat' dir='ltr'><strong>Xll.</strong></span> 
     </span>
    </p>
   </div>
   <div class='ocr_carea' id='block_1_13' title="bbox 106 2262 904 2513">
    <p class='ocr_par' dir='ltr' id='par_1_14' title="bbox 106 2262 904 2513">
     <span class='ocr_line' id='line_1_38' title="bbox 143 2262 903 2347; baseline -0.026 -13"><span class='ocrx_word' id='word_1_285' title='bbox 143 2277 260 2347; x_wconf 86' lang='lat' dir='ltr'><strong>Quidem</strong></span> <span class='ocrx_word' id='word_1_286' title='bbox 272 2272 380 2344; x_wconf 81' lang='lat' dir='ltr'><strong>juvenis</strong></span> <span class='ocrx_word' id='word_1_287' title='bbox 394 2269 442 2327; x_wconf 91' lang='lat' dir='ltr'><strong>fnit</strong></span> <span class='ocrx_word' id='word_1_288' title='bbox 462 2267 507 2340; x_wconf 90' lang='lat' dir='ltr'><strong>qui</strong></span> <span class='ocrx_word' id='word_1_289' title='bbox 527 2272 612 2321; x_wconf 86' lang='lat' dir='ltr'><strong>totam</strong></span> <span class='ocrx_word' id='word_1_290' title='bbox 635 2262 812 2319; x_wconf 87' lang='lat' dir='ltr'><strong>intentionem</strong></span> <span class='ocrx_word' id='word_1_291' title='bbox 827 2276 903 2316; x_wconf 86' lang='lat' dir='ltr'><strong>suum</strong></span> 
     </span>
     <span class='ocr_line' id='line_1_39' title="bbox 106 2357 903 2423; baseline -0.025 0"><span class='ocrx_word' id='word_1_292' title='bbox 106 2377 136 2423; x_wconf 94' lang='lat' dir='ltr'><strong>et</strong></span> <span class='ocrx_word' id='word_1_293' title='bbox 149 2376 234 2422; x_wconf 90' lang='lat' dir='ltr'><strong>totum</strong></span> <span class='ocrx_word' id='word_1_294' title='bbox 262 2377 373 2420; x_wconf 86' lang='lat' dir='ltr'><strong>sensum</strong></span> <span class='ocrx_word' id='word_1_295' title='bbox 401 2366 428 2414; x_wconf 92' lang='lat' dir='ltr'><strong>et</strong></span> <span class='ocrx_word' id='word_1_296' title='bbox 463 2357 552 2411; x_wconf 89' lang='lat' dir='ltr'><strong>adhuc</strong></span> <span class='ocrx_word' id='word_1_297' title='bbox 578 2362 663 2410; x_wconf 93' lang='lat' dir='ltr'><strong>totum</strong></span> <span class='ocrx_word' id='word_1_298' title='bbox 691 2361 797 2422; x_wconf 81' lang='lat' dir='ltr'><strong>tenipus</strong></span> <span class='ocrx_word' id='word_1_299' title='bbox 824 2365 903 2405; x_wconf 86' lang='lat' dir='ltr'><strong>suum</strong></span> 
     </span>
     <span class='ocr_line' id='line_1_40' title="bbox 107 2437 904 2513; baseline -0.025 0"><span class='ocrx_word' id='word_1_300' title='bbox 107 2456 184 2513; x_wconf 80' lang='lat' dir='ltr'><strong>misit</strong></span> <span class='ocrx_word' id='word_1_301' title='bbox 206 2455 241 2511; x_wconf 89' lang='lat' dir='ltr'><strong>ad</strong></span> <span class='ocrx_word' id='word_1_302' title='bbox 265 2453 316 2508; x_wconf 90' lang='lat' dir='ltr'><strong>hoc</strong></span> <span class='ocrx_word' id='word_1_303' title='bbox 339 2459 367 2505; x_wconf 93' lang='lat' dir='ltr'><strong>ot</strong></span> <span class='ocrx_word' id='word_1_304' title='bbox 391 2448 474 2504; x_wconf 88' lang='lat' dir='ltr'><strong>sciret</strong></span> <span class='ocrx_word' id='word_1_305' title='bbox 497 2441 682 2500; x_wconf 89' lang='lat' dir='ltr'><strong>omnimodam</strong></span> <span class='ocrx_word' id='word_1_306' title='bbox 705 2448 792 2495; x_wconf 88' lang='lat' dir='ltr'><strong>artem</strong></span> <span class='ocrx_word' id='word_1_307' title='bbox 808 2437 904 2494; x_wconf 92' lang='lat' dir='ltr'><strong>mulie-</strong></span> 
     </span>
    </p>
   </div>
   <div class='ocr_carea' id='block_1_14' title="bbox 103 2536 904 3075">
    <p class='ocr_par' dir='ltr' id='par_1_15' title="bbox 103 2536 904 3075">
     <span class='ocr_line' id='line_1_41' title="bbox 104 2536 903 2619; baseline -0.028 -7"><span class='ocrx_word' id='word_1_308' title='bbox 104 2557 157 2619; x_wconf 87' lang='lat' dir='ltr'><strong>ris,</strong></span> <span class='ocrx_word' id='word_1_309' title='bbox 187 2563 214 2610; x_wconf 92' lang='lat' dir='ltr'><strong>et</strong></span> <span class='ocrx_word' id='word_1_310' title='bbox 240 2554 292 2607; x_wconf 91' lang='lat' dir='ltr'><strong>hoe</strong></span> <span class='ocrx_word' id='word_1_311' title='bbox 319 2549 389 2606; x_wconf 91' lang='lat' dir='ltr'><strong>facto</strong></span> <span class='ocrx_word' id='word_1_312' title='bbox 414 2545 497 2602; x_wconf 79' lang='lat' dir='ltr'><strong>soluit</strong></span> <span class='ocrx_word' id='word_1_313' title='bbox 515 2543 754 2598; x_wconf 82' lang='lat' dir='ltr'><strong>ducereuxorern.</strong></span> <span class='ocrx_word' id='word_1_314' title='bbox 776 2536 831 2593; x_wconf 86' lang='lat' dir='ltr'><strong>Sed</strong></span> <span class='ocrx_word' id='word_1_315' title='bbox 846 2536 903 2609; x_wconf 91' lang='lat' dir='ltr'><strong>prl-</strong></span> 
     </span>
     <span class='ocr_line' id='line_1_42' title="bbox 105 2624 904 2713; baseline -0.028 -12"><span class='ocrx_word' id='word_1_316' title='bbox 105 2646 190 2701; x_wconf 86' lang='lat' dir='ltr'><strong>mitus</strong></span> <span class='ocrx_word' id='word_1_317' title='bbox 220 2640 339 2713; x_wconf 80' lang='lat' dir='ltr'><strong>perrexit</strong></span> <span class='ocrx_word' id='word_1_318' title='bbox 370 2650 494 2709; x_wconf 75' lang='lat' dir='ltr'><strong>quarere</strong></span> <span class='ocrx_word' id='word_1_319' title='bbox 527 2629 671 2687; x_wconf 89' lang='lat' dir='ltr'><strong>consilium</strong></span> <span class='ocrx_word' id='word_1_320' title='bbox 696 2634 722 2682; x_wconf 89' lang='lat' dir='ltr'><strong>et</strong></span> <span class='ocrx_word' id='word_1_321' title='bbox 757 2624 904 2697; x_wconf 88' lang='lat' dir='ltr'><strong>sapientie·</strong></span> 
     </span>
     <span class='ocr_line' id='line_1_43' title="bbox 105 2715 904 2801; baseline -0.026 -12"><span class='ocrx_word' id='word_1_322' title='bbox 105 2750 166 2789; x_wconf 91' lang='lat' dir='ltr'><strong>rem</strong></span> <span class='ocrx_word' id='word_1_323' title='bbox 180 2732 252 2788; x_wconf 88' lang='lat' dir='ltr'><strong>illius</strong></span> <span class='ocrx_word' id='word_1_324' title='bbox 275 2726 394 2801; x_wconf 80' lang='lat' dir='ltr'><strong>regionis</strong></span> <span class='ocrx_word' id='word_1_325' title='bbox 417 2723 483 2779; x_wconf 88' lang='lat' dir='ltr'><strong>adiit</strong></span> <span class='ocrx_word' id='word_1_326' title='bbox 502 2718 649 2776; x_wconf 89' lang='lat' dir='ltr'><strong>hominem.</strong></span> <span class='ocrx_word' id='word_1_327' title='bbox 673 2715 796 2785; x_wconf 85' lang='lat' dir='ltr'><strong>Qualiter</strong></span> <span class='ocrx_word' id='word_1_328' title='bbox 809 2721 904 2770; x_wconf 89' lang='lat' dir='ltr'><strong>eosto-</strong></span> 
     </span>
     <span class='ocr_line' id='line_1_44' title="bbox 107 2804 904 2892; baseline -0.028 -14"><span class='ocrx_word' id='word_1_329' title='bbox 107 2824 169 2878; x_wconf 92' lang='lat' dir='ltr'><strong>dire</strong></span> <span class='ocrx_word' id='word_1_330' title='bbox 190 2827 283 2892; x_wconf 85' lang='lat' dir='ltr'><strong>posset</strong></span> <span class='ocrx_word' id='word_1_331' title='bbox 304 2831 383 2888; x_wconf 82' lang='lat' dir='ltr'><strong>qumi</strong></span> <span class='ocrx_word' id='word_1_332' title='bbox 408 2814 511 2868; x_wconf 90' lang='lat' dir='ltr'><strong>ducere</strong></span> <span class='ocrx_word' id='word_1_333' title='bbox 543 2807 652 2865; x_wconf 89' lang='lat' dir='ltr'><strong>volebat</strong></span> <span class='ocrx_word' id='word_1_334' title='bbox 684 2804 809 2877; x_wconf 82' lang='lat' dir='ltr'><strong>quaesirit</strong></span> <span class='ocrx_word' id='word_1_335' title='bbox 832 2819 904 2858; x_wconf 85' lang='lat' dir='ltr'><strong>uxo-</strong></span> 
     </span>
     <span class='ocr_line' id='line_1_45' title="bbox 104 2891 903 2980; baseline -0.028 -13"><span class='ocrx_word' id='word_1_336' title='bbox 104 2928 175 2967; x_wconf 90' lang='lat' dir='ltr'><strong>rem.</strong></span> <span class='ocrx_word' id='word_1_337' title='bbox 194 2908 308 2980; x_wconf 80' lang='lat' dir='ltr'><strong>Sapiens</strong></span> <span class='ocrx_word' id='word_1_338' title='bbox 322 2920 388 2961; x_wconf 78' lang='lat' dir='ltr'><strong>vero</strong></span> <span class='ocrx_word' id='word_1_339' title='bbox 405 2904 457 2957; x_wconf 92' lang='lat' dir='ltr'><strong>hoc</strong></span> <span class='ocrx_word' id='word_1_340' title='bbox 472 2898 588 2954; x_wconf 84' lang='lat' dir='ltr'><strong>audieus</strong></span> <span class='ocrx_word' id='word_1_341' title='bbox 602 2895 654 2952; x_wconf 89' lang='lat' dir='ltr'><strong>sibi</strong></span> <span class='ocrx_word' id='word_1_342' title='bbox 669 2894 746 2949; x_wconf 91' lang='lat' dir='ltr'><strong>dedit</strong></span> <span class='ocrx_word' id='word_1_343' title='bbox 758 2891 903 2948; x_wconf 88' lang='lat' dir='ltr'><strong>eonsilium</strong></span> 
     </span>
     <span class='ocr_line' id='line_1_46' title="bbox 103 2981 900 3075; baseline -0.025 -20"><span class='ocrx_word' id='word_1_344' title='bbox 103 2998 177 3075; x_wconf 92' lang='lat' dir='ltr'><strong>quod</strong></span> <span class='ocrx_word' id='word_1_345' title='bbox 192 3001 363 3055; x_wconf 80' lang='lat' dir='ltr'><strong>construeret</strong></span> <span class='ocrx_word' id='word_1_346' title='bbox 386 2992 497 3047; x_wconf 87' lang='lat' dir='ltr'><strong>domum</strong></span> <span class='ocrx_word' id='word_1_347' title='bbox 525 2986 587 3042; x_wconf 90' lang='lat' dir='ltr'><strong>altis</strong></span> <span class='ocrx_word' id='word_1_348' title='bbox 611 2981 760 3055; x_wconf 82' lang='lat' dir='ltr'><strong>parietibus</strong></span> <span class='ocrx_word' id='word_1_349' title='bbox 776 2981 900 3051; x_wconf 66' lang='lat' dir='ltr'><strong>lapideis</strong></span> 
     </span>
    </p>
   </div>
   <div class='ocr_carea' id='block_1_15' title="bbox 957 1826 1759 2624">
    <p class='ocr_par' dir='ltr' id='par_1_16' title="bbox 957 1826 1759 2624">
     <span class='ocr_line' id='line_1_47' title="bbox 960 1826 1756 1899; baseline 0.015 -21"><span class='ocrx_word' id='word_1_350' title='bbox 960 1833 1072 1896; x_wconf 87' lang='lat' dir='ltr'><strong>puteum</strong></span> <span class='ocrx_word' id='word_1_351' title='bbox 1084 1826 1187 1880; x_wconf 90' lang='lat' dir='ltr'><strong>ruentis</strong></span> <span class='ocrx_word' id='word_1_352' title='bbox 1200 1834 1307 1897; x_wconf 90' lang='lat' dir='ltr'><strong>putaret</strong></span> <span class='ocrx_word' id='word_1_353' title='bbox 1322 1844 1384 1883; x_wconf 84' lang='lat' dir='ltr'><strong>sese</strong></span> <span class='ocrx_word' id='word_1_354' title='bbox 1398 1827 1427 1883; x_wconf 92' lang='lat' dir='ltr'><strong>iu</strong></span> <span class='ocrx_word' id='word_1_355' title='bbox 1441 1837 1552 1899; x_wconf 92' lang='lat' dir='ltr'><strong>puteum</strong></span> <span class='ocrx_word' id='word_1_356' title='bbox 1569 1832 1711 1899; x_wconf 89' lang='lat' dir='ltr'><strong>cecidisse,</strong></span> <span class='ocrx_word' id='word_1_357' title='bbox 1729 1844 1756 1890; x_wconf 90' lang='lat' dir='ltr'><strong>et</strong></span> 
     </span>
     <span class='ocr_line' id='line_1_48' title="bbox 959 1913 1758 1987; baseline 0.015 -20"><span class='ocrx_word' id='word_1_358' title='bbox 959 1913 1012 1969; x_wconf 87' lang='lat' dir='ltr'><strong>lroc</strong></span> <span class='ocrx_word' id='word_1_359' title='bbox 1036 1921 1149 1984; x_wconf 88' lang='lat' dir='ltr'><strong>peracto</strong></span> <span class='ocrx_word' id='word_1_360' title='bbox 1168 1913 1266 1971; x_wconf 90' lang='lat' dir='ltr'><strong>mulier</strong></span> <span class='ocrx_word' id='word_1_361' title='bbox 1288 1926 1348 1986; x_wconf 86' lang='lat' dir='ltr'><strong>post</strong></span> <span class='ocrx_word' id='word_1_362' title='bbox 1369 1924 1478 1987; x_wconf 89' lang='lat' dir='ltr'><strong>puteum</strong></span> <span class='ocrx_word' id='word_1_363' title='bbox 1495 1934 1525 1973; x_wconf 88' lang='lat' dir='ltr'><strong>se</strong></span> <span class='ocrx_word' id='word_1_364' title='bbox 1538 1916 1691 1977; x_wconf 85' lang='lat' dir='ltr'><strong>abscondit.</strong></span> <span class='ocrx_word' id='word_1_365' title='bbox 1711 1924 1758 1979; x_wconf 86' lang='lat' dir='ltr'><strong>l&#39;ir</strong></span> 
     </span>
     <span class='ocr_line' id='line_1_49' title="bbox 959 1998 1757 2080; baseline 0.015 -26"><span class='ocrx_word' id='word_1_366' title='bbox 959 1998 1074 2071; x_wconf 85' lang='lat' dir='ltr'><strong>simplex</strong></span> <span class='ocrx_word' id='word_1_367' title='bbox 1103 2009 1184 2075; x_wconf 91' lang='lat' dir='ltr'><strong>atque</strong></span> <span class='ocrx_word' id='word_1_368' title='bbox 1210 2002 1354 2075; x_wconf 90' lang='lat' dir='ltr'><strong>insipieus,</strong></span> <span class='ocrx_word' id='word_1_369' title='bbox 1384 2004 1476 2060; x_wconf 89' lang='lat' dir='ltr'><strong>audito</strong></span> <span class='ocrx_word' id='word_1_370' title='bbox 1504 2006 1593 2063; x_wconf 89' lang='lat' dir='ltr'><strong>souitu</strong></span> <span class='ocrx_word' id='word_1_371' title='bbox 1617 2007 1757 2080; x_wconf 88' lang='lat' dir='ltr'><strong>lapidisin</strong></span> 
     </span>
     <span class='ocr_line' id='line_1_50' title="bbox 958 2098 1759 2177; baseline 0.015 -26"><span class='ocrx_word' id='word_1_372' title='bbox 958 2106 1070 2171; x_wconf 90' lang='lat' dir='ltr'><strong>puteum</strong></span> <span class='ocrx_word' id='word_1_373' title='bbox 1098 2098 1213 2166; x_wconf 86' lang='lat' dir='ltr'><strong>ruentis,</strong></span> <span class='ocrx_word' id='word_1_374' title='bbox 1243 2114 1311 2154; x_wconf 79' lang='lat' dir='ltr'><strong>mor</strong></span> <span class='ocrx_word' id='word_1_375' title='bbox 1335 2100 1370 2155; x_wconf 91' lang='lat' dir='ltr'><strong>de</strong></span> <span class='ocrx_word' id='word_1_376' title='bbox 1396 2099 1479 2158; x_wconf 87' lang='lat' dir='ltr'><strong>domo</strong></span> <span class='ocrx_word' id='word_1_377' title='bbox 1493 2104 1650 2177; x_wconf 76' lang='lat' dir='ltr'><strong>egrediens,</strong></span> <span class='ocrx_word' id='word_1_378' title='bbox 1673 2106 1759 2165; x_wconf 87' lang='lat' dir='ltr'><strong>celeri</strong></span> 
     </span>
     <span class='ocr_line' id='line_1_51' title="bbox 958 2186 1758 2268; baseline 0.015 -28"><span class='ocrx_word' id='word_1_379' title='bbox 958 2201 1041 2242; x_wconf 91' lang='lat' dir='ltr'><strong>curso</strong></span> <span class='ocrx_word' id='word_1_380' title='bbox 1066 2186 1102 2242; x_wconf 87' lang='lat' dir='ltr'><strong>ad</strong></span> <span class='ocrx_word' id='word_1_381' title='bbox 1130 2195 1241 2259; x_wconf 92' lang='lat' dir='ltr'><strong>putenm</strong></span> <span class='ocrx_word' id='word_1_382' title='bbox 1268 2187 1352 2255; x_wconf 84' lang='lat' dir='ltr'><strong>veuit,</strong></span> <span class='ocrx_word' id='word_1_383' title='bbox 1378 2197 1477 2260; x_wconf 82' lang='lat' dir='ltr'><strong>putaris</strong></span> <span class='ocrx_word' id='word_1_384' title='bbox 1493 2208 1587 2249; x_wconf 87' lang='lat' dir='ltr'><strong>verum</strong></span> <span class='ocrx_word' id='word_1_385' title='bbox 1603 2209 1665 2251; x_wconf 84' lang='lat' dir='ltr'><strong>esse</strong></span> <span class='ocrx_word' id='word_1_386' title='bbox 1686 2198 1758 2268; x_wconf 91' lang='lat' dir='ltr'><strong>qood</strong></span> 
     </span>
     <span class='ocr_line' id='line_1_52' title="bbox 959 2274 1759 2353; baseline 0.015 -24"><span class='ocrx_word' id='word_1_387' title='bbox 959 2274 1100 2331; x_wconf 89' lang='lat' dir='ltr'><strong>mulierem</strong></span> <span class='ocrx_word' id='word_1_388' title='bbox 1128 2276 1250 2333; x_wconf 87' lang='lat' dir='ltr'><strong>audisset</strong></span> <span class='ocrx_word' id='word_1_389' title='bbox 1278 2276 1422 2353; x_wconf 71' lang='lat' dir='ltr'><strong>cecidisse.</strong></span> <span class='ocrx_word' id='word_1_390' title='bbox 1454 2279 1551 2336; x_wconf 89' lang='lat' dir='ltr'><strong>llulier</strong></span> <span class='ocrx_word' id='word_1_391' title='bbox 1580 2298 1647 2339; x_wconf 86' lang='lat' dir='ltr'><strong>vero</strong></span> <span class='ocrx_word' id='word_1_392' title='bbox 1663 2284 1759 2341; x_wconf 84' lang='lat' dir='ltr'><strong>ridens</strong></span> 
     </span>
     <span class='ocr_line' id='line_1_53' title="bbox 957 2363 1758 2440; baseline 0.011 -20"><span class='ocrx_word' id='word_1_393' title='bbox 957 2363 1059 2420; x_wconf 90' lang='lat' dir='ltr'><strong>ostium</strong></span> <span class='ocrx_word' id='word_1_394' title='bbox 1074 2364 1172 2421; x_wconf 89' lang='lat' dir='ltr'><strong>domus</strong></span> <span class='ocrx_word' id='word_1_395' title='bbox 1187 2374 1320 2438; x_wconf 89' lang='lat' dir='ltr'><strong>apertum,</strong></span> <span class='ocrx_word' id='word_1_396' title='bbox 1336 2376 1362 2422; x_wconf 92' lang='lat' dir='ltr'><strong>et</strong></span> <span class='ocrx_word' id='word_1_397' title='bbox 1378 2383 1431 2423; x_wconf 90' lang='lat' dir='ltr'><strong>non</strong></span> <span class='ocrx_word' id='word_1_398' title='bbox 1447 2368 1531 2424; x_wconf 89' lang='lat' dir='ltr'><strong>oblita</strong></span> <span class='ocrx_word' id='word_1_399' title='bbox 1546 2379 1588 2425; x_wconf 89' lang='lat' dir='ltr'><strong>est</strong></span> <span class='ocrx_word' id='word_1_400' title='bbox 1611 2388 1667 2427; x_wconf 74' lang='lat' dir='ltr'><strong>surr</strong></span> <span class='ocrx_word' id='word_1_401' title='bbox 1682 2374 1758 2440; x_wconf 87' lang='lat' dir='ltr'><strong>artis,</strong></span> 
     </span>
     <span class='ocr_line' id='line_1_54' title="bbox 958 2450 1759 2528; baseline 0.015 -22"><span class='ocrx_word' id='word_1_402' title='bbox 958 2450 1070 2509; x_wconf 86' lang='lat' dir='ltr'><strong>intrarit</strong></span> <span class='ocrx_word' id='word_1_403' title='bbox 1096 2454 1218 2520; x_wconf 86' lang='lat' dir='ltr'><strong>domum,</strong></span> <span class='ocrx_word' id='word_1_404' title='bbox 1248 2454 1407 2528; x_wconf 83' lang='lat' dir='ltr'><strong>firmatoque</strong></span> <span class='ocrx_word' id='word_1_405' title='bbox 1434 2456 1505 2512; x_wconf 86' lang='lat' dir='ltr'><strong>ostio</strong></span> <span class='ocrx_word' id='word_1_406' title='bbox 1533 2460 1656 2516; x_wconf 86' lang='lat' dir='ltr'><strong>ascendit</strong></span> <span class='ocrx_word' id='word_1_407' title='bbox 1681 2461 1759 2519; x_wconf 88' lang='lat' dir='ltr'><strong>fene-</strong></span> 
     </span>
     <span class='ocr_line' id='line_1_55' title="bbox 959 2541 1758 2624; baseline 0.013 -28"><span class='ocrx_word' id='word_1_408' title='bbox 959 2550 1053 2605; x_wconf 88' lang='lat' dir='ltr'><strong>stram.</strong></span> <span class='ocrx_word' id='word_1_409' title='bbox 1071 2541 1119 2599; x_wconf 89' lang='lat' dir='ltr'><strong>lllo</strong></span> <span class='ocrx_word' id='word_1_410' title='bbox 1130 2551 1221 2598; x_wconf 91' lang='lat' dir='ltr'><strong>autem</strong></span> <span class='ocrx_word' id='word_1_411' title='bbox 1239 2544 1334 2599; x_wconf 87' lang='lat' dir='ltr'><strong>ridens</strong></span> <span class='ocrx_word' id='word_1_412' title='bbox 1351 2561 1381 2599; x_wconf 92' lang='lat' dir='ltr'><strong>se</strong></span> <span class='ocrx_word' id='word_1_413' title='bbox 1398 2560 1460 2601; x_wconf 88' lang='lat' dir='ltr'><strong>esse</strong></span> <span class='ocrx_word' id='word_1_414' title='bbox 1479 2546 1634 2619; x_wconf 89' lang='lat' dir='ltr'><strong>deceptum,</strong></span> <span class='ocrx_word' id='word_1_415' title='bbox 1650 2549 1758 2624; x_wconf 88' lang='lat' dir='ltr'><strong>inquit:</strong></span> 
     </span>
    </p>
   </div>
   <div class='ocr_carea' id='block_1_16' title="bbox 957 2636 1759 3070">
    <p class='ocr_par' dir='ltr' id='par_1_17' title="bbox 957 2636 1759 3070">
     <span class='ocr_line' id='line_1_56' title="bbox 960 2636 1758 2715; baseline 0.01 -20"><span class='ocrx_word' id='word_1_416' title='bbox 960 2638 983 2695; x_wconf 93' lang='grc' dir='ltr'>Ο</span> <span class='ocrx_word' id='word_1_417' title='bbox 998 2638 1095 2695; x_wconf 88' lang='lat' dir='ltr'><strong>molier</strong></span> <span class='ocrx_word' id='word_1_418' title='bbox 1109 2636 1198 2706; x_wconf 82' lang='lat' dir='ltr'><strong>fallax,</strong></span> <span class='ocrx_word' id='word_1_419' title='bbox 1221 2639 1302 2712; x_wconf 89' lang='lat' dir='ltr'><strong>plena</strong></span> <span class='ocrx_word' id='word_1_420' title='bbox 1315 2649 1374 2696; x_wconf 90' lang='lat' dir='ltr'><strong>arte</strong></span> <span class='ocrx_word' id='word_1_421' title='bbox 1389 2641 1500 2708; x_wconf 91' lang='lat' dir='ltr'><strong>diaboli,</strong></span> <span class='ocrx_word' id='word_1_422' title='bbox 1516 2645 1642 2715; x_wconf 83' lang='lat' dir='ltr'><strong>permitte</strong></span> <span class='ocrx_word' id='word_1_423' title='bbox 1656 2664 1700 2704; x_wconf 91' lang='lat' dir='ltr'><strong>me</strong></span> <span class='ocrx_word' id='word_1_424' title='bbox 1714 2648 1758 2703; x_wconf 92' lang='lat' dir='ltr'><strong>io-</strong></span> 
     </span>
     <span class='ocr_line' id='line_1_57' title="bbox 959 2727 1758 2801; baseline 0.013 -19"><span class='ocrx_word' id='word_1_425' title='bbox 959 2734 1043 2793; x_wconf 88' lang='lat' dir='ltr'><strong>trare,</strong></span> <span class='ocrx_word' id='word_1_426' title='bbox 1060 2734 1086 2783; x_wconf 92' lang='lat' dir='ltr'><strong>et</strong></span> <span class='ocrx_word' id='word_1_427' title='bbox 1101 2727 1233 2801; x_wconf 90' lang='lat' dir='ltr'><strong>quidquid</strong></span> <span class='ocrx_word' id='word_1_428' title='bbox 1247 2728 1314 2783; x_wconf 90' lang='lat' dir='ltr'><strong>mihi</strong></span> <span class='ocrx_word' id='word_1_429' title='bbox 1329 2728 1395 2784; x_wconf 88' lang='lat' dir='ltr'><strong>foris</strong></span> <span class='ocrx_word' id='word_1_430' title='bbox 1415 2730 1502 2787; x_wconf 85' lang='lat' dir='ltr'><strong>fecisti</strong></span> <span class='ocrx_word' id='word_1_431' title='bbox 1517 2748 1561 2787; x_wconf 89' lang='lat' dir='ltr'><strong>me</strong></span> <span class='ocrx_word' id='word_1_432' title='bbox 1585 2735 1758 2791; x_wconf 86' lang='lat' dir='ltr'><strong>condonetu-</strong></span> 
     </span>
     <span class='ocr_line' id='line_1_58' title="bbox 959 2815 1759 2897; baseline 0.014 -27"><span class='ocrx_word' id='word_1_433' title='bbox 959 2832 1018 2870; x_wconf 93' lang='lat' dir='ltr'><strong>rom</strong></span> <span class='ocrx_word' id='word_1_434' title='bbox 1033 2815 1080 2870; x_wconf 91' lang='lat' dir='ltr'><strong>tibi</strong></span> <span class='ocrx_word' id='word_1_435' title='bbox 1094 2816 1189 2871; x_wconf 87' lang='lat' dir='ltr'><strong>crede.</strong></span> <span class='ocrx_word' id='word_1_436' title='bbox 1208 2820 1243 2871; x_wconf 77' lang='lat' dir='ltr'><strong>nt</strong></span> <span class='ocrx_word' id='word_1_437' title='bbox 1256 2816 1303 2871; x_wconf 90' lang='lat' dir='ltr'><strong>illa</strong></span> <span class='ocrx_word' id='word_1_438' title='bbox 1316 2833 1379 2873; x_wconf 88' lang='lat' dir='ltr'><strong>eum</strong></span> <span class='ocrx_word' id='word_1_439' title='bbox 1403 2817 1550 2891; x_wconf 89' lang='lat' dir='ltr'><strong>increpans</strong></span> <span class='ocrx_word' id='word_1_440' title='bbox 1565 2821 1759 2897; x_wconf 87' lang='lat' dir='ltr'><strong>introitumque</strong></span> 
     </span>
     <span class='ocr_line' id='line_1_59' title="bbox 957 2904 1756 2983; baseline 0.013 -24"><span class='ocrx_word' id='word_1_441' title='bbox 957 2904 1056 2959; x_wconf 86' lang='lat' dir='ltr'><strong>domus</strong></span> <span class='ocrx_word' id='word_1_442' title='bbox 1072 2904 1182 2959; x_wconf 83' lang='lat' dir='ltr'><strong>omnino</strong></span> <span class='ocrx_word' id='word_1_443' title='bbox 1201 2912 1229 2961; x_wconf 91' lang='lat' dir='ltr'><strong>et</strong></span> <span class='ocrx_word' id='word_1_444' title='bbox 1243 2915 1414 2962; x_wconf 87' lang='lat' dir='ltr'><strong>sacramento</strong></span> <span class='ocrx_word' id='word_1_445' title='bbox 1438 2907 1579 2983; x_wconf 81' lang='lat' dir='ltr'><strong>denegans</strong></span> <span class='ocrx_word' id='word_1_446' title='bbox 1594 2911 1630 2966; x_wconf 87' lang='lat' dir='ltr'><strong>ait</strong></span> <span class='ocrx_word' id='word_1_447' title='bbox 1647 2927 1653 2966; x_wconf 91' lang='lat'>:</span> <span class='ocrx_word' id='word_1_448' title='bbox 1672 2912 1756 2969; x_wconf 88' lang='lat' dir='ltr'><strong>Ose-</strong></span> 
     </span>
     <span class='ocr_line' id='line_1_60' title="bbox 957 2992 1756 3070; baseline 0.014 -23"><span class='ocrx_word' id='word_1_449' title='bbox 957 2992 1064 3058; x_wconf 85' lang='lat' dir='ltr'><strong>doctor,</strong></span> <span class='ocrx_word' id='word_1_450' title='bbox 1080 3002 1155 3048; x_wconf 89' lang='lat' dir='ltr'><strong>tuom</strong></span> <span class='ocrx_word' id='word_1_451' title='bbox 1170 3009 1231 3049; x_wconf 90' lang='lat' dir='ltr'><strong>esse</strong></span> <span class='ocrx_word' id='word_1_452' title='bbox 1258 3002 1340 3066; x_wconf 89' lang='lat' dir='ltr'><strong>utque</strong></span> <span class='ocrx_word' id='word_1_453' title='bbox 1368 3002 1444 3050; x_wconf 88' lang='lat' dir='ltr'><strong>tuum</strong></span> <span class='ocrx_word' id='word_1_454' title='bbox 1472 2995 1581 3053; x_wconf 83' lang='lat' dir='ltr'><strong>facinus</strong></span> <span class='ocrx_word' id='word_1_455' title='bbox 1596 3001 1756 3070; x_wconf 87' lang='lat' dir='ltr'><strong>parentibus</strong></span> 
     </span>
    </p>
   </div>
   <div class='ocr_carea' id='block_1_17' title="bbox 104 3066 1756 3161">
    <p class='ocr_par' dir='ltr' id='par_1_18' title="bbox 104 3066 1756 3161">
     <span class='ocr_line' id='line_1_61' title="bbox 104 3066 1756 3161; baseline -0.001 -17"><span class='ocrx_word' id='word_1_456' title='bbox 104 3094 273 3161; x_wconf 79' lang='lat' dir='ltr'><strong>poneretque</strong></span> <span class='ocrx_word' id='word_1_457' title='bbox 292 3082 364 3137; x_wconf 83' lang='lat' dir='ltr'><strong>intus</strong></span> <span class='ocrx_word' id='word_1_458' title='bbox 385 3078 536 3137; x_wconf 84' lang='lat' dir='ltr'><strong>mulierem,</strong></span> <span class='ocrx_word' id='word_1_459' title='bbox 562 3074 695 3144; x_wconf 87' lang='lat' dir='ltr'><strong>daretque</strong></span> <span class='ocrx_word' id='word_1_460' title='bbox 718 3070 770 3125; x_wconf 90' lang='lat' dir='ltr'><strong>sibi</strong></span> <span class='ocrx_word' id='word_1_461' title='bbox 785 3070 851 3124; x_wconf 88' lang='lat' dir='ltr'><strong>setis</strong></span> <span class='ocrx_word' id='word_1_462' title='bbox 867 3070 903 3124; x_wconf 90' lang='lat' dir='ltr'><strong>ad</strong></span> <span class='ocrx_word' id='word_1_463' title='bbox 918 3066 943 3129; x_wconf 89' lang='lat' dir='ltr'>C</span> <span class='ocrx_word' id='word_1_464' title='bbox 957 3082 1009 3136; x_wconf 68' lang='lat' dir='ltr'><strong>inis</strong></span> <span class='ocrx_word' id='word_1_465' title='bbox 1030 3080 1184 3149; x_wconf 80' lang='lat' dir='ltr'><strong>ostendam,</strong></span> <span class='ocrx_word' id='word_1_466' title='bbox 1210 3082 1270 3154; x_wconf 88' lang='lat' dir='ltr'><strong>qnia</strong></span> <span class='ocrx_word' id='word_1_467' title='bbox 1290 3099 1451 3156; x_wconf 86' lang='lat' dir='ltr'><strong>unaquaque</strong></span> <span class='ocrx_word' id='word_1_468' title='bbox 1473 3095 1553 3141; x_wconf 89' lang='lat' dir='ltr'><strong>nocte</strong></span> <span class='ocrx_word' id='word_1_469' title='bbox 1578 3104 1608 3143; x_wconf 88' lang='lat' dir='ltr'><strong>es</strong></span> <span class='ocrx_word' id='word_1_470' title='bbox 1624 3088 1756 3147; x_wconf 71' lang='lat' dir='ltr'><strong>sollicitus</strong></span> 
     </span>
    </p>
   </div>
   <div class='ocr_carea' id='block_1_18' title="bbox 99 3158 906 4402">
    <p class='ocr_par' dir='ltr' id='par_1_19' title="bbox 99 3158 906 4402">
     <span class='ocr_line' id='line_1_62' title="bbox 104 3158 902 3237; baseline -0.024 -5"><span class='ocrx_word' id='word_1_471' title='bbox 104 3172 304 3233; x_wconf 86' lang='lat' dir='ltr'><strong>comedendam</strong></span> <span class='ocrx_word' id='word_1_472' title='bbox 315 3178 341 3226; x_wconf 91' lang='lat' dir='ltr'><strong>et</strong></span> <span class='ocrx_word' id='word_1_473' title='bbox 351 3184 404 3224; x_wconf 91' lang='lat' dir='ltr'><strong>non</strong></span> <span class='ocrx_word' id='word_1_474' title='bbox 413 3164 550 3237; x_wconf 80' lang='lat' dir='ltr'><strong>superflua</strong></span> <span class='ocrx_word' id='word_1_475' title='bbox 560 3161 727 3227; x_wconf 89' lang='lat' dir='ltr'><strong>indumenta,</strong></span> <span class='ocrx_word' id='word_1_476' title='bbox 745 3158 902 3230; x_wconf 85' lang='lat' dir='ltr'><strong>faceretque</strong></span> 
     </span>
     <span class='ocr_line' id='line_1_63' title="bbox 102 3247 902 3332; baseline -0.025 -12"><span class='ocrx_word' id='word_1_477' title='bbox 102 3266 141 3320; x_wconf 88' lang='lat' dir='ltr'><strong>ita</strong></span> <span class='ocrx_word' id='word_1_478' title='bbox 156 3264 267 3319; x_wconf 91' lang='lat' dir='ltr'><strong>domum</strong></span> <span class='ocrx_word' id='word_1_479' title='bbox 283 3259 356 3332; x_wconf 84' lang='lat' dir='ltr'><strong>quod</strong></span> <span class='ocrx_word' id='word_1_480' title='bbox 371 3273 426 3312; x_wconf 91' lang='lat' dir='ltr'><strong>non</strong></span> <span class='ocrx_word' id='word_1_481' title='bbox 448 3261 521 3309; x_wconf 87' lang='lat' dir='ltr'><strong>esset</strong></span> <span class='ocrx_word' id='word_1_482' title='bbox 538 3252 564 3306; x_wconf 89' lang='lat' dir='ltr'><strong>in</strong></span> <span class='ocrx_word' id='word_1_483' title='bbox 581 3266 612 3306; x_wconf 87' lang='lat' dir='ltr'><strong>ea</strong></span> <span class='ocrx_word' id='word_1_484' title='bbox 628 3249 680 3303; x_wconf 89' lang='lat' dir='ltr'><strong>nisi</strong></span> <span class='ocrx_word' id='word_1_485' title='bbox 695 3247 785 3303; x_wconf 84' lang='lat' dir='ltr'><strong>solnm</strong></span> <span class='ocrx_word' id='word_1_486' title='bbox 802 3247 902 3302; x_wconf 90' lang='lat' dir='ltr'><strong>ostium</strong></span> 
     </span>
     <span class='ocr_line' id='line_1_64' title="bbox 105 3336 903 3425; baseline -0.024 -14"><span class='ocrx_word' id='word_1_487' title='bbox 105 3353 221 3425; x_wconf 84' lang='lat' dir='ltr'><strong>solaque</strong></span> <span class='ocrx_word' id='word_1_488' title='bbox 236 3351 356 3407; x_wconf 87' lang='lat' dir='ltr'><strong>fenestra</strong></span> <span class='ocrx_word' id='word_1_489' title='bbox 381 3362 430 3418; x_wconf 91' lang='lat' dir='ltr'><strong>per</strong></span> <span class='ocrx_word' id='word_1_490' title='bbox 440 3359 522 3417; x_wconf 91' lang='lat' dir='ltr'><strong>quam</strong></span> <span class='ocrx_word' id='word_1_491' title='bbox 529 3341 642 3407; x_wconf 86' lang='lat' dir='ltr'><strong>rideret,</strong></span> <span class='ocrx_word' id='word_1_492' title='bbox 658 3346 685 3394; x_wconf 92' lang='lat' dir='ltr'><strong>et</strong></span> <span class='ocrx_word' id='word_1_493' title='bbox 698 3338 745 3392; x_wconf 86' lang='lat' dir='ltr'><strong>tali</strong></span> <span class='ocrx_word' id='word_1_494' title='bbox 762 3336 903 3392; x_wconf 84' lang='lat' dir='ltr'><strong>altitudine</strong></span> 
     </span>
     <span class='ocr_line' id='line_1_65' title="bbox 103 3426 904 3515; baseline -0.026 -16"><span class='ocrx_word' id='word_1_495' title='bbox 103 3456 246 3515; x_wconf 89' lang='lat' dir='ltr'><strong>perquam</strong></span> <span class='ocrx_word' id='word_1_496' title='bbox 271 3453 352 3493; x_wconf 89' lang='lat' dir='ltr'><strong>nemo</strong></span> <span class='ocrx_word' id='word_1_497' title='bbox 373 3436 475 3489; x_wconf 88' lang='lat' dir='ltr'><strong>intrare</strong></span> <span class='ocrx_word' id='word_1_498' title='bbox 500 3437 593 3503; x_wconf 84' lang='lat' dir='ltr'><strong>posset</strong></span> <span class='ocrx_word' id='word_1_499' title='bbox 612 3427 657 3483; x_wconf 90' lang='lat' dir='ltr'><strong>vel</strong></span> <span class='ocrx_word' id='word_1_500' title='bbox 680 3426 768 3483; x_wconf 80' lang='lat' dir='ltr'><strong>exire.</strong></span> <span class='ocrx_word' id='word_1_501' title='bbox 792 3426 904 3480; x_wconf 88' lang='lat' dir='ltr'><strong>Jnvenls</strong></span> 
     </span>
     <span class='ocr_line' id='line_1_66' title="bbox 104 3515 905 3597; baseline -0.025 -10"><span class='ocrx_word' id='word_1_502' title='bbox 104 3547 184 3597; x_wconf 84' lang='lat' dir='ltr'><strong>roro,</strong></span> <span class='ocrx_word' id='word_1_503' title='bbox 212 3527 305 3584; x_wconf 89' lang='lat' dir='ltr'><strong>audito</strong></span> <span class='ocrx_word' id='word_1_504' title='bbox 331 3523 446 3583; x_wconf 84' lang='lat' dir='ltr'><strong>consilio</strong></span> <span class='ocrx_word' id='word_1_505' title='bbox 477 3517 618 3591; x_wconf 90' lang='lat' dir='ltr'><strong>sapientis,</strong></span> <span class='ocrx_word' id='word_1_506' title='bbox 649 3515 727 3571; x_wconf 91' lang='lat' dir='ltr'><strong>sicuti</strong></span> <span class='ocrx_word' id='word_1_507' title='bbox 747 3515 771 3571; x_wconf 91' lang='lat' dir='ltr'><strong>ei</strong></span> <span class='ocrx_word' id='word_1_508' title='bbox 783 3515 905 3585; x_wconf 85' lang='lat' dir='ltr'><strong>jusserat</strong></span> 
     </span>
     <span class='ocr_line' id='line_1_67' title="bbox 104 3604 904 3692; baseline -0.024 -16"><span class='ocrx_word' id='word_1_509' title='bbox 104 3619 172 3692; x_wconf 76' lang='lat' dir='ltr'><strong>egit.</strong></span> <span class='ocrx_word' id='word_1_510' title='bbox 185 3618 263 3673; x_wconf 83' lang='lat' dir='ltr'><strong>llane</strong></span> <span class='ocrx_word' id='word_1_511' title='bbox 273 3630 339 3671; x_wconf 84' lang='lat' dir='ltr'><strong>vero</strong></span> <span class='ocrx_word' id='word_1_512' title='bbox 354 3629 414 3669; x_wconf 92' lang='lat' dir='ltr'><strong>cum</strong></span> <span class='ocrx_word' id='word_1_513' title='bbox 428 3609 536 3680; x_wconf 78' lang='lat' dir='ltr'><strong>iuvenis</strong></span> <span class='ocrx_word' id='word_1_514' title='bbox 546 3606 635 3662; x_wconf 83' lang='lat' dir='ltr'><strong>exibat</strong></span> <span class='ocrx_word' id='word_1_515' title='bbox 651 3604 685 3660; x_wconf 86' lang='lat' dir='ltr'><strong>de</strong></span> <span class='ocrx_word' id='word_1_516' title='bbox 699 3604 791 3669; x_wconf 69' lang='lat' dir='ltr'><strong>domo.</strong></span> <span class='ocrx_word' id='word_1_517' title='bbox 804 3604 904 3659; x_wconf 86' lang='lat' dir='ltr'><strong>ostium</strong></span> 
     </span>
     <span class='ocr_line' id='line_1_68' title="bbox 104 3692 904 3772; baseline -0.024 -8"><span class='ocrx_word' id='word_1_518' title='bbox 104 3708 231 3765; x_wconf 84' lang='lat' dir='ltr'><strong>firmabat</strong></span> <span class='ocrx_word' id='word_1_519' title='bbox 245 3712 270 3761; x_wconf 91' lang='lat' dir='ltr'><strong>et</strong></span> <span class='ocrx_word' id='word_1_520' title='bbox 283 3702 408 3759; x_wconf 87' lang='lat' dir='ltr'><strong>similiter</strong></span> <span class='ocrx_word' id='word_1_521' title='bbox 423 3698 533 3772; x_wconf 89' lang='lat' dir='ltr'><strong>quando</strong></span> <span class='ocrx_word' id='word_1_522' title='bbox 548 3694 677 3751; x_wconf 89' lang='lat' dir='ltr'><strong>intrabat.</strong></span> <span class='ocrx_word' id='word_1_523' title='bbox 685 3692 802 3762; x_wconf 83' lang='lat' dir='ltr'><strong>Quando</strong></span> <span class='ocrx_word' id='word_1_524' title='bbox 813 3700 904 3747; x_wconf 87' lang='lat' dir='ltr'><strong>autern</strong></span> 
     </span>
     <span class='ocr_line' id='line_1_69' title="bbox 104 3780 906 3862; baseline -0.022 -8"><span class='ocrx_word' id='word_1_525' title='bbox 104 3795 269 3858; x_wconf 88' lang='lat' dir='ltr'><strong>dormiebat,</strong></span> <span class='ocrx_word' id='word_1_526' title='bbox 286 3793 337 3848; x_wconf 91' lang='lat' dir='ltr'><strong>snb</strong></span> <span class='ocrx_word' id='word_1_527' title='bbox 352 3790 440 3862; x_wconf 91' lang='lat' dir='ltr'><strong>eapite</strong></span> <span class='ocrx_word' id='word_1_528' title='bbox 457 3803 506 3842; x_wconf 86' lang='lat' dir='ltr'><strong>suo</strong></span> <span class='ocrx_word' id='word_1_529' title='bbox 521 3785 625 3842; x_wconf 86' lang='lat' dir='ltr'><strong>clarem</strong></span> <span class='ocrx_word' id='word_1_530' title='bbox 640 3780 836 3838; x_wconf 86' lang='lat' dir='ltr'><strong>abscondebat.</strong></span> <span class='ocrx_word' id='word_1_531' title='bbox 848 3781 906 3836; x_wconf 90' lang='lat' dir='ltr'><strong>lloc</strong></span> 
     </span>
     <span class='ocr_line' id='line_1_70' title="bbox 105 3869 906 3959; baseline -0.024 -17"><span class='ocrx_word' id='word_1_532' title='bbox 105 3894 196 3943; x_wconf 79' lang='lat' dir='ltr'><strong>autem</strong></span> <span class='ocrx_word' id='word_1_533' title='bbox 209 3885 293 3959; x_wconf 77' lang='lat' dir='ltr'><strong>longo</strong></span> <span class='ocrx_word' id='word_1_534' title='bbox 307 3893 430 3952; x_wconf 89' lang='lat' dir='ltr'><strong>tempore</strong></span> <span class='ocrx_word' id='word_1_535' title='bbox 459 3876 523 3948; x_wconf 77' lang='lat' dir='ltr'><strong>egit.</strong></span> <span class='ocrx_word' id='word_1_536' title='bbox 553 3871 677 3942; x_wconf 85' lang='lat' dir='ltr'><strong>Quadam</strong></span> <span class='ocrx_word' id='word_1_537' title='bbox 694 3887 759 3926; x_wconf 84' lang='lat' dir='ltr'><strong>uero</strong></span> <span class='ocrx_word' id='word_1_538' title='bbox 781 3870 825 3925; x_wconf 91' lang='lat' dir='ltr'><strong>die</strong></span> <span class='ocrx_word' id='word_1_539' title='bbox 841 3869 906 3924; x_wconf 89' lang='lat' dir='ltr'><strong>dum</strong></span> 
     </span>
     <span class='ocr_line' id='line_1_71' title="bbox 99 3958 904 4045; baseline -0.022 -14"><span class='ocrx_word' id='word_1_540' title='bbox 99 3974 210 4045; x_wconf 82' lang='lat' dir='ltr'><strong>juvenis</strong></span> <span class='ocrx_word' id='word_1_541' title='bbox 224 3975 274 4029; x_wconf 93' lang='lat' dir='ltr'><strong>iret</strong></span> <span class='ocrx_word' id='word_1_542' title='bbox 288 3970 323 4026; x_wconf 88' lang='lat' dir='ltr'><strong>ad</strong></span> <span class='ocrx_word' id='word_1_543' title='bbox 339 3969 438 4033; x_wconf 90' lang='lat' dir='ltr'><strong>forum,</strong></span> <span class='ocrx_word' id='word_1_544' title='bbox 459 3964 567 4029; x_wconf 91' lang='lat' dir='ltr'><strong>molier,</strong></span> <span class='ocrx_word' id='word_1_545' title='bbox 589 3970 616 4016; x_wconf 91' lang='lat' dir='ltr'><strong>ot</strong></span> <span class='ocrx_word' id='word_1_546' title='bbox 632 3970 689 4015; x_wconf 90' lang='lat' dir='ltr'><strong>erat</strong></span> <span class='ocrx_word' id='word_1_547' title='bbox 705 3959 784 4015; x_wconf 87' lang='lat' dir='ltr'><strong>solito</strong></span> <span class='ocrx_word' id='word_1_548' title='bbox 803 3958 904 4025; x_wconf 90' lang='lat' dir='ltr'><strong>fucere,</strong></span> 
     </span>
     <span class='ocr_line' id='line_1_72' title="bbox 105 4047 906 4120; baseline -0.022 0"><span class='ocrx_word' id='word_1_549' title='bbox 105 4062 233 4120; x_wconf 89' lang='lat' dir='ltr'><strong>ascendit</strong></span> <span class='ocrx_word' id='word_1_550' title='bbox 256 4061 400 4116; x_wconf 83' lang='lat' dir='ltr'><strong>fenestram</strong></span> <span class='ocrx_word' id='word_1_551' title='bbox 418 4062 446 4111; x_wconf 90' lang='lat' dir='ltr'><strong>et</strong></span> <span class='ocrx_word' id='word_1_552' title='bbox 464 4060 561 4109; x_wconf 80' lang='lat' dir='ltr'><strong>euntes</strong></span> <span class='ocrx_word' id='word_1_553' title='bbox 585 4058 612 4105; x_wconf 91' lang='lat' dir='ltr'><strong>et</strong></span> <span class='ocrx_word' id='word_1_554' title='bbox 629 4049 779 4104; x_wconf 88' lang='lat' dir='ltr'><strong>redeuntes</strong></span> <span class='ocrx_word' id='word_1_555' title='bbox 804 4047 906 4103; x_wconf 90' lang='lat' dir='ltr'><strong>intente</strong></span> 
     </span>
     <span class='ocr_line' id='line_1_73' title="bbox 105 4136 906 4223; baseline -0.024 -14"><span class='ocrx_word' id='word_1_556' title='bbox 105 4151 224 4223; x_wconf 82' lang='lat' dir='ltr'><strong>aspexit.</strong></span> <span class='ocrx_word' id='word_1_557' title='bbox 243 4150 301 4207; x_wconf 88' lang='lat' dir='ltr'><strong>llac</strong></span> <span class='ocrx_word' id='word_1_558' title='bbox 315 4162 366 4203; x_wconf 88' lang='lat' dir='ltr'><strong>una</strong></span> <span class='ocrx_word' id='word_1_559' title='bbox 381 4146 425 4201; x_wconf 89' lang='lat' dir='ltr'><strong>die</strong></span> <span class='ocrx_word' id='word_1_560' title='bbox 436 4159 498 4200; x_wconf 92' lang='lat' dir='ltr'><strong>com</strong></span> <span class='ocrx_word' id='word_1_561' title='bbox 513 4140 548 4195; x_wconf 91' lang='lat' dir='ltr'><strong>ad</strong></span> <span class='ocrx_word' id='word_1_562' title='bbox 565 4140 714 4194; x_wconf 83' lang='lat' dir='ltr'><strong>fenestram</strong></span> <span class='ocrx_word' id='word_1_563' title='bbox 729 4144 821 4202; x_wconf 87' lang='lat' dir='ltr'><strong>staret,</strong></span> <span class='ocrx_word' id='word_1_564' title='bbox 839 4136 906 4191; x_wconf 83' lang='lat' dir='ltr'><strong>uidit</strong></span> 
     </span>
     <span class='ocr_line' id='line_1_74' title="bbox 106 4224 904 4315; baseline -0.019 -19"><span class='ocrx_word' id='word_1_565' title='bbox 106 4238 255 4315; x_wconf 87' lang='lat' dir='ltr'><strong>quemdam</strong></span> <span class='ocrx_word' id='word_1_566' title='bbox 268 4238 400 4307; x_wconf 89' lang='lat' dir='ltr'><strong>juvenem</strong></span> <span class='ocrx_word' id='word_1_567' title='bbox 418 4232 566 4288; x_wconf 87' lang='lat' dir='ltr'><strong>formosum</strong></span> <span class='ocrx_word' id='word_1_568' title='bbox 591 4242 710 4297; x_wconf 89' lang='lat' dir='ltr'><strong>corpore</strong></span> <span class='ocrx_word' id='word_1_569' title='bbox 728 4234 810 4297; x_wconf 88' lang='lat' dir='ltr'><strong>atque</strong></span> <span class='ocrx_word' id='word_1_570' title='bbox 824 4224 904 4293; x_wconf 86' lang='lat' dir='ltr'><strong>facie,</strong></span> 
     </span>
     <span class='ocr_line' id='line_1_75' title="bbox 108 4314 906 4402; baseline -0.023 -17"><span class='ocrx_word' id='word_1_571' title='bbox 108 4346 164 4402; x_wconf 89' lang='lat' dir='ltr'><strong>quo</strong></span> <span class='ocrx_word' id='word_1_572' title='bbox 174 4329 235 4383; x_wconf 88' lang='lat' dir='ltr'><strong>viso</strong></span> <span class='ocrx_word' id='word_1_573' title='bbox 243 4325 335 4382; x_wconf 88' lang='lat' dir='ltr'><strong>statim</strong></span> <span class='ocrx_word' id='word_1_574' title='bbox 350 4323 422 4378; x_wconf 87' lang='lat' dir='ltr'><strong>illins</strong></span> <span class='ocrx_word' id='word_1_575' title='bbox 430 4334 522 4375; x_wconf 89' lang='lat' dir='ltr'><strong>amore</strong></span> <span class='ocrx_word' id='word_1_576' title='bbox 536 4330 671 4373; x_wconf 73' lang='lat' dir='ltr'><strong>sucirensa</strong></span> <span class='ocrx_word' id='word_1_577' title='bbox 682 4314 741 4382; x_wconf 92' lang='lat' dir='ltr'><strong>fuit,</strong></span> <span class='ocrx_word' id='word_1_578' title='bbox 752 4321 778 4369; x_wconf 89' lang='lat' dir='ltr'><strong>et</strong></span> <span class='ocrx_word' id='word_1_579' title='bbox 788 4322 906 4385; x_wconf 87' lang='lat' dir='ltr'><strong>utsupra</strong></span> 
     </span>
    </p>
   </div>
   <div class='ocr_carea' id='block_1_19' title="bbox 107 4403 947 4485">
    <p class='ocr_par' dir='ltr' id='par_1_20' title="bbox 107 4403 947 4485">
     <span class='ocr_line' id='line_1_76' title="bbox 107 4403 947 4485; baseline -0.021 -11"><span class='ocrx_word' id='word_1_580' title='bbox 107 4419 212 4474; x_wconf 88' lang='lat' dir='ltr'><strong>dietum</strong></span> <span class='ocrx_word' id='word_1_581' title='bbox 226 4419 278 4483; x_wconf 89' lang='lat' dir='ltr'><strong>est,</strong></span> <span class='ocrx_word' id='word_1_582' title='bbox 289 4412 424 4470; x_wconf 88' lang='lat' dir='ltr'><strong>custodite</strong></span> <span class='ocrx_word' id='word_1_583' title='bbox 436 4407 516 4478; x_wconf 81' lang='lat' dir='ltr'><strong>erepit</strong></span> <span class='ocrx_word' id='word_1_584' title='bbox 528 4406 654 4476; x_wconf 74' lang='lat' dir='ltr'><strong>cogitare</strong></span> <span class='ocrx_word' id='word_1_585' title='bbox 667 4403 804 4476; x_wconf 89' lang='lat' dir='ltr'><strong>quomodo</strong></span> <span class='ocrx_word' id='word_1_586' title='bbox 816 4411 842 4457; x_wconf 87' lang='lat' dir='ltr'><strong>et</strong></span> <span class='ocrx_word' id='word_1_587' title='bbox 855 4418 906 4473; x_wconf 91' lang='lat' dir='ltr'><strong>qna</strong></span> <span class='ocrx_word' id='word_1_588' title='bbox 921 4423 947 4485; x_wconf 75' lang='lat' dir='ltr'>D</span> 
     </span>
    </p>
   </div>
   <div class='ocr_carea' id='block_1_20' title="bbox 107 4492 909 4668">
    <p class='ocr_par' dir='ltr' id='par_1_21' title="bbox 107 4492 909 4668">
     <span class='ocr_line' id='line_1_77' title="bbox 107 4492 905 4577; baseline -0.025 -15"><span class='ocrx_word' id='word_1_589' title='bbox 107 4515 167 4562; x_wconf 89' lang='lat' dir='ltr'><strong>arte</strong></span> <span class='ocrx_word' id='word_1_590' title='bbox 180 4512 274 4577; x_wconf 88' lang='lat' dir='ltr'><strong>posset</strong></span> <span class='ocrx_word' id='word_1_591' title='bbox 287 4501 360 4574; x_wconf 84' lang='lat' dir='ltr'><strong>loqui</strong></span> <span class='ocrx_word' id='word_1_592' title='bbox 374 4515 436 4555; x_wconf 91' lang='lat' dir='ltr'><strong>corn</strong></span> <span class='ocrx_word' id='word_1_593' title='bbox 451 4495 694 4563; x_wconf 85' lang='lat' dir='ltr'><strong>adamatojurene.</strong></span> <span class='ocrx_word' id='word_1_594' title='bbox 704 4494 738 4546; x_wconf 75' lang='lat' dir='ltr'><strong>At</strong></span> <span class='ocrx_word' id='word_1_595' title='bbox 753 4492 812 4562; x_wconf 86' lang='lat' dir='ltr'><strong>ipsu</strong></span> <span class='ocrx_word' id='word_1_596' title='bbox 826 4492 905 4562; x_wconf 82' lang='lat' dir='ltr'><strong>plena</strong></span> 
     </span>
     <span class='ocr_line' id='line_1_78' title="bbox 109 4580 909 4668; baseline -0.021 -18"><span class='ocrx_word' id='word_1_597' title='bbox 109 4594 222 4668; x_wconf 80' lang='lat' dir='ltr'><strong>ingenio</strong></span> <span class='ocrx_word' id='word_1_598' title='bbox 237 4607 269 4647; x_wconf 91' lang='lat' dir='ltr'><strong>ae</strong></span> <span class='ocrx_word' id='word_1_599' title='bbox 284 4588 435 4646; x_wconf 83' lang='lat' dir='ltr'><strong>dolositatis</strong></span> <span class='ocrx_word' id='word_1_600' title='bbox 444 4592 503 4641; x_wconf 87' lang='lat' dir='ltr'><strong>arte</strong></span> <span class='ocrx_word' id='word_1_601' title='bbox 514 4582 646 4653; x_wconf 77' lang='lat' dir='ltr'><strong>cogitarit</strong></span> <span class='ocrx_word' id='word_1_602' title='bbox 661 4580 734 4652; x_wconf 91' lang='lat' dir='ltr'><strong>qood</strong></span> <span class='ocrx_word' id='word_1_603' title='bbox 749 4580 843 4637; x_wconf 83' lang='lat' dir='ltr'><strong>clares</strong></span> <span class='ocrx_word' id='word_1_604' title='bbox 860 4581 909 4635; x_wconf 89' lang='lat' dir='ltr'><strong>do·</strong></span> 
     </span>
    </p>
   </div>
   <div class='ocr_carea' id='block_1_21' title="bbox 109 4678 908 4839">
    <p class='ocr_par' dir='ltr' id='par_1_22' title="bbox 109 4678 908 4839">
     <span class='ocr_line' id='line_1_79' title="bbox 109 4678 907 4751; baseline -0.019 -3"><span class='ocrx_word' id='word_1_605' title='bbox 109 4692 177 4748; x_wconf 90' lang='lat' dir='ltr'><strong>mini</strong></span> <span class='ocrx_word' id='word_1_606' title='bbox 192 4690 233 4745; x_wconf 84' lang='lat' dir='ltr'><strong>sui</strong></span> <span class='ocrx_word' id='word_1_607' title='bbox 248 4689 384 4743; x_wconf 86' lang='lat' dir='ltr'><strong>furaretur</strong></span> <span class='ocrx_word' id='word_1_608' title='bbox 406 4685 471 4739; x_wconf 91' lang='lat' dir='ltr'><strong>dnm</strong></span> <span class='ocrx_word' id='word_1_609' title='bbox 496 4680 639 4744; x_wconf 74' lang='lat' dir='ltr'><strong>couniret,</strong></span> <span class='ocrx_word' id='word_1_610' title='bbox 661 4686 688 4734; x_wconf 92' lang='lat' dir='ltr'><strong>et</strong></span> <span class='ocrx_word' id='word_1_611' title='bbox 703 4679 738 4733; x_wconf 88' lang='lat' dir='ltr'><strong>ita</strong></span> <span class='ocrx_word' id='word_1_612' title='bbox 753 4678 822 4751; x_wconf 80' lang='lat' dir='ltr'><strong>egit.</strong></span> <span class='ocrx_word' id='word_1_613' title='bbox 844 4679 907 4734; x_wconf 84' lang='lat' dir='ltr'><strong>llaec</strong></span> 
     </span>
     <span class='ocr_line' id='line_1_80' title="bbox 109 4772 908 4839; baseline -0.019 0"><span class='ocrx_word' id='word_1_614' title='bbox 109 4797 178 4839; x_wconf 87' lang='lat' dir='ltr'><strong>vero</strong></span> <span class='ocrx_word' id='word_1_615' title='bbox 193 4786 301 4834; x_wconf 88' lang='lat' dir='ltr'><strong>assueta</strong></span> <span class='ocrx_word' id='word_1_616' title='bbox 315 4783 373 4831; x_wconf 84' lang='lat' dir='ltr'><strong>erat</strong></span> <span class='ocrx_word' id='word_1_617' title='bbox 390 4772 530 4828; x_wconf 91' lang='lat' dir='ltr'><strong>dominum</strong></span> <span class='ocrx_word' id='word_1_618' title='bbox 554 4784 633 4823; x_wconf 88' lang='lat' dir='ltr'><strong>soum</strong></span> <span class='ocrx_word' id='word_1_619' title='bbox 649 4782 813 4839; x_wconf 86' lang='lat' dir='ltr'><strong>unaquaque</strong></span> <span class='ocrx_word' id='word_1_620' title='bbox 827 4777 908 4824; x_wconf 88' lang='lat' dir='ltr'><strong>noete</strong></span> 
     </span>
    </p>
   </div>
   <div class='ocr_carea' id='block_1_22' title="bbox 109 4866 914 5671">
    <p class='ocr_par' dir='ltr' id='par_1_23' title="bbox 109 4866 914 5671">
     <span class='ocr_line' id='line_1_81' title="bbox 109 4866 909 4936; baseline -0.019 -2"><span class='ocrx_word' id='word_1_621' title='bbox 109 4878 247 4935; x_wconf 88' lang='lat' dir='ltr'><strong>inebriare</strong></span> <span class='ocrx_word' id='word_1_622' title='bbox 260 4876 324 4930; x_wconf 88' lang='lat' dir='ltr'><strong>rino</strong></span> <span class='ocrx_word' id='word_1_623' title='bbox 339 4881 367 4928; x_wconf 94' lang='lat' dir='ltr'><strong>ut</strong></span> <span class='ocrx_word' id='word_1_624' title='bbox 382 4868 505 4926; x_wconf 89' lang='lat' dir='ltr'><strong>securius</strong></span> <span class='ocrx_word' id='word_1_625' title='bbox 529 4867 563 4923; x_wconf 85' lang='lat' dir='ltr'><strong>ad</strong></span> <span class='ocrx_word' id='word_1_626' title='bbox 586 4866 701 4921; x_wconf 88' lang='lat' dir='ltr'><strong>amicum</strong></span> <span class='ocrx_word' id='word_1_627' title='bbox 718 4882 796 4920; x_wconf 90' lang='lat' dir='ltr'><strong>suum</strong></span> <span class='ocrx_word' id='word_1_628' title='bbox 815 4873 909 4936; x_wconf 90' lang='lat' dir='ltr'><strong>posset</strong></span> 
     </span>
     <span class='ocr_line' id='line_1_82' title="bbox 111 4954 908 5027; baseline -0.016 -2"><span class='ocrx_word' id='word_1_629' title='bbox 111 4968 191 5025; x_wconf 87' lang='lat' dir='ltr'><strong>exire</strong></span> <span class='ocrx_word' id='word_1_630' title='bbox 206 4974 233 5020; x_wconf 91' lang='lat' dir='ltr'><strong>et</strong></span> <span class='ocrx_word' id='word_1_631' title='bbox 247 4978 323 5019; x_wconf 89' lang='lat' dir='ltr'><strong>suam</strong></span> <span class='ocrx_word' id='word_1_632' title='bbox 340 4960 506 5017; x_wconf 80' lang='lat' dir='ltr'><strong>voluntatem</strong></span> <span class='ocrx_word' id='word_1_633' title='bbox 534 4954 652 5027; x_wconf 81' lang='lat' dir='ltr'><strong>explere.</strong></span> <span class='ocrx_word' id='word_1_634' title='bbox 684 4954 815 5009; x_wconf 84' lang='lat' dir='ltr'><strong>Dominus</strong></span> <span class='ocrx_word' id='word_1_635' title='bbox 842 4972 908 5013; x_wconf 87' lang='lat' dir='ltr'><strong>roro</strong></span> 
     </span>
     <span class='ocr_line' id='line_1_83' title="bbox 111 5051 908 5136; baseline -0.01 -17"><span class='ocrx_word' id='word_1_636' title='bbox 111 5064 187 5136; x_wconf 72' lang='lat' dir='ltr'><strong>qllius</strong></span> <span class='ocrx_word' id='word_1_637' title='bbox 200 5057 395 5135; x_wconf 85' lang='lat' dir='ltr'><strong>philosophicis</strong></span> <span class='ocrx_word' id='word_1_638' title='bbox 420 5056 475 5125; x_wconf 84' lang='lat' dir='ltr'><strong>jam</strong></span> <span class='ocrx_word' id='word_1_639' title='bbox 504 5053 619 5109; x_wconf 83' lang='lat' dir='ltr'><strong>edoctus</strong></span> <span class='ocrx_word' id='word_1_640' title='bbox 635 5051 745 5107; x_wconf 85' lang='lat' dir='ltr'><strong>monitis</strong></span> <span class='ocrx_word' id='word_1_641' title='bbox 771 5052 829 5108; x_wconf 86' lang='lat' dir='ltr'><strong>sine</strong></span> <span class='ocrx_word' id='word_1_642' title='bbox 845 5053 908 5111; x_wconf 89' lang='lat' dir='ltr'><strong>dolo</strong></span> 
     </span>
     <span class='ocr_line' id='line_1_84' title="bbox 111 5140 909 5213; baseline -0.013 -4"><span class='ocrx_word' id='word_1_643' title='bbox 111 5152 203 5209; x_wconf 85' lang='lat' dir='ltr'><strong>nullos</strong></span> <span class='ocrx_word' id='word_1_644' title='bbox 217 5166 280 5207; x_wconf 88' lang='lat' dir='ltr'><strong>esse</strong></span> <span class='ocrx_word' id='word_1_645' title='bbox 296 5145 447 5204; x_wconf 90' lang='lat' dir='ltr'><strong>muliebres</strong></span> <span class='ocrx_word' id='word_1_646' title='bbox 457 5151 542 5209; x_wconf 90' lang='lat' dir='ltr'><strong>actus,</strong></span> <span class='ocrx_word' id='word_1_647' title='bbox 558 5140 639 5211; x_wconf 85' lang='lat' dir='ltr'><strong>coepit</strong></span> <span class='ocrx_word' id='word_1_648' title='bbox 649 5141 770 5213; x_wconf 78' lang='lat' dir='ltr'><strong>cogitare</strong></span> <span class='ocrx_word' id='word_1_649' title='bbox 781 5142 846 5213; x_wconf 85' lang='lat' dir='ltr'><strong>quid</strong></span> <span class='ocrx_word' id='word_1_650' title='bbox 860 5160 909 5199; x_wconf 89' lang='lat' dir='ltr'><strong>soa</strong></span> 
     </span>
     <span class='ocr_line' id='line_1_85' title="bbox 111 5238 908 5319; baseline -0.014 -12"><span class='ocrx_word' id='word_1_651' title='bbox 111 5248 213 5319; x_wconf 79' lang='lat' dir='ltr'><strong>conjux</strong></span> <span class='ocrx_word' id='word_1_652' title='bbox 243 5252 358 5303; x_wconf 90' lang='lat' dir='ltr'><strong>strueret</strong></span> <span class='ocrx_word' id='word_1_653' title='bbox 387 5240 524 5315; x_wconf 91' lang='lat' dir='ltr'><strong>frequenti</strong></span> <span class='ocrx_word' id='word_1_654' title='bbox 547 5244 574 5294; x_wconf 88' lang='lat' dir='ltr'><strong>et</strong></span> <span class='ocrx_word' id='word_1_655' title='bbox 591 5238 729 5295; x_wconf 87' lang='lat' dir='ltr'><strong>cotidiana</strong></span> <span class='ocrx_word' id='word_1_656' title='bbox 758 5240 908 5311; x_wconf 88' lang='lat' dir='ltr'><strong>potatione,</strong></span> 
     </span>
     <span class='ocr_line' id='line_1_86' title="bbox 114 5326 908 5413; baseline -0.008 -20"><span class='ocrx_word' id='word_1_657' title='bbox 114 5338 188 5413; x_wconf 87' lang='lat' dir='ltr'><strong>quod</strong></span> <span class='ocrx_word' id='word_1_658' title='bbox 202 5346 233 5397; x_wconf 88' lang='lat' dir='ltr'><strong>ut</strong></span> <span class='ocrx_word' id='word_1_659' title='bbox 252 5336 303 5393; x_wconf 87' lang='lat' dir='ltr'><strong>sub</strong></span> <span class='ocrx_word' id='word_1_660' title='bbox 318 5330 427 5391; x_wconf 89' lang='lat' dir='ltr'><strong>occulto</strong></span> <span class='ocrx_word' id='word_1_661' title='bbox 452 5334 567 5402; x_wconf 92' lang='lat' dir='ltr'><strong>poneret</strong></span> <span class='ocrx_word' id='word_1_662' title='bbox 582 5343 611 5382; x_wconf 90' lang='lat' dir='ltr'><strong>sc</strong></span> <span class='ocrx_word' id='word_1_663' title='bbox 628 5326 703 5383; x_wconf 84' lang='lat' dir='ltr'><strong>finxit</strong></span> <span class='ocrx_word' id='word_1_664' title='bbox 717 5327 822 5383; x_wconf 89' lang='lat' dir='ltr'><strong>ebrium</strong></span> <span class='ocrx_word' id='word_1_665' title='bbox 837 5346 908 5387; x_wconf 92' lang='lat' dir='ltr'><strong>esse.</strong></span> 
     </span>
     <span class='ocr_line' id='line_1_87' title="bbox 113 5416 901 5499; baseline -0.009 -17"><span class='ocrx_word' id='word_1_666' title='bbox 113 5428 200 5499; x_wconf 77' lang='lat' dir='ltr'><strong>Cujus</strong></span> <span class='ocrx_word' id='word_1_667' title='bbox 214 5425 256 5481; x_wconf 88' lang='lat' dir='ltr'><strong>rei</strong></span> <span class='ocrx_word' id='word_1_668' title='bbox 270 5422 366 5479; x_wconf 84' lang='lat' dir='ltr'><strong>molier</strong></span> <span class='ocrx_word' id='word_1_669' title='bbox 390 5419 477 5475; x_wconf 90' lang='lat' dir='ltr'><strong>inscia</strong></span> <span class='ocrx_word' id='word_1_670' title='bbox 489 5418 523 5473; x_wconf 93' lang='lat' dir='ltr'><strong>de</strong></span> <span class='ocrx_word' id='word_1_671' title='bbox 544 5416 616 5472; x_wconf 90' lang='lat' dir='ltr'><strong>lecto</strong></span> <span class='ocrx_word' id='word_1_672' title='bbox 635 5420 716 5472; x_wconf 85' lang='lat' dir='ltr'><strong>noete</strong></span> <span class='ocrx_word' id='word_1_673' title='bbox 730 5433 901 5491; x_wconf 75' lang='lat' dir='ltr'><strong>consurgens</strong></span> 
     </span>
     <span class='ocr_line' id='line_1_88' title="bbox 114 5513 911 5597; baseline -0.013 -16"><span class='ocrx_word' id='word_1_674' title='bbox 114 5522 236 5597; x_wconf 77' lang='lat' dir='ltr'><strong>perrexit</strong></span> <span class='ocrx_word' id='word_1_675' title='bbox 250 5518 285 5577; x_wconf 89' lang='lat' dir='ltr'><strong>ad</strong></span> <span class='ocrx_word' id='word_1_676' title='bbox 300 5516 399 5575; x_wconf 86' lang='lat' dir='ltr'><strong>ostium</strong></span> <span class='ocrx_word' id='word_1_677' title='bbox 414 5514 521 5579; x_wconf 85' lang='lat' dir='ltr'><strong>domos,</strong></span> <span class='ocrx_word' id='word_1_678' title='bbox 541 5523 567 5570; x_wconf 89' lang='lat' dir='ltr'><strong>et</strong></span> <span class='ocrx_word' id='word_1_679' title='bbox 582 5520 676 5585; x_wconf 88' lang='lat' dir='ltr'><strong>aperto</strong></span> <span class='ocrx_word' id='word_1_680' title='bbox 695 5513 775 5570; x_wconf 82' lang='lat' dir='ltr'><strong>exirit</strong></span> <span class='ocrx_word' id='word_1_681' title='bbox 791 5518 826 5571; x_wconf 82' lang='lat' dir='ltr'><strong>ad</strong></span> <span class='ocrx_word' id='word_1_682' title='bbox 841 5516 911 5571; x_wconf 91' lang='lat' dir='ltr'><strong>ami-</strong></span> 
     </span>
     <span class='ocr_line' id='line_1_89' title="bbox 115 5600 914 5671; baseline -0.01 -2"><span class='ocrx_word' id='word_1_683' title='bbox 115 5628 192 5671; x_wconf 87' lang='lat' dir='ltr'><strong>eonr.</strong></span> <span class='ocrx_word' id='word_1_684' title='bbox 220 5610 267 5666; x_wconf 80' lang='lat' dir='ltr'><strong>tnr</strong></span> <span class='ocrx_word' id='word_1_685' title='bbox 292 5612 385 5663; x_wconf 87' lang='lat' dir='ltr'><strong>autem</strong></span> <span class='ocrx_word' id='word_1_686' title='bbox 411 5620 476 5661; x_wconf 88' lang='lat' dir='ltr'><strong>suus</strong></span> <span class='ocrx_word' id='word_1_687' title='bbox 503 5602 530 5658; x_wconf 94' lang='lat' dir='ltr'><strong>in</strong></span> <span class='ocrx_word' id='word_1_688' title='bbox 559 5600 668 5657; x_wconf 78' lang='lat' dir='ltr'><strong>silentio</strong></span> <span class='ocrx_word' id='word_1_689' title='bbox 691 5602 778 5659; x_wconf 86' lang='lat' dir='ltr'><strong>noctis</strong></span> <span class='ocrx_word' id='word_1_690' title='bbox 794 5604 914 5661; x_wconf 82' lang='lat' dir='ltr'><strong>snariter</strong></span> 
     </span>
    </p>
   </div>
   <div class='ocr_carea' id='block_1_23' title="bbox 152 5712 914 5813">
    <p class='ocr_par' dir='ltr' id='par_1_24' title="bbox 152 5712 914 5813">
     <span class='ocr_line' id='line_1_90' title="bbox 152 5712 914 5813; baseline -0.031 -17"><span class='ocrx_word' id='word_1_691' title='bbox 152 5735 296 5813; x_wconf 72' lang='lat' dir='ltr'><strong>(2¹)Cap.</strong></span> <span class='ocrx_word' id='word_1_692' title='bbox 313 5747 390 5801; x_wconf 78' lang='lat' dir='ltr'><strong>xm,</strong></span> <span class='ocrx_word' id='word_1_693' title='bbox 403 5731 493 5787; x_wconf 80' lang='lat' dir='ltr'><strong>lost.</strong></span> <span class='ocrx_word' id='word_1_694' title='bbox 511 5768 517 5782; x_wconf 92' lang='lat'><strong>.</strong></span> <span class='ocrx_word' id='word_1_695' title='bbox 536 5768 543 5783; x_wconf 91' lang='lat'><strong>.</strong></span> <span class='ocrx_word' id='word_1_696' title='bbox 560 5768 566 5781; x_wconf 98' lang='lat'><strong>.</strong></span> <span class='ocrx_word' id='word_1_697' title='bbox 585 5768 591 5781; x_wconf 99' lang='lat'><strong>.</strong></span> <span class='ocrx_word' id='word_1_698' title='bbox 608 5737 701 5792; x_wconf 57' lang='lat' dir='ltr'><strong>mom</strong></span> <span class='ocrx_word' id='word_1_699' title='bbox 717 5739 754 5789; x_wconf 67' lang='lat' dir='ltr'><strong>rr:</strong></span> <span class='ocrx_word' id='word_1_700' title='bbox 768 5712 914 5791; x_wconf 56' lang='lat' dir='ltr'><strong>5⁷0¹?an</strong></span> 
     </span>
    </p>
   </div>
   <div class='ocr_carea' id='block_1_24' title="bbox 957 3169 1758 3419">
    <p class='ocr_par' dir='ltr' id='par_1_25' title="bbox 957 3169 1758 3419">
     <span class='ocr_line' id='line_1_91' title="bbox 958 3169 1757 3253; baseline 0.015 -30"><span class='ocrx_word' id='word_1_701' title='bbox 958 3169 992 3224; x_wconf 92' lang='lat' dir='ltr'><strong>ita</strong></span> <span class='ocrx_word' id='word_1_702' title='bbox 1007 3170 1124 3225; x_wconf 89' lang='lat' dir='ltr'><strong>lortimu</strong></span> <span class='ocrx_word' id='word_1_703' title='bbox 1139 3186 1182 3226; x_wconf 79' lang='lat' dir='ltr'><strong>ine</strong></span> <span class='ocrx_word' id='word_1_704' title='bbox 1192 3170 1270 3226; x_wconf 80' lang='lat' dir='ltr'><strong>exire</strong></span> <span class='ocrx_word' id='word_1_705' title='bbox 1285 3179 1310 3227; x_wconf 88' lang='lat' dir='ltr'><strong>et</strong></span> <span class='ocrx_word' id='word_1_706' title='bbox 1327 3172 1487 3229; x_wconf 89' lang='lat' dir='ltr'><strong>meretrices</strong></span> <span class='ocrx_word' id='word_1_707' title='bbox 1498 3175 1574 3232; x_wconf 88' lang='lat' dir='ltr'><strong>adira</strong></span> <span class='ocrx_word' id='word_1_708' title='bbox 1586 3195 1592 3241; x_wconf 91' lang='lat'><em>;</em></span> <span class='ocrx_word' id='word_1_709' title='bbox 1605 3184 1633 3236; x_wconf 87' lang='lat' dir='ltr'><strong>el</strong></span> <span class='ocrx_word' id='word_1_710' title='bbox 1643 3177 1680 3233; x_wconf 90' lang='lat' dir='ltr'><strong>ita</strong></span> <span class='ocrx_word' id='word_1_711' title='bbox 1690 3180 1757 3253; x_wconf 74' lang='lat' dir='ltr'><strong>egit.</strong></span> 
     </span>
     <span class='ocr_line' id='line_1_92' title="bbox 958 3256 1756 3335; baseline 0.014 -24"><span class='ocrx_word' id='word_1_712' title='bbox 958 3256 1089 3313; x_wconf 80' lang='lat' dir='ltr'><strong>Parentes</strong></span> <span class='ocrx_word' id='word_1_713' title='bbox 1106 3273 1171 3313; x_wconf 85' lang='lat' dir='ltr'><strong>uero</strong></span> <span class='ocrx_word' id='word_1_714' title='bbox 1186 3259 1247 3315; x_wconf 79' lang='lat' dir='ltr'><strong>haec</strong></span> <span class='ocrx_word' id='word_1_715' title='bbox 1269 3260 1422 3317; x_wconf 89' lang='lat' dir='ltr'><strong>audientes</strong></span> <span class='ocrx_word' id='word_1_716' title='bbox 1445 3271 1528 3335; x_wconf 88' lang='lat' dir='ltr'><strong>utque</strong></span> <span class='ocrx_word' id='word_1_717' title='bbox 1549 3280 1643 3320; x_wconf 88' lang='lat' dir='ltr'><strong>rerum</strong></span> <span class='ocrx_word' id='word_1_718' title='bbox 1660 3267 1756 3322; x_wconf 85' lang='lat' dir='ltr'><strong>eristi-</strong></span> 
     </span>
     <span class='ocr_line' id='line_1_93' title="bbox 957 3346 1758 3419; baseline 0.015 -18"><span class='ocrx_word' id='word_1_719' title='bbox 957 3356 1066 3402; x_wconf 87' lang='lat' dir='ltr'><strong>mantes</strong></span> <span class='ocrx_word' id='word_1_720' title='bbox 1080 3346 1289 3419; x_wconf 79' lang='lat' dir='ltr'><strong>increpaverunt</strong></span> <span class='ocrx_word' id='word_1_721' title='bbox 1298 3364 1371 3415; x_wconf 89' lang='lat' dir='ltr'><strong>eom,</strong></span> <span class='ocrx_word' id='word_1_722' title='bbox 1384 3352 1410 3405; x_wconf 90' lang='lat' dir='ltr'><strong>et</strong></span> <span class='ocrx_word' id='word_1_723' title='bbox 1425 3350 1461 3405; x_wconf 91' lang='lat' dir='ltr'><strong>ita</strong></span> <span class='ocrx_word' id='word_1_724' title='bbox 1472 3351 1568 3409; x_wconf 90' lang='lat' dir='ltr'><strong>mulier</strong></span> <span class='ocrx_word' id='word_1_725' title='bbox 1581 3353 1629 3411; x_wconf 79' lang='lat' dir='ltr'><strong>illa</strong></span> <span class='ocrx_word' id='word_1_726' title='bbox 1642 3354 1758 3413; x_wconf 87' lang='lat' dir='ltr'><strong>liberata</strong></span> 
     </span>
    </p>
   </div>
   <div class='ocr_carea' id='block_1_25' title="bbox 958 3443 1760 3807">
    <p class='ocr_par' dir='ltr' id='par_1_26' title="bbox 958 3443 1760 3807">
     <span class='ocr_line' id='line_1_94' title="bbox 958 3443 1757 3524; baseline 0.014 -25"><span class='ocrx_word' id='word_1_727' title='bbox 958 3452 1018 3499; x_wconf 87' lang='lat' dir='ltr'><strong>arte</strong></span> <span class='ocrx_word' id='word_1_728' title='bbox 1032 3459 1083 3499; x_wconf 90' lang='lat' dir='ltr'><strong>sua</strong></span> <span class='ocrx_word' id='word_1_729' title='bbox 1097 3443 1229 3516; x_wconf 75' lang='lat' dir='ltr'><strong>flagitium</strong></span> <span class='ocrx_word' id='word_1_730' title='bbox 1240 3445 1312 3517; x_wconf 91' lang='lat' dir='ltr'><strong>qood</strong></span> <span class='ocrx_word' id='word_1_731' title='bbox 1322 3455 1458 3502; x_wconf 89' lang='lat' dir='ltr'><strong>meruerat</strong></span> <span class='ocrx_word' id='word_1_732' title='bbox 1472 3449 1500 3503; x_wconf 92' lang='lat' dir='ltr'><strong>in</strong></span> <span class='ocrx_word' id='word_1_733' title='bbox 1514 3450 1603 3506; x_wconf 87' lang='lat' dir='ltr'><strong>virum</strong></span> <span class='ocrx_word' id='word_1_734' title='bbox 1630 3452 1757 3524; x_wconf 90' lang='lat' dir='ltr'><strong>detrusit,</strong></span> 
     </span>
     <span class='ocr_line' id='line_1_95' title="bbox 959 3538 1752 3612; baseline 0.014 -16"><span class='ocrx_word' id='word_1_735' title='bbox 959 3540 1002 3596; x_wconf 88' lang='lat' dir='ltr'><strong>coi</strong></span> <span class='ocrx_word' id='word_1_736' title='bbox 1016 3541 1083 3595; x_wconf 91' lang='lat' dir='ltr'><strong>nihil</strong></span> <span class='ocrx_word' id='word_1_737' title='bbox 1104 3538 1205 3612; x_wconf 92' lang='lat' dir='ltr'><strong>profuit</strong></span> <span class='ocrx_word' id='word_1_738' title='bbox 1228 3541 1310 3597; x_wconf 84' lang='lat' dir='ltr'><strong>imino</strong></span> <span class='ocrx_word' id='word_1_739' title='bbox 1333 3540 1407 3599; x_wconf 88' lang='lat' dir='ltr'><strong>olluit</strong></span> <span class='ocrx_word' id='word_1_740' title='bbox 1429 3544 1573 3602; x_wconf 88' lang='lat' dir='ltr'><strong>mulierem</strong></span> <span class='ocrx_word' id='word_1_741' title='bbox 1587 3550 1752 3607; x_wconf 87' lang='lat' dir='ltr'><strong>custodisse.</strong></span> 
     </span>
     <span class='ocr_line' id='line_1_96' title="bbox 958 3641 1756 3723; baseline 0.013 -26"><span class='ocrx_word' id='word_1_742' title='bbox 958 3642 1029 3697; x_wconf 89' lang='lat' dir='ltr'><strong>Nam</strong></span> <span class='ocrx_word' id='word_1_743' title='bbox 1044 3641 1095 3697; x_wconf 83' lang='lat' dir='ltr'><strong>iste</strong></span> <span class='ocrx_word' id='word_1_744' title='bbox 1109 3642 1188 3698; x_wconf 87' lang='lat' dir='ltr'><strong>etiarn</strong></span> <span class='ocrx_word' id='word_1_745' title='bbox 1203 3642 1302 3700; x_wconf 89' lang='lat' dir='ltr'><strong>accidit</strong></span> <span class='ocrx_word' id='word_1_746' title='bbox 1315 3645 1440 3701; x_wconf 91' lang='lat' dir='ltr'><strong>cumulus</strong></span> <span class='ocrx_word' id='word_1_747' title='bbox 1459 3647 1578 3705; x_wconf 76' lang='lat' dir='ltr'><strong>miseriae</strong></span> <span class='ocrx_word' id='word_1_748' title='bbox 1592 3651 1666 3723; x_wconf 91' lang='lat' dir='ltr'><strong>quod</strong></span> <span class='ocrx_word' id='word_1_749' title='bbox 1681 3653 1756 3707; x_wconf 87' lang='lat' dir='ltr'><strong>exis-</strong></span> 
     </span>
     <span class='ocr_line' id='line_1_97' title="bbox 960 3730 1760 3807; baseline 0.018 -23"><span class='ocrx_word' id='word_1_750' title='bbox 960 3730 1099 3786; x_wconf 89' lang='lat' dir='ltr'><strong>timatione</strong></span> <span class='ocrx_word' id='word_1_751' title='bbox 1127 3730 1304 3802; x_wconf 91' lang='lat' dir='ltr'><strong>plurimorum</strong></span> <span class='ocrx_word' id='word_1_752' title='bbox 1340 3735 1413 3805; x_wconf 92' lang='lat' dir='ltr'><strong>quod</strong></span> <span class='ocrx_word' id='word_1_753' title='bbox 1449 3737 1603 3807; x_wconf 88' lang='lat' dir='ltr'><strong>patiebatur</strong></span> <span class='ocrx_word' id='word_1_754' title='bbox 1627 3740 1760 3797; x_wconf 87' lang='lat' dir='ltr'><strong>meruisse</strong></span> 
     </span>
    </p>
   </div>
   <div class='ocr_carea' id='block_1_26' title="bbox 959 3820 1758 3981">
    <p class='ocr_par' dir='ltr' id='par_1_27' title="bbox 959 3820 1758 3981">
     <span class='ocr_line' id='line_1_98' title="bbox 959 3820 1758 3900; baseline 0.014 -26"><span class='ocrx_word' id='word_1_755' title='bbox 959 3820 1129 3887; x_wconf 89' lang='lat' dir='ltr'><strong>crederetur,</strong></span> <span class='ocrx_word' id='word_1_756' title='bbox 1146 3820 1218 3875; x_wconf 89' lang='lat' dir='ltr'><strong>node</strong></span> <span class='ocrx_word' id='word_1_757' title='bbox 1226 3820 1336 3892; x_wconf 89' lang='lat' dir='ltr'><strong>quidem</strong></span> <span class='ocrx_word' id='word_1_758' title='bbox 1347 3822 1425 3879; x_wconf 92' lang='lat' dir='ltr'><strong>bonis</strong></span> <span class='ocrx_word' id='word_1_759' title='bbox 1437 3826 1643 3897; x_wconf 85' lang='lat' dir='ltr'><strong>quampluribus</strong></span> <span class='ocrx_word' id='word_1_760' title='bbox 1653 3830 1758 3900; x_wconf 84' lang='lat' dir='ltr'><strong>pulsus,</strong></span> 
     </span>
     <span class='ocr_line' id='line_1_99' title="bbox 960 3907 1757 3981; baseline 0.015 -19"><span class='ocrx_word' id='word_1_761' title='bbox 960 3907 1138 3981; x_wconf 80' lang='lat' dir='ltr'><strong>dignitatibus</strong></span> <span class='ocrx_word' id='word_1_762' title='bbox 1152 3917 1257 3977; x_wconf 85' lang='lat' dir='ltr'><strong>cnutus,</strong></span> <span class='ocrx_word' id='word_1_763' title='bbox 1275 3910 1475 3968; x_wconf 76' lang='lat' dir='ltr'><strong>existimatione</strong></span> <span class='ocrx_word' id='word_1_764' title='bbox 1483 3913 1600 3970; x_wconf 77' lang='lat' dir='ltr'><strong>neonus</strong></span> <span class='ocrx_word' id='word_1_765' title='bbox 1614 3917 1649 3972; x_wconf 93' lang='lat' dir='ltr'><strong>ob</strong></span> <span class='ocrx_word' id='word_1_766' title='bbox 1664 3920 1757 3975; x_wconf 81' lang='lat' dir='ltr'><strong>uxoris</strong></span> 
     </span>
    </p>
   </div>
   <div class='ocr_carea' id='block_1_27' title="bbox 961 4009 1761 4367">
    <p class='ocr_par' dir='ltr' id='par_1_28' title="bbox 961 4009 1561 4084">
     <span class='ocr_line' id='line_1_100' title="bbox 961 4009 1561 4084; baseline 0.01 -19"><span class='ocrx_word' id='word_1_767' title='bbox 961 4009 1161 4081; x_wconf 87' lang='lat' dir='ltr'><strong>maliloquium,</strong></span> <span class='ocrx_word' id='word_1_768' title='bbox 1177 4009 1296 4067; x_wconf 86' lang='lat' dir='ltr'><strong>incestus</strong></span> <span class='ocrx_word' id='word_1_769' title='bbox 1311 4011 1370 4067; x_wconf 90' lang='lat' dir='ltr'><strong>tulit</strong></span> <span class='ocrx_word' id='word_1_770' title='bbox 1385 4014 1561 4084; x_wconf 86' lang='lat' dir='ltr'><strong>supplicium.</strong></span> 
     </span>
    </p>

    <p class='ocr_par' dir='ltr' id='par_1_29' title="bbox 961 4106 1761 4367">
     <span class='ocr_line' id='line_1_101' title="bbox 996 4106 1758 4184; baseline 0.018 -22"><span class='ocrx_word' id='word_1_771' title='bbox 996 4106 1159 4178; x_wconf 87' lang='lat' dir='ltr'><strong>Discipulos.</strong></span> <span class='ocrx_word' id='word_1_772' title='bbox 1186 4108 1274 4163; x_wconf 82' lang='lat' dir='ltr'><strong>Nemo</strong></span> <span class='ocrx_word' id='word_1_773' title='bbox 1302 4117 1344 4163; x_wconf 90' lang='lat' dir='ltr'><strong>est</strong></span> <span class='ocrx_word' id='word_1_774' title='bbox 1372 4109 1418 4180; x_wconf 87' lang='lat' dir='ltr'><strong>qui</strong></span> <span class='ocrx_word' id='word_1_775' title='bbox 1442 4110 1476 4164; x_wconf 90' lang='lat' dir='ltr'><strong>ab</strong></span> <span class='ocrx_word' id='word_1_776' title='bbox 1501 4111 1613 4184; x_wconf 84' lang='lat' dir='ltr'><strong>iugenio</strong></span> <span class='ocrx_word' id='word_1_777' title='bbox 1635 4117 1758 4175; x_wconf 80' lang='lat' dir='ltr'><strong>mulieris</strong></span> 
     </span>
     <span class='ocr_line' id='line_1_102' title="bbox 961 4195 1761 4274; baseline 0.016 -22"><span class='ocrx_word' id='word_1_778' title='bbox 961 4195 1098 4253; x_wconf 82' lang='lat' dir='ltr'><strong>custodire</strong></span> <span class='ocrx_word' id='word_1_779' title='bbox 1112 4212 1142 4251; x_wconf 89' lang='lat' dir='ltr'><strong>se</strong></span> <span class='ocrx_word' id='word_1_780' title='bbox 1161 4196 1257 4266; x_wconf 87' lang='lat' dir='ltr'><strong>possit,</strong></span> <span class='ocrx_word' id='word_1_781' title='bbox 1283 4196 1335 4251; x_wconf 83' lang='lat' dir='ltr'><strong>rtisi</strong></span> <span class='ocrx_word' id='word_1_782' title='bbox 1359 4214 1441 4269; x_wconf 89' lang='lat' dir='ltr'><strong>quern</strong></span> <span class='ocrx_word' id='word_1_783' title='bbox 1461 4200 1535 4257; x_wconf 88' lang='lat' dir='ltr'><strong>Deus</strong></span> <span class='ocrx_word' id='word_1_784' title='bbox 1550 4205 1721 4274; x_wconf 89' lang='lat' dir='ltr'><strong>custodierit,</strong></span> <span class='ocrx_word' id='word_1_785' title='bbox 1734 4218 1761 4265; x_wconf 89' lang='lat' dir='ltr'><strong>et</strong></span> 
     </span>
     <span class='ocr_line' id='line_1_103' title="bbox 962 4283 1760 4367; baseline 0.021 -30"><span class='ocrx_word' id='word_1_786' title='bbox 962 4284 1020 4339; x_wconf 85' lang='lat' dir='ltr'><strong>luee</strong></span> <span class='ocrx_word' id='word_1_787' title='bbox 1043 4284 1104 4338; x_wconf 85' lang='lat' dir='ltr'><strong>talis</strong></span> <span class='ocrx_word' id='word_1_788' title='bbox 1127 4283 1248 4339; x_wconf 88' lang='lat' dir='ltr'><strong>narratio</strong></span> <span class='ocrx_word' id='word_1_789' title='bbox 1274 4300 1308 4341; x_wconf 91' lang='lat' dir='ltr'><strong>ue</strong></span> <span class='ocrx_word' id='word_1_790' title='bbox 1332 4285 1435 4343; x_wconf 89' lang='lat' dir='ltr'><strong>ducum</strong></span> <span class='ocrx_word' id='word_1_791' title='bbox 1460 4305 1573 4346; x_wconf 81' lang='lat' dir='ltr'><strong>uxorem</strong></span> <span class='ocrx_word' id='word_1_792' title='bbox 1597 4309 1698 4367; x_wconf 73' lang='lat' dir='ltr'><strong>magna</strong></span> <span class='ocrx_word' id='word_1_793' title='bbox 1716 4306 1760 4354; x_wconf 89' lang='lat' dir='ltr'><strong>est</strong></span> 
     </span>
    </p>
   </div>
   <div class='ocr_carea' id='block_1_28' title="bbox 960 4380 1761 4730">
    <p class='ocr_par' dir='ltr' id='par_1_30' title="bbox 960 4380 1761 4730">
     <span class='ocr_line' id='line_1_104' title="bbox 960 4380 1761 4453; baseline 0.022 -18"><span class='ocrx_word' id='word_1_794' title='bbox 960 4380 1124 4437; x_wconf 88' lang='lat' dir='ltr'><strong>dehortatio.</strong></span> <span class='ocrx_word' id='word_1_795' title='bbox 1141 4380 1270 4453; x_wconf 80' lang='lat' dir='ltr'><strong>llagister</strong></span> <span class='ocrx_word' id='word_1_796' title='bbox 1294 4383 1377 4439; x_wconf 81' lang='lat' dir='ltr'><strong>:Nou</strong></span> <span class='ocrx_word' id='word_1_797' title='bbox 1392 4384 1478 4441; x_wconf 88' lang='lat' dir='ltr'><strong>debes</strong></span> <span class='ocrx_word' id='word_1_798' title='bbox 1506 4402 1603 4444; x_wconf 83' lang='lat' dir='ltr'><strong>onroes</strong></span> <span class='ocrx_word' id='word_1_799' title='bbox 1630 4393 1761 4453; x_wconf 83' lang='lat' dir='ltr'><strong>mulieres</strong></span> 
     </span>
     <span class='ocr_line' id='line_1_105' title="bbox 962 4469 1759 4557; baseline 0.021 -33"><span class='ocrx_word' id='word_1_800' title='bbox 962 4470 1073 4525; x_wconf 91' lang='lat' dir='ltr'><strong>credere</strong></span> <span class='ocrx_word' id='word_1_801' title='bbox 1098 4469 1166 4525; x_wconf 85' lang='lat' dir='ltr'><strong>tales</strong></span> <span class='ocrx_word' id='word_1_802' title='bbox 1187 4486 1259 4539; x_wconf 86' lang='lat' dir='ltr'><strong>esse,</strong></span> <span class='ocrx_word' id='word_1_803' title='bbox 1285 4472 1415 4543; x_wconf 88' lang='lat' dir='ltr'><strong>quoniam</strong></span> <span class='ocrx_word' id='word_1_804' title='bbox 1428 4488 1532 4548; x_wconf 76' lang='lat' dir='ltr'><strong>magna</strong></span> <span class='ocrx_word' id='word_1_805' title='bbox 1551 4476 1661 4535; x_wconf 90' lang='lat' dir='ltr'><strong>bouitas</strong></span> <span class='ocrx_word' id='word_1_806' title='bbox 1676 4491 1759 4557; x_wconf 87' lang='lat' dir='ltr'><strong>atque</strong></span> 
     </span>
     <span class='ocr_line' id='line_1_106' title="bbox 961 4557 1758 4634; baseline 0.018 -19"><span class='ocrx_word' id='word_1_807' title='bbox 961 4558 1073 4615; x_wconf 90' lang='lat' dir='ltr'><strong>castitas</strong></span> <span class='ocrx_word' id='word_1_808' title='bbox 1087 4557 1115 4612; x_wconf 90' lang='lat' dir='ltr'><strong>in</strong></span> <span class='ocrx_word' id='word_1_809' title='bbox 1131 4558 1225 4615; x_wconf 87' lang='lat' dir='ltr'><strong>multis</strong></span> <span class='ocrx_word' id='word_1_810' title='bbox 1240 4562 1395 4631; x_wconf 88' lang='lat' dir='ltr'><strong>repperitur</strong></span> <span class='ocrx_word' id='word_1_811' title='bbox 1417 4562 1586 4634; x_wconf 89' lang='lat' dir='ltr'><strong>mulieribus,</strong></span> <span class='ocrx_word' id='word_1_812' title='bbox 1604 4578 1631 4623; x_wconf 91' lang='lat' dir='ltr'><strong>et</strong></span> <span class='ocrx_word' id='word_1_813' title='bbox 1645 4572 1715 4627; x_wconf 88' lang='lat' dir='ltr'><strong>scias</strong></span> <span class='ocrx_word' id='word_1_814' title='bbox 1730 4574 1758 4629; x_wconf 92' lang='lat' dir='ltr'><strong>iu</strong></span> 
     </span>
     <span class='ocr_line' id='line_1_107' title="bbox 962 4647 1756 4730; baseline 0.018 -27"><span class='ocrx_word' id='word_1_815' title='bbox 962 4648 1033 4704; x_wconf 87' lang='lat' dir='ltr'><strong>bona</strong></span> <span class='ocrx_word' id='word_1_816' title='bbox 1058 4647 1171 4704; x_wconf 90' lang='lat' dir='ltr'><strong>muliere</strong></span> <span class='ocrx_word' id='word_1_817' title='bbox 1198 4648 1298 4703; x_wconf 89' lang='lat' dir='ltr'><strong>bonam</strong></span> <span class='ocrx_word' id='word_1_818' title='bbox 1323 4651 1480 4706; x_wconf 88' lang='lat' dir='ltr'><strong>societatem</strong></span> <span class='ocrx_word' id='word_1_819' title='bbox 1509 4656 1639 4726; x_wconf 88' lang='lat' dir='ltr'><strong>repperiri</strong></span> <span class='ocrx_word' id='word_1_820' title='bbox 1663 4675 1756 4730; x_wconf 86' lang='lat' dir='ltr'><strong>posse.</strong></span> 
     </span>
    </p>
   </div>
   <div class='ocr_carea' id='block_1_29' title="bbox 961 4744 1759 5499">
    <p class='ocr_par' dir='ltr' id='par_1_31' title="bbox 961 4744 1759 5499">
     <span class='ocr_line' id='line_1_108' title="bbox 961 4744 1756 4814; baseline 0.014 -13"><span class='ocrx_word' id='word_1_821' title='bbox 961 4747 1034 4801; x_wconf 88' lang='lat' dir='ltr'><strong>Bono</strong></span> <span class='ocrx_word' id='word_1_822' title='bbox 1049 4744 1144 4800; x_wconf 91' lang='lat' dir='ltr'><strong>molier</strong></span> <span class='ocrx_word' id='word_1_823' title='bbox 1160 4744 1247 4801; x_wconf 84' lang='lat' dir='ltr'><strong>fidelis</strong></span> <span class='ocrx_word' id='word_1_824' title='bbox 1261 4753 1354 4801; x_wconf 82' lang='lat' dir='ltr'><strong>costos</strong></span> <span class='ocrx_word' id='word_1_825' title='bbox 1368 4756 1409 4802; x_wconf 88' lang='lat' dir='ltr'><strong>est</strong></span> <span class='ocrx_word' id='word_1_826' title='bbox 1425 4758 1450 4804; x_wconf 93' lang='lat' dir='ltr'><strong>et</strong></span> <span class='ocrx_word' id='word_1_827' title='bbox 1465 4750 1537 4806; x_wconf 89' lang='lat' dir='ltr'><strong>bona</strong></span> <span class='ocrx_word' id='word_1_828' title='bbox 1555 4752 1662 4809; x_wconf 88' lang='lat' dir='ltr'><strong>domos.</strong></span> <span class='ocrx_word' id='word_1_829' title='bbox 1678 4756 1756 4814; x_wconf 87' lang='lat' dir='ltr'><strong>Salo·</strong></span> 
     </span>
     <span class='ocr_line' id='line_1_109' title="bbox 962 4841 1757 4923; baseline 0.018 -25"><span class='ocrx_word' id='word_1_830' title='bbox 962 4860 1026 4899; x_wconf 92' lang='lat' dir='ltr'><strong>mon</strong></span> <span class='ocrx_word' id='word_1_831' title='bbox 1038 4843 1066 4898; x_wconf 95' lang='lat' dir='ltr'><strong>in</strong></span> <span class='ocrx_word' id='word_1_832' title='bbox 1080 4841 1134 4898; x_wconf 86' lang='lat' dir='ltr'><strong>fine</strong></span> <span class='ocrx_word' id='word_1_833' title='bbox 1149 4842 1213 4899; x_wconf 90' lang='lat' dir='ltr'><strong>libri</strong></span> <span class='ocrx_word' id='word_1_834' title='bbox 1228 4844 1440 4901; x_wconf 86' lang='lat' dir='ltr'><strong>Proverbiorum</strong></span> <span class='ocrx_word' id='word_1_835' title='bbox 1453 4864 1564 4904; x_wconf 72' lang='lat' dir='ltr'><strong>suozum</strong></span> <span class='ocrx_word' id='word_1_836' title='bbox 1578 4851 1673 4923; x_wconf 75' lang='lat' dir='ltr'><strong>viginti</strong></span> <span class='ocrx_word' id='word_1_837' title='bbox 1687 4854 1757 4912; x_wconf 88' lang='lat' dir='ltr'><strong>duos</strong></span> 
     </span>
     <span class='ocr_line' id='line_1_110' title="bbox 962 4939 1758 5011; baseline 0.016 -15"><span class='ocrx_word' id='word_1_838' title='bbox 962 4957 1059 4996; x_wconf 82' lang='lat' dir='ltr'><strong>uersus</strong></span> <span class='ocrx_word' id='word_1_839' title='bbox 1074 4941 1107 4995; x_wconf 91' lang='lat' dir='ltr'><strong>de</strong></span> <span class='ocrx_word' id='word_1_840' title='bbox 1122 4939 1201 4995; x_wconf 91' lang='lat' dir='ltr'><strong>laude</strong></span> <span class='ocrx_word' id='word_1_841' title='bbox 1215 4948 1295 5011; x_wconf 86' lang='lat' dir='ltr'><strong>atque</strong></span> <span class='ocrx_word' id='word_1_842' title='bbox 1313 4941 1434 4998; x_wconf 79' lang='lat' dir='ltr'><strong>bonitate</strong></span> <span class='ocrx_word' id='word_1_843' title='bbox 1447 4943 1568 5001; x_wconf 88' lang='lat' dir='ltr'><strong>mulieris</strong></span> <span class='ocrx_word' id='word_1_844' title='bbox 1590 4947 1668 5006; x_wconf 78' lang='lat' dir='ltr'><strong>bonas</strong></span> <span class='ocrx_word' id='word_1_845' title='bbox 1682 4965 1758 5009; x_wconf 90' lang='lat' dir='ltr'><strong>com·</strong></span> 
     </span>
     <span class='ocr_line' id='line_1_111' title="bbox 962 5038 1756 5119; baseline 0.018 -25"><span class='ocrx_word' id='word_1_846' title='bbox 962 5038 1053 5109; x_wconf 88' lang='lat' dir='ltr'><strong>posuit</strong></span> <span class='ocrx_word' id='word_1_847' title='bbox 1066 5039 1132 5107; x_wconf 79' lang='lat' dir='ltr'><strong>(tl).</strong></span> <span class='ocrx_word' id='word_1_848' title='bbox 1146 5038 1299 5110; x_wconf 84' lang='lat' dir='ltr'><strong>Discipulos</strong></span> <span class='ocrx_word' id='word_1_849' title='bbox 1313 5039 1348 5094; x_wconf 86' lang='lat' dir='ltr'><strong>ed</strong></span> <span class='ocrx_word' id='word_1_850' title='bbox 1361 5040 1439 5096; x_wconf 76' lang='lat' dir='ltr'><strong>heac:</strong></span> <span class='ocrx_word' id='word_1_851' title='bbox 1453 5042 1525 5098; x_wconf 87' lang='lat' dir='ltr'><strong>Beue</strong></span> <span class='ocrx_word' id='word_1_852' title='bbox 1536 5060 1580 5100; x_wconf 90' lang='lat' dir='ltr'><strong>me</strong></span> <span class='ocrx_word' id='word_1_853' title='bbox 1589 5048 1756 5119; x_wconf 88' lang='lat' dir='ltr'><strong>confortasti,</strong></span> 
     </span>
     <span class='ocr_line' id='line_1_112' title="bbox 963 5135 1758 5213; baseline 0.011 -24"><span class='ocrx_word' id='word_1_854' title='bbox 963 5135 1012 5191; x_wconf 89' lang='lat' dir='ltr'><strong>scd</strong></span> <span class='ocrx_word' id='word_1_855' title='bbox 1026 5135 1124 5191; x_wconf 89' lang='lat' dir='ltr'><strong>audisti</strong></span> <span class='ocrx_word' id='word_1_856' title='bbox 1135 5142 1227 5191; x_wconf 88' lang='lat' dir='ltr'><strong>tamen</strong></span> <span class='ocrx_word' id='word_1_857' title='bbox 1237 5135 1353 5206; x_wconf 86' lang='lat' dir='ltr'><strong>aliquam</strong></span> <span class='ocrx_word' id='word_1_858' title='bbox 1378 5136 1520 5193; x_wconf 91' lang='lat' dir='ltr'><strong>mulierem</strong></span> <span class='ocrx_word' id='word_1_859' title='bbox 1530 5157 1591 5213; x_wconf 84' lang='lat' dir='ltr'><strong>quae</strong></span> <span class='ocrx_word' id='word_1_860' title='bbox 1603 5145 1645 5199; x_wconf 86' lang='lat' dir='ltr'><strong>soi</strong></span> <span class='ocrx_word' id='word_1_861' title='bbox 1659 5163 1758 5207; x_wconf 69' lang='lat' dir='ltr'><strong>sensu.</strong></span> 
     </span>
     <span class='ocr_line' id='line_1_113' title="bbox 964 5230 1755 5317; baseline 0.021 -31"><span class='ocrx_word' id='word_1_862' title='bbox 964 5230 1107 5304; x_wconf 76' lang='lat' dir='ltr'><strong>ingenium</strong></span> <span class='ocrx_word' id='word_1_863' title='bbox 1122 5232 1254 5288; x_wconf 88' lang='lat' dir='ltr'><strong>niteretur</strong></span> <span class='ocrx_word' id='word_1_864' title='bbox 1275 5232 1302 5287; x_wconf 87' lang='lat' dir='ltr'><strong>in</strong></span> <span class='ocrx_word' id='word_1_865' title='bbox 1323 5232 1427 5290; x_wconf 88' lang='lat' dir='ltr'><strong>bonum</strong></span> <span class='ocrx_word' id='word_1_866' title='bbox 1450 5236 1581 5294; x_wconf 82' lang='lat' dir='ltr'><strong>mittore‘?</strong></span> <span class='ocrx_word' id='word_1_867' title='bbox 1600 5243 1755 5317; x_wconf 78' lang='lat' dir='ltr'><strong>lllaglster:</strong></span> 
     </span>
     <span class='ocr_line' id='line_1_114' title="bbox 965 5327 1759 5411; baseline 0.014 -27"><span class='ocrx_word' id='word_1_868' title='bbox 965 5328 1072 5385; x_wconf 80' lang='lat' dir='ltr'><strong>dudini.</strong></span> <span class='ocrx_word' id='word_1_869' title='bbox 1088 5327 1242 5398; x_wconf 87' lang='lat' dir='ltr'><strong>Discipulos</strong></span> <span class='ocrx_word' id='word_1_870' title='bbox 1257 5346 1264 5382; x_wconf 81' lang='lat' dir='ltr'>z</span> <span class='ocrx_word' id='word_1_871' title='bbox 1277 5327 1359 5384; x_wconf 86' lang='lat' dir='ltr'><strong>lleler</strong></span> <span class='ocrx_word' id='word_1_872' title='bbox 1370 5331 1434 5387; x_wconf 88' lang='lat' dir='ltr'><strong>milri</strong></span> <span class='ocrx_word' id='word_1_873' title='bbox 1450 5333 1485 5390; x_wconf 90' lang='lat' dir='ltr'><strong>de</strong></span> <span class='ocrx_word' id='word_1_874' title='bbox 1499 5333 1555 5403; x_wconf 89' lang='lat' dir='ltr'><strong>illa,</strong></span> <span class='ocrx_word' id='word_1_875' title='bbox 1574 5338 1636 5411; x_wconf 92' lang='lat' dir='ltr'><strong>qnia</strong></span> <span class='ocrx_word' id='word_1_876' title='bbox 1652 5341 1759 5399; x_wconf 88' lang='lat' dir='ltr'><strong>ridetur</strong></span> 
     </span>
     <span class='ocr_line' id='line_1_115' title="bbox 964 5426 1357 5499; baseline 0.005 -18"><span class='ocrx_word' id='word_1_877' title='bbox 964 5426 1030 5483; x_wconf 87' lang='lat' dir='ltr'><strong>mini</strong></span> <span class='ocrx_word' id='word_1_878' title='bbox 1045 5443 1091 5483; x_wconf 87' lang='lat' dir='ltr'><strong>res</strong></span> <span class='ocrx_word' id='word_1_879' title='bbox 1104 5441 1187 5482; x_wconf 84' lang='lat' dir='ltr'><strong>nora.</strong></span> <span class='ocrx_word' id='word_1_880' title='bbox 1206 5426 1357 5499; x_wconf 80' lang='lat' dir='ltr'><strong>lllagieter:</strong></span> 
     </span>
    </p>
   </div>
   <div class='ocr_carea' id='block_1_30' title="bbox 1245 5594 1482 5657">
    <p class='ocr_par' dir='ltr' id='par_1_32' title="bbox 1245 5594 1482 5657">
     <span class='ocr_line' id='line_1_116' title="bbox 1245 5594 1482 5657; baseline 0.025 -5"><span class='ocrx_word' id='word_1_881' title='bbox 1245 5594 1385 5655; x_wconf 74' lang='lat' dir='ltr'><strong>nannet</strong></span> <span class='ocrx_word' id='word_1_882' title='bbox 1403 5600 1482 5657; x_wconf 87' lang='lat' dir='ltr'><strong>xln.</strong></span> 
     </span>
    </p>
   </div>
   <div class='ocr_carea' id='block_1_31' title="bbox 1002 5725 1774 5811">
    <p class='ocr_par' dir='ltr' id='par_1_33' title="bbox 1002 5725 1774 5811">
     <span class='ocr_line' id='line_1_117' title="bbox 1002 5725 1774 5811; baseline 0.008 -28"><span class='ocrx_word' id='word_1_883' title='bbox 1002 5727 1112 5788; x_wconf 81' lang='lat' dir='ltr'><strong>Dictum</strong></span> <span class='ocrx_word' id='word_1_884' title='bbox 1127 5725 1174 5785; x_wconf 88' lang='lat' dir='ltr'><strong>fuit</strong></span> <span class='ocrx_word' id='word_1_885' title='bbox 1189 5729 1256 5787; x_wconf 85' lang='lat' dir='ltr'><strong>milri</strong></span> <span class='ocrx_word' id='word_1_886' title='bbox 1271 5731 1474 5811; x_wconf 78' lang='lat' dir='ltr'><strong>quodquidam</strong></span> <span class='ocrx_word' id='word_1_887' title='bbox 1489 5736 1628 5809; x_wconf 80' lang='lat' dir='ltr'><strong>Hispanos</strong></span> <span class='ocrx_word' id='word_1_888' title='bbox 1639 5739 1774 5808; x_wconf 62' lang='lat' dir='ltr'><strong>pemeria</strong></span> 
     </span>
    </p>
   </div>
   <div class='ocr_carea' id='block_1_32' title="bbox 0 0 1902 6038">
    <p class='ocr_par' dir='ltr' id='par_1_34' title="bbox 0 0 1902 6038">
     <span class='ocr_line' id='line_1_118' title="bbox 0 0 1902 6038; baseline 0 0"><span class='ocrx_word' id='word_1_889' title='bbox 0 0 1902 6038; x_wconf 95' lang='lat' dir='ltr'><strong> </strong></span> 
     </span>
    </p>
   </div>
  </div>
 </body>
</html>
