3780 6038
60 206 131 262 tane
548 208 840 269 DEFLORATIONES
860 212 914 271 SS.
940 217 1091 279 t’trtttttt.
1106 253 1142 265 -
1158 225 1223 281 Llll.
1234 228 1268 282 ll.
1642 241 1710 295 123⁰

56 327 183 383 carnalem
212 327 323 382 domum
352 329 450 383 oraturi
480 330 646 398 intrauerint,
675 334 858 391 exautlitosse
873 340 900 401 A
915 342 1119 411 ctperfieienda
1142 349 1359 407 esctruteorum.
1389 353 1467 424 Quod
1495 366 1568 413 stans
1577 367 1638 415 ante
1667 363 1709 417 al-

55 417 202 489 gaudeant.
223 416 365 485 Completn
389 418 480 488 itaque
508 420 671 489 expiatione,
698 424 863 479 convertitur
915 432 1289 505 tareDenminatljutorinm
1318 442 1584 518 invocatsiguilicat
1606 450 1711 520 eosqui

56 505 91 559 ad
107 504 351 575 altareincipienss
374 507 549 575 antiphonam
567 528 572 561 ε
593 532 604 557 «ι
621 510 741 566 lntmibo
769 512 860 567 adul·
916 529 1050 591 precepta
1076 521 1140 579 lidei
1154 528 1308 597 cognitione
1336 548 1364 585 se
1380 533 1415 588 ad
1434 534 1505 589 bonu
1526 546 1650 607 operaet
1676 540 1712 594 acl

56 600 112 647 tare
130 594 178 647 Dei
207 595 300 659 (Paul.
335 594 591 667 xant-cumipse
619 598 734 668 psalmo,
752 599 862 671 etquod

55 680 190 749 reliquum
224 682 304 734 suerit
331 680 365 735 cle
394 699 464 753 aqua
490 684 693 756 purilicatiouis,
714 688 748 742 acl
773 688 861 743 basim

56 769 148 825 altaris
168 766 291 823 elirandit.
312 769 415 825 Deinde
430 772 548 842 seipsum
562 773 645 829 altare
659 775 741 832 linteo
769 785 861 831 exter·

57 865 141 937 gitur,
157 866 279 937 pontifex
294 867 433 922 incensum
456 868 542 925 desert
557 887 638 942 super
651 872 730 927 illud.
763 874 863 929 Postea

59 954 124 1009 fucit
140 971 246 1010 crucem
262 956 289 1011 in
309 956 400 1011 medio
412 957 513 1023 alteris,
530 967 556 1014 ct
570 975 619 1031 per
632 968 746 1031 quatuor
772 978 862 1035 angu-

59 1043 100 1097 los
119 1044 225 1114 ejusde
242 1044 302 1099 oleo
317 1043 497 1102 sanctificato.
516 1047 620 1103 Deinde
647 1049 674 1104 in
689 1050 799 1105 circuitu
814 1067 861 1107 ec·

59 1132 149 1187 etesiae
179 1132 321 1188 duodecim
350 1151 443 1190 cruces
470 1135 648 1192 chrismantur
662 1137 690 1192 in
716 1139 864 1208 parietibus

60 1220 95 1276 ab
108 1221 167 1291 ipso
182 1220 318 1292 pontifice,
338 1231 389 1278 tres
402 1239 453 1293 per
471 1225 592 1296 singulos
606 1224 740 1299 figuratae.
758 1228 862 1284 Rever-

58 1326 103 1364 sus
131 1310 229 1364 deinde
260 1310 313 1365 itur
338 1312 372 1366 ud
401 1312 484 1367 altare
509 1329 664 1383 accensum,
694 1316 754 1370 thus
780 1332 864 1386 super

59 1406 127 1461 illuct
141 1405 219 1461 offert
233 1408 261 1461 in
276 1408 387 1463 modum
413 1409 509 1477 crucis,
521 1417 549 1466 et
561 1410 600 1466 sic
613 1420 722 1481 peracta
747 1412 863 1483 denique

58 1496 269 1563 consecratione,
286 1496 374 1567 ipsum
396 1498 479 1552 altare
498 1497 567 1552 albis
585 1500 766 1555 velaminibus
793 1516 863 1573 ope·

55 1585 133 1638 citur.
149 1585 214 1639 llaec
229 1584 262 1639 de
286 1585 387 1642 visibili
403 1586 572 1642 dedicatione
588 1589 673 1657 3quid
688 1596 777 1645 autem
806 1606 863 1661 my·

57 1673 130 1727 sterii
145 1672 195 1727 ista
208 1673 364 1729 contineant
376 1675 522 1731 videndum
537 1683 578 1730 est
590 1676 681 1732 nobis.

396 1831 516 1873 btt'tstO.

915 617 1013 673 luctam
1025 629 1117 677 corrtra
1144 623 1294 681 invisibiles
1309 630 1398 685 hostes
1412 632 1557 705 accingunt
1572 649 1579 703 ;
1595 644 1622 691 et
1648 637 1712 706 quia

915 705 949 760 cle
963 708 1017 761 suis
1037 710 1138 766 viribus
1166 714 1254 768 minus
1282 728 1455 787 praesumunt,
1484 722 1605 779 divinum
1632 728 1714 780 auxi·

916 794 980 848 lium
999 797 1050 851 sibi
1066 799 1158 855 adesse
1187 802 1343 875 deposcunt.
1358 810 1388 863 ln
1404 825 1456 879 quo
1471 811 1533 880 quia
1554 814 1712 869 certantium

916 882 993 938 labor
1006 888 1174 959 exprimitur,
1198 894 1274 962 quasi
1301 894 1370 950 inter
1394 899 1508 969 suspiria
1531 908 1558 956 et
1584 903 1710 974 gemitus,

916 972 1034 1027 nondum
1050 975 1156 1031 alleluia
1170 981 1333 1037 nominatur.
1347 1036 1357 1051 ,

953 1097 1015 1151 Post
1042 1098 1100 1154 haec
1128 1116 1198 1170 aqua
1225 1103 1394 1162 benedicitur
1420 1112 1593 1167 cumsaleet
1610 1112 1710 1183 cinere,

917 1182 1008 1240 addito
1022 1186 1170 1259 rinojaque
1194 1191 1283 1247 misto.
1298 1196 1378 1264 Aqua
1403 1200 1520 1268 populus
1535 1209 1584 1272 est,
1598 1203 1638 1257 sal
1665 1204 1713 1259 do·

916 1273 1011 1339 ctrina,
1043 1274 1111 1330 cinis
1152 1280 1284 1349 passienis
1320 1284 1415 1339 Christi
1448 1291 1588 1356 memoria,
1621 1291 1714 1347 riuum

917 1377 987 1431 aqua
1002 1363 1121 1433 mistum,
1149 1383 1247 1439 corpus
1265 1371 1337 1426 Deus
1362 1381 1388 1427 et
1408 1375 1500 1432 homo.
1528 1378 1626 1434 l'inum
1645 1380 1715 1437 diri-

917 1450 994 1514 nitas¹
1012 1468 1082 1522 aqua
1109 1456 1266 1513 mortalitas.
1292 1459 1337 1515 Sic
1364 1462 1436 1517 enirn
1462 1467 1577 1536 populus
1594 1468 1714 1524 sanctifi-

917 1557 993 1605 catur
1006 1550 1128 1607 doctrina
1146 1552 1219 1620 fidei,
1248 1565 1275 1611 ct
1298 1561 1429 1614 memorio
1449 1562 1579 1632 passionis
1607 1566 1713 1638 Christi,

917 1639 1007 1695 unitus
1021 1641 1101 1709 capiti
1128 1643 1247 1699 suoDeo
1262 1653 1290 1700 et
1316 1648 1430 1702 homini.
1452 1650 1515 1705 Post
1542 1652 1599 1708 ltaec
1626 1655 1715 1711 eccle-

916 1726 957 1781 sia
971 1728 1082 1783 interius
1096 1746 1166 1800 aqua
1184 1732 1348 1789 sanctificata
1376 1738 1537 1809 aspergitur,
1553 1747 1582 1794 ut
1609 1750 1635 1796 et
1645 1744 1715 1799 intus

917 1824 943 1870 et
954 1817 1071 1872 exterius
1085 1819 1176 1874 anima
1203 1821 1367 1877 sanctificata
1390 1825 1554 1882 ostendatur.
1582 1831 1712 1903 Asperso·

95 1939 178 1994 llulta
193 1939 221 1994 in
241 1940 282 1994 his
296 1941 422 1996 onuribus
436 1941 519 1997 latent
532 1943 667 2012 profundo
676 1945 812 2016 mysteria,
828 1962 863 2000 cx
915 1929 986 1967 ΠΜ
1014 1915 1121 1985 ¹¹5⁸⁸⁰P¹
1156 1918 1333 1974 h¹¹m¹¹¹¹fflem
1366 1922 1463 2021 fflmsffi
1488 1925 1629 1997 signififflh
1660 1946 1715 2000 (111⁸

59 2028 258 2099 quibuspauca
272 2029 479 2085 admemoriam
495 2032 666 2087 excitandam
681 2034 858 2105 attingamus.
916 2016 1024 2099 ΨΜ
1055 2013 1146 2060 “⁰⁰¹³
1177 2007 1321 2105 {nunda'ffl'
1352 2009 1480 2067 E⁰⁰¹⁰⁵¹³·
1515 2014 1616 2071 cmlii
1642 2034 1714 2089 9⁰11·

59 2116 164 2171 Domus
182 2115 333 2172 dedicanda
361 2118 553 2176 ,aucupem
578 2121 669 2175 anima
692 2128 762 2190 es„
791 2136 863 2192 aqu,
915 2090 1233 2149 tileraltureeeclcstam
1260 2101 1536 2172 totamaspergcuclo,
1553 2105 1627 2174 quasi
1655 2122 1714 2162 om·

59 2206 132 2260 ,nim
161 2215 200 2261 ρει
229 2206 397 2277 poenpemja,
420 2208 513 2263 sorde,
541 2208 653 2264 abluens
679 2219 860 2281 mamm,
915 2204 963 2243 nes
975 2188 1122 2256 lustrando,
1138 2200 1165 2247 et
1178 2208 1269 2247 curum
1290 2194 1471 2266 impendendo
1486 2200 1612 2256 omnibus
1630 2203 1714 2259 rerbe

59 2293 115 2358 Sal,
133 2311 222 2351 semro
237 2294 344 2351 divinus
357 2294 539 2367 increpatione
554 2298 680 2353 mordens
694 2307 721 2353 et
734 2298 863 2354 condiens
915 2284 941 2331 ⁰¹
956 2279 1080 2350 exemP¹0
1108 2296 1279 2337 0⁰¹¹¹ffll¹⁰⁰m
1295 2299 1324 2338 ⁵⁸
1339 2285 1463 2354 Praebens
1477 2288 1609 2345 universis
1626 2308 1715 2362 :ltro-

59 2394 142 2449 corda
153 2394 279 2465 insipida.
309 2394 391 2449 Trina
404 2395 522 2466 aspersio
547 2395 615 2450 trina
628 2396 727 2452 mersio
755 2404 795 2453 est
808 2414 861 2469 pu·

60 2482 182 2537 riticanrli
197 2499 247 2553 per
263 2498 372 2552 aquam.
388 2483 538 2539 Duodecim
553 2483 696 2540 luminaria
716 2494 777 2540 sunt
791 2500 861 2557 apo-

60 2572 121 2626 stoli
138 2572 285 2627 Ecclesiam
315 2588 363 2642 per
385 2580 499 2642 quatuor
526 2573 619 2627 muudi
642 2581 733 2643 partes
758 2574 861 2630 illumi-

59 2676 165 2735 nantes,
181 2678 208 2724 et
221 2670 308 2723 crucis
322 2670 478 2740 mysterium
493 2685 543 2739 per
556 2676 642 2724 totum
662 2670 795 2725 mundum
810 2671 861 2725 de-

59 2758 186 2812 serentes.
203 2757 327 2812 Pontifex
335 2758 455 2813 Christus
468 2766 509 2812 est
524 2776 531 2825 ;
548 2758 634 2830 virga,
663 2765 780 2829 potestas
791 2777 799 2824 ς
811 2759 862 2814 tri-

58 2863 94 2901 na
123 2846 336 2918 superliminaris
368 2846 516 2918 percussio,
536 2847 597 2901 coeli
616 2855 756 2918 terraeque,
777 2855 805 2902 et
822 2848 862 2901 in-

60 2936 129 2991 lerni
143 2935 302 2991 dominatio.
319 2935 498 3008 Interrogatio
512 2935 622 3004 inclusi,
646 2935 799 3007 ignorantia
813 2951 861 3007 pe·

58 3034 115 3103 puli
133 3051 140 3099 ;
157 3034 260 3103 apertio
274 3034 346 3101 ostii,
363 3033 480 3089 sublatio
492 3033 606 3103 peccati.
624 3034 748 3089 Pontifex
767 3034 900 3117 ingre-c

58 3121 135 3176 cliens
160 3122 301 3177 ecclesiam
329 3138 424 3193 pacem
457 3121 568 3178 Domini
595 3122 767 3194 imprecatur,
796 3122 859 3192 quia
913 3091 995 3156 8¹¹⁰?-

58 3208 179 3265 Christus
205 3211 335 3265 mundum
351 3209 505 3284 ingrediens
533 3226 627 3282 pacem
650 3211 819 3283 intergDeum
833 3217 859 3266 et

58 3308 196 3362 hominem
223 3308 299 3364 lacit.
334 3310 482 3365 Prostratus
509 3324 558 3380 pre
572 3307 781 3365 sanctificatione
809 3309 859 3364 do·

57 3413 119 3452 rrius
133 3406 201 3461 orat,
235 3406 263 3451 et
290 3398 409 3452 Christus
424 3398 581 3452 humiliatus
603 3412 652 3469 pro
668 3396 808 3467 discipulis
833 3403 861 3453 et

57 3502 108 3558 pro
124 3486 266 3541 credituris
279 3487 407 3542 omnibus
420 3488 527 3542 Patrem
540 3493 599 3541 orat
616 3486 726 3541 dicens:
742 3508 752 3535 t
771 3486 857 3552 Pater,

56 3581 194 3638 sanctilica
209 3599 256 3638 eos
275 3582 427 3638 innomine
443 3590 488 3638 tuo
503 3584 595 3647 (loon.
611 3586 693 3651 xtra).
710 3605 722 3629 u
740 3581 859 3654 Surgens

56 3679 148 3727 autem
177 3671 212 3727 ab
238 3672 360 3727 oratione
389 3670 519 3742 popcdum
535 3686 588 3725 non
603 3671 710 3736 salutat,
730 3671 858 3741 quoniam

55 3761 102 3830 qui
118 3762 233 3817 necdum
261 3758 417 3816 sanctificati
431 3768 493 3814 sunt
516 3758 735 3830 applaudendum
749 3774 804 3815 non
818 3766 859 3813 est
950 3800 955 3810 .

55 3850 131 3918 ipsis,
155 3851 201 3905 sed
219 3849 351 3904 orandum
366 3863 415 3919 pro
434 3848 510 3919 ipsis.
531 3848 681 3919 Descriptio
709 3846 856 3920 alphabeti,

56 3938 174 4009 simplex
187 3938 308 3993 doctrina
322 3936 384 3991 fidei
394 3954 402 4002 ;
414 3938 609 4008 pavimentum,
631 3952 679 3993 cor
691 3936 852 3992 humanum.

59 4029 90 4081 ln
105 4028 261 4096 parimento
276 4027 450 4097 alphabetum
466 4026 632 4095 describitur,
648 4026 775 4096 quoniam
795 4042 857 4081 car-

57 4124 128 4178 nalis
142 4124 259 4195 populus
274 4124 362 4192 prima
383 4139 415 4178 ac
435 4123 551 4194 simplici
579 4122 702 4179 doctrina
728 4123 855 4177 initiatur.

59 4220 311 4275 Ductusasinislro
339 4220 440 4292 angulo
468 4220 578 4275 orientis
604 4220 633 4274 in
659 4220 784 4274 dextrum
806 4234 857 4274 oc·

56 4308 181 4376 cidentis,
210 4308 319 4363 etitem
338 4325 354 4363 a
372 4309 467 4364 dextro
487 4309 587 4380 angulo
614 4307 724 4364 orientis
742 4308 769 4361 in
787 4307 857 4362 sini-

55 4404 139 4451 strum
174 4395 320 4450 occidentis
352 4396 467 4451 formam
499 4396 586 4452 crucis
618 4396 753 4467 exprimit,
793 4396 895 4466 quial)

56 4494 193 4549 mentibus
209 4493 349 4548 hominum
363 4509 413 4563 per
434 4492 516 4548 fidem
530 4493 695 4565 evangelicae
722 4494 855 4565 praedica·

58 4583 139 4639 tionis
153 4582 326 4654 imprimitur.
356 4582 387 4636 Et
403 4581 466 4652 quia
493 4582 609 4653 primurn
627 4580 694 4637 fides
708 4582 736 4637 iu
757 4582 857 4639 Judaeis

57 4674 118 4740 luit,
135 4680 162 4728 et
176 4681 270 4744 postca
284 4671 319 4726 ad
340 4680 437 4743 gentes
451 4670 581 4739 transicit,
606 4680 633 4725 et
646 4687 751 4726 mrsum
762 4672 789 4726 in
803 4670 857 4727 fine

57 4779 119 4819 cum
134 4760 274 4832 plenitudo
289 4761 410 4831 gentium
424 4760 573 4829 intraverit,
589 4766 650 4815 tunc
664 4761 752 4816 omnis
773 4762 858 4816 lsrael

58 4861 149 4915 salvus
163 4859 222 4916 erit.
248 4859 391 4928 Utriusque
417 4872 484 4929 ergo
498 4856 592 4929 populi
615 4857 801 4914 collectionem
830 4858 858 4913 lri

55 4948 110 5003 cluo
141 4964 234 5004 versus
253 4948 406 5019 sigmificaut
433 4946 460 5001 iu
487 4947 574 5002 crucis
599 4945 689 5019 effigie
712 4948 856 5018 compacti,

58 5039 111 5092 boe
125 5045 166 5091 est
185 5036 258 5105 quod
287 5035 370 5091 Jacob
385 5033 455 5090 filios
479 5036 579 5107 loseph
596 5035 769 5105 benedicens,
794 5052 854 5091 cen-

56 5134 160 5188 cellutis
174 5134 299 5189 manibus
314 5133 429 5189 lornram
451 5134 536 5189 nucis
550 5134 708 5205 exprimens
734 5133 858 5189 dextram

59 5236 170 5276 martum
197 5240 279 5291 super
305 5231 386 5293 criptut
412 5222 553 5293 Ephraim,
576 5222 751 5278 etsiuistram
778 5237 860 5294 super

57 5319 137 5381 caput
149 5312 271 5367 lllunasse
288 5310 378 5382 posuit
395 5312 476 5383 (Gen.
491 5312 599 5381 xcvtu),
613 5312 686 5382 quin,
702 5311 785 5383 priori
803 5326 856 5385 po·

57 5408 122 5479 pulo
148 5406 266 5477 abjecte,
287 5408 381 5478 junior
403 5408 439 5463 acl
465 5408 605 5465 dexteram
633 5409 780 5465 collacatus
806 5418 856 5465 est.

54 5506 193 5564 Cambuea
216 5506 273 5562 sire
291 5506 369 5578 virga
395 5506 538 5577 pastoralis
551 5524 612 5577 quae
640 5506 777 5579 Scriptura
790 5506 859 5581 figu-

55 5603 142 5664 ratur,
157 5595 315 5667 mysterium
342 5593 479 5669 siguificat
490 5595 640 5665 doctonrm,
657 5612 771 5669 quorum
798 5604 857 5653 stu·

55 5686 102 5743 dio
113 5693 138 5741 et
153 5683 347 5756 predicatione
374 5692 401 5741 et
413 5684 554 5745 conrersio
567 5685 690 5759 gentium
720 5686 790 5743 lacta
802 5694 853 5757 est,

914 2374 975 2435 pter
988 2368 1060 2437 quod
1082 2368 1163 2424 etiam
1191 2386 1259 2441 opus
1285 2373 1407 2429 oratioue
1429 2386 1606 2449 consummat,
1635 2396 1716 2437 orans

914 2470 944 2517 ut
962 2462 1139 2520 exaudiantur
1165 2466 1203 2520 ibi
1230 2465 1303 2536 justa
1331 2477 1461 2541 petentes,
1487 2474 1615 2542 quoniam
1647 2493 1715 2549 opus

915 2552 1032 2606 hominis
1046 2553 1104 2610 sine
1117 2554 1210 2628 divino
1237 2557 1338 2612 auxilio
1360 2575 1418 2614 esse
1428 2569 1531 2630 petest:
1549 2562 1714 2621 fructuosum

915 2656 1041 2695 essenon
1059 2649 1156 2712 potest.
1173 2643 1325 2700 Nouissime
1336 2648 1629 2719 completaexpiatione
1649 2670 1716 2726 pen-

914 2728 985 2784 tifex
999 2729 1033 2783 ad
1060 2730 1142 2786 altare
1170 2733 1343 2801 convertitur,
1360 2735 1432 2804 quod
1447 2737 1581 2807 reliquum
1613 2750 1653 2796 est
1680 2742 1714 2798 de

915 2817 1187 2889 aquapuritieutionis
1203 2820 1236 2874 ad
1256 2822 1343 2876 basim
1373 2823 1429 2892 ejus
1457 2823 1606 2894 effundens,
1638 2831 1714 2900 quasi

915 2908 1086 2962 committens
1100 2908 1157 2963 Deo
1172 2910 1244 2979 quod
1260 2919 1394 2982 superest
1408 2912 1479 2969 vires
1493 2931 1555 2970 suas
1582 2918 1716 2974 excedens

917 2995 944 3049 in
959 2997 1125 3066 perfec-tione
1139 2999 1267 3069 mysterii,
1296 3000 1401 3055 Dehinc
1414 3000 1497 3058 linteo
1526 3004 1609 3061 altare
1622 3014 1715 3063 exter·

1029 3086 1119 3141 litare
1149 3088 1269 3141 Christus
1287 3096 1337 3155 est,
1357 3105 1439 3159 super
1464 3108 1543 3161 quern
1577 3093 1714 3151 efferimus

914 3180 984 3235 Patri
1000 3190 1097 3237 nostran
1121 3182 1273 3239 devotionis
1300 3200 1406 3240 munus.
1427 3187 1549 3242 linteum
1568 3206 1631 3246 caro
1654 3191 1713 3261 ejus

914 3269 1082 3325 tunsionibus
1109 3270 1240 3341 passionis
1268 3273 1301 3327 ad
1335 3274 1481 3329 candorem
1507 3277 1715 3350 incorruptionis

912 3358 1051 3426 penlucta.
1068 3361 1209 3414 lucensem
1224 3361 1359 3417 orationes
1373 3372 1525 3420 sanctorum
1552 3367 1687 3439 significat
1702 3388 1711 3437 ;

913 3446 1003 3501 oleum
1031 3456 1120 3503 autem
1143 3449 1258 3520 gmtiam
1286 3449 1401 3521 Spiritus
1425 3454 1509 3508 sancti
1536 3454 1711 3527 demonstrat,

913 3534 991 3604 cujus
1018 3536 1155 3607 plenitudo
1170 3536 1199 3591 in
1217 3538 1305 3608 eapite
1324 3541 1471 3608 precessit.
1502 3543 1607 3600 Dehinc
1625 3547 1713 3616 parti-

913 3624 1011 3694 cipatio
1025 3624 1060 3679 ad
1074 3625 1198 3680 membra
1208 3625 1332 3682 defluxit.
1360 3628 1470 3698 Propter
1499 3631 1581 3688 lroca
1608 3644 1712 3693 sacrato

912 3711 987 3767 altari
1003 3712 1146 3769 duodecim
1174 3730 1267 3770 cruces
1282 3716 1309 3769 in
1336 3716 1495 3785 partialibus
1522 3721 1710 3795 chrismantur,

912 3816 974 3870 quta
992 3802 1138 3870 spiritualis
1164 3803 1253 3874 gratia
1280 3820 1296 3859 a
1319 3806 1424 3861 Christo
1451 3806 1478 3861 in
1500 3811 1637 3878 apostolos
1665 3811 1712 3867 ‹le-

910 3891 1022 3959 scendit,
1052 3900 1081 3945 ut
1103 3892 1189 3947 crucis
1216 3894 1372 3963 mysterium
1400 3912 1449 3965 per
1476 3903 1590 3965 quatuor
1617 3902 1711 3957 muudi

910 3986 1075 4049 partescum
1103 3978 1156 4033 lide
1184 3981 1321 4034 Trinitatis
1345 3982 1536 4050 praedicarent.
1559 3984 1710 4043 Candidum

910 4076 1044 4142 valenien,
1061 4075 1132 4146 quod
1147 4083 1208 4145 post
1221 4076 1449 4133 consecrationem
1478 4078 1561 4136 altare
1580 4083 1708 4151 operitur,

910 4163 1025 4237 glomum
1036 4164 1244 4234 incorruptionis
1258 4164 1390 4237 designat,
1407 4183 1460 4236 qua
1475 4176 1535 4238 post
1556 4171 1709 4240 passionem

910 4260 1067 4323 consumpta
1083 4251 1244 4308 mortalitate
1266 4254 1328 4309 lesu
1358 4255 1510 4311 humanitas
1537 4258 1630 4315 induta
1657 4271 1707 4329 est,

909 4340 977 4396 sicut
990 4340 1117 4412 scriptum
1133 4348 1174 4396 est
1190 4356 1196 4395 :
1214 4364 1226 4389 α
1244 4342 1401 4399 conscidisti
1427 4360 1535 4401 saccum
1549 4364 1651 4419 meum,
1683 4360 1709 4407 et

909 4429 1106 4486 circumdedisti
1122 4446 1165 4484 me
1181 4429 1272 4485 laetitia
1286 4431 1377 4501 (Paul.
1394 4436 1486 4505 anax).
1507 4457 1519 4483 s

1124 4578 1218 4619 88Μο
1238 4579 1273 4619 DB
1293 4580 1493 4623 bsntcmon'ra.

949 4722 960 4747 ι
978 4698 1069 4754 Sancti
1085 4697 1209 4769 Spiritus,
1232 4698 1358 4769 Domine,
1373 4700 1454 4756 corda
1481 4709 1572 4758 nostra
1599 4704 1711 4763 mundet

911 4784 1019 4849 iniusie,
1053 4794 1079 4842 et
1097 4786 1152 4840 suis
1183 4786 1252 4841 roris
1284 4786 1378 4842 intima
1396 4788 1551 4860 aspersione
1581 4792 1710 4847 secundet

909 4876 1003 4945 (Oret.
1023 4875 1114 4946 miss.)
1131 4894 1143 4925 a
1159 4874 1264 4930 Novate
1278 4874 1354 4931 vobis
1367 4877 1475 4945 novale,
1487 4884 1513 4933 et
1522 4878 1605 4935 nolite
1618 4896 1707 4937 serere

910 4980 991 5036 super
1004 4962 1095 5036 spinas
1109 4962 1183 5033 (der.
1202 4968 1250 5033 rr).
1266 4963 1397 5020 Dominus
1411 4965 1475 5021 dicit
1489 4966 1516 5021 in
1534 4967 1682 5041 Evangelio
1699 4989 1706 5026 ε

912 5074 924 5102 ι
942 5053 1029 5108 Nemo
1038 5051 1117 5107 mittit
1132 5053 1223 5107 riuum
1232 5068 1332 5108 norum
1350 5053 1708 5129 inutresrcteres3alioquin

911 5142 1079 5213 disrumpunt
1107 5148 1179 5197 utrcs
1212 5149 1239 5196 et
1252 5141 1345 5198 riuum
1391 5141 1550 5212 effundetur,
1577 5153 1604 5202 et
1634 5154 1707 5203 utres

910 5240 1047 5311 peribunt.
1068 5238 1123 5294 Sed
1140 5238 1234 5293 vinnm
1262 5254 1363 5294 norum
1391 5240 1419 5295 in
1447 5248 1519 5295 utres
1545 5257 1630 5300 noros
1648 5246 1707 5302 mit·

909 5336 990 5391 tatur,
1005 5334 1157 5397 ctutraque
1179 5335 1321 5383 serrantur
1348 5328 1457 5391 (netto.
1474 5330 1522 5399 rx).
1554 5353 1566 5379 s
1589 5334 1706 5405 Aliquod

910 5419 1002 5477 vinum
1018 5420 1069 5473 lroc
1082 5418 1149 5487 ugit,
1165 5423 1195 5471 ut
1204 5418 1286 5472 horno
1312 5417 1409 5487 uliquis
1422 5417 1553 5489 irrumpat
1567 5422 1595 5475 in
1621 5423 1707 5495 lamp·-

909 5524 978 5575 mas,
993 5506 1138 5577 aliquando
1152 5513 1180 5562 et
1193 5520 1240 5561 cer
1253 5506 1371 5561 hominis
1385 5506 1514 5563 laetificat.
1543 5510 1651 5568 Novum
1667 5514 1708 5570 ri·

908 5612 974 5651 num
983 5602 1023 5652 est
1036 5594 1085 5651 Dei
1101 5594 1223 5661 verbum,
1244 5594 1317 5665 quod
1330 5594 1433 5652 homini
1444 5597 1518 5669 justo
1545 5615 1654 5671 semper
1665 5600 1707 5655 in-

908 5686 979 5761 gerit
991 5700 1091 5743 aarum
1106 5684 1247 5757 gaudium.
1263 5684 1373 5743 Veteres
1385 5700 1449 5745 rem
1463 5692 1538 5743 utres
1549 5695 1713 5741 matresu-
