3780 6038
115 220 168 277 §Di

578 212 678 268 PETRI
697 212 869 270 ALPHONSl
888 213 938 270 EX
956 213 1076 271 JUDAEO
1096 213 1299 270 ctm1sr1ant

1711 208 1766 269 6⁰8

115 344 189 417 Ergo
216 350 327 416 apparet
353 342 486 397 innostro
514 353 647 406 sermone,
664 354 731 410 opus
745 337 834 410 praeiri
862 354 908 393 sa·
923 340 950 398 A
967 345 1097 408 tenrpore,
1113 354 1201 410 neque
1228 336 1375 395 substantia
1389 336 1508 394 anterior
1534 335 1610 410 ipsis,
1641 342 1766 410 potestne

116 433 215 504 pientia
242 440 268 487 et
281 431 426 486 voluntate.
457 428 549 483 bluudi
573 442 640 499 ergo
668 426 787 491 Creator,
817 442 910 481 creare

114 520 214 591 aliquid
238 518 365 590 nequivit,
390 524 534 588 antequam
562 516 589 570 in
615 531 648 571 co
664 531 759 587 sapere
787 522 858 570 esset
885 523 911 569 et

115 607 195 665 velle.

149 716 277 771 ltlorsas.
295 714 393 770 Verum
408 720 458 768 est.

148 821 276 878 Parnes.
292 820 366 893 Ergo
389 821 462 876 Deus
489 826 527 873 est
555 815 711 883 substantia,
725 815 867 887 sapientia,
883 824 910 872 et

115 910 250 967 voluutas.

148 1017 279 1073 blorsrrs.
306 1016 405 1071 Verum
426 1021 475 1069 ost.
493 1012 546 1069 Sed
570 1013 658 1068 adhuc
674 1011 788 1084 probare
816 1011 909 1078 habes,

114 1104 177 1175 quia
190 1107 248 1160 haee
261 1104 393 1175 sapientia
419 1112 446 1159 et
460 1103 592 1169 voluntas,
609 1099 771 1157 aeternaliter
798 1099 825 1153 in
853 1099 910 1155 Deo

114 1201 183 1261 sunt,
199 1202 226 1248 et
253 1193 287 1247 ab
316 1209 348 1248 eo
376 1192 429 1246 sint
452 1190 655 1262 inseparabiles,
668 1204 718 1244 nec
733 1204 781 1260 per
806 1196 911 1259 tempus

113 1280 178 1353 ipsis
192 1281 308 1336 anterior
321 1288 360 1336 est
374 1289 403 1335 ut
417 1279 515 1334 credis.

147 1389 280 1444 Parnes.
299 1385 460 1442 verificabo.
476 1384 542 1441 Cum
556 1385 628 1440 enim
642 1392 755 1452 constet,
771 1383 911 1454 quiaDeus

112 1476 271 1547 sapientiam
284 1475 382 1530 habeat
396 1482 423 1530 et
444 1474 609 1529 voluntatem
623 1473 691 1528 scire
717 1472 858 1539 debemus,
887 1473 910 1526 si

113 1566 172 1619 haec
185 1563 317 1636 sapientia
339 1571 366 1618 et
379 1564 502 1618 voluntas
529 1563 556 1617 in
571 1577 603 1617 eo
632 1561 786 1628 existentes,
802 1568 830 1616 et
855 1575 910 1615 non

112 1660 269 1724 separentur
283 1651 317 1707 ab
332 1669 375 1719 eo,
387 1660 433 1706 aut
447 1659 524 1706 extra
538 1667 609 1719 eum,
639 1667 673 1705 an
688 1650 833 1721 aliquando
849 1666 909 1705 eum

112 1757 144 1797 eo
158 1741 220 1808 sint,
236 1740 381 1812 aliquando
396 1756 462 1794 non.

146 1858 277 1912 hloxsas
296 1857 392 1912 Verum
408 1862 448 1911 est
461 1854 524 1926 qnia
539 1855 567 1909 in
581 1871 614 1911 eo
627 1863 698 1921 aunt,
715 1862 741 1909 et
756 1870 810 1909 non
823 1871 906 1926 sepa-

109 1954 201 2001 rantur
228 1947 262 2002 ab
276 1962 319 2009 eo,
342 1945 406 2016 quia
420 1944 471 1999 nisi
487 1945 525 1999 sie
553 1952 633 2012 esset,
651 1952 712 1999 tunc
741 1943 814 1999 Deus
841 1951 910 1998 esset

109 2050 163 2091 non
179 2035 294 2107 sapiens,
312 2041 454 2107 postquam
469 2041 540 2089 esset
568 2033 686 2103 sapiens,
714 2039 741 2087 et
755 2039 825 2087 esset
853 2032 910 2088 sine

108 2123 255 2191 voluntate,
285 2130 428 2194 postquam
465 2120 602 2176 habuisset
629 2120 806 2186 voluntatem,
848 2120 912 2192 quia

110 2210 167 2266 lieri
182 2227 235 2267 non
262 2218 359 2281 potest,
373 2219 402 2265 ut
416 2217 559 2281 postquam
588 2209 658 2265 ineo
673 2208 726 2263 sint
751 2217 909 2280 separentur

111 2299 204 2365 abeo,
220 2299 270 2354 nisi
284 2316 333 2368 per
347 2298 480 2367 accidens,
510 2305 537 2353 et
550 2297 675 2353 accidens
690 2313 744 2353 non
774 2296 910 2354 invenitur

113 2404 141 2443 in
154 2404 197 2443 eo.

149 2495 277 2550 Parrus.
293 2493 439 2549 Benedicat
452 2501 477 2548 te
498 2494 579 2560 Deua,
596 2493 659 2563 quia
673 2493 743 2549 benc
758 2490 912 2548 intellexisti

115 2582 255 2639 acritatem
270 2590 297 2638 et
307 2581 471 2651 concessisti,
499 2590 525 2637 et
538 2582 638 2637 honam
662 2580 742 2637 iidem
758 2589 783 2637 le
811 2579 911 2636 habere

117 2672 281 2729 monstrasti.
301 2671 354 2727 Sed
364 2672 451 2727 adhuc
465 2671 548 2726 debes
576 2669 720 2743 inquirere,
738 2677 825 2725 utrum
855 2670 913 2723 haeir

117 2760 248 2832 sapientia
262 2767 289 2815 et
303 2760 425 2815 voluntas
447 2757 499 2814 sint
527 2766 645 2827 aeternae,
675 2758 718 2815 rel
733 2757 837 2812 initium
867 2758 913 2811 ha-

118 2848 233 2905 bueriat.

153 2946 286 3001 Marsas.
306 2944 422 2999 Ponatur
436 2940 517 2998 modo
531 2941 596 3012 quia
609 2941 713 2997 initium
725 2940 876 2998 habuerint.

152 3051 279 3107 Parnes.
294 3050 369 3105 Tunc
395 3049 479 3106 verba
505 3056 551 3104 tna
564 3049 616 3104 sibi
640 3056 702 3103 sunt
724 3047 953 3123 repugnantiae

118 3140 213 3196 Dixisti
228 3139 310 3209 enim,
326 3139 390 3210 quia
404 3139 538 3194 Deusnon
549 3145 636 3208 potest
651 3154 708 3194 esse
726 3138 912 3210 consopiens,

117 3237 259 3300 postquam
281 3234 350 3283 esset
371 3227 488 3298 sapiens,
506 3242 555 3282 nec
583 3226 641 3282 sine
668 3227 816 3292 voluntate,
846 3234 915 3299 post·

119 3333 199 3389 quam
211 3316 348 3372 habuisset
375 3316 554 3370 voluntatem.
583 3314 696 3381 Deinde,
713 3315 777 3387 quia
804 3314 914 3387 posuisti

119 3404 226 3459 easdem
242 3403 367 3459 habuisse
395 3402 568 3474 principium,
593 3411 654 3459 tunc
681 3402 825 3475 aliquando
841 3403 868 3458 in
882 3420 914 3458 eo

122 3500 193 3561 sunt,
204 3491 349 3562 aliquando
364 3507 431 3546 non.

156 3593 290 3646 ltlorsas.
305 3590 362 3645 lloe
376 3588 514 3644 assertioni
530 3605 598 3645 meae
613 3589 724 3647 minime
751 3597 790 3645 est
803 3598 914 3647 eontra·

119 3679 203 3736 rium.
219 3678 280 3735 Dixi
295 3678 366 3735 enim
380 3678 511 3749 superius.
527 3679 614 3734 Deum
631 3696 685 3736 non
698 3679 917 3751 possesapientia

120 3767 290 3826 etroluntate
311 3782 412 3835 carere,
428 3774 570 3839 postquam
599 3766 731 3823 habuerit.
748 3766 819 3837 Quia
850 3783 915 3824 vero

120 3855 228 3913 eosdem
255 3855 415 3927 principium
452 3855 551 3911 habere
578 3856 707 3921 concessi,
746 3871 916 3925 nequaquam

118 3945 268 4002 contradixi
283 3960 345 4000 eum
355 3959 433 4016 posse
447 3944 558 4010 habere,
570 3945 642 4015 quod
658 3960 712 4000 non
725 3944 864 4000 habuerit.

156 4044 283 4099 Paratus.
301 4042 382 4111 Sene,
397 4042 419 4097 si
434 4041 575 4099 exordium
591 4042 750 4111 habuemnt,
780 4049 825 4098 aut
838 4042 911 4097 Deus

121 4148 167 4188 eas
180 4131 288 4199 creavit,
305 4138 350 4186 aut
364 4130 430 4203 ipsae
443 4148 482 4185 se.

157 4239 292 4294 hlorsas.
316 4237 414 4293 Procul
442 4237 525 4292 dnbio
550 4238 621 4293 Deus
650 4254 696 4294 eas
724 4239 835 4308 crearit,
854 4238 918 4309 quia

123 4327 195 4382 nulla
208 4342 251 4382 res
263 4328 379 4398 seipsam
393 4333 474 4382 meat.

965 426 1074 498 aliquod
1089 428 1184 483 horum
1200 426 1279 483 trium
1302 427 1420 484 anterius
1434 443 1492 484 esse
1506 425 1598 498 aliquo
1621 425 1766 482 locutionis

965 515 1069 572 ordine.

1001 624 1127 680 Parnes.
1143 624 1232 680 Potest
1247 623 1383 695 equidem,
1400 630 1426 680 et
1441 631 1480 679 est
1494 621 1589 680 ordine
1604 622 1758 691 nominum,

965 728 1020 769 non
1034 719 1141 769 notura.
1156 713 1187 768 ln
1201 713 1349 770 substantia
1363 713 1436 768 enirn
1452 719 1514 767 sunt
1527 712 1663 783 sapientia
1677 719 1705 767 et
1718 726 1765 768 ro·

965 802 1061 869 luntas,
1078 802 1175 858 etideo
1189 809 1230 858 est
1249 803 1348 874 prima.
1368 800 1506 874 Sapientia
1515 817 1581 857 vero
1595 800 1659 857 ideo
1688 800 1762 873 prior

964 898 1005 946 est
1017 891 1163 959 voluntate,
1180 890 1252 962 quia,
1268 891 1425 964 priusquam
1441 897 1546 947 creator
1559 888 1664 961 aliquid
1687 889 1763 957 velit,

965 987 1141 1052 oporteteum
1150 996 1244 1052 sapere
1259 978 1323 1051 quid
1338 980 1412 1035 relit.
1429 979 1486 1035 llao
1499 979 1591 1049 itaque
1619 976 1761 1033 nominum

964 1067 1086 1124 ordinata
1100 1069 1212 1135 ratione,
1237 1068 1394 1135 substantia,
1410 1067 1543 1139 sapientia
1567 1074 1595 1122 et
1622 1067 1762 1123 voluntate

964 1156 1140 1226 wencrest,
1165 1164 1190 1212 et
1206 1157 1339 1228 sapientia
1361 1155 1479 1212 antenor
1492 1156 1642 1212 voluntate.
1673 1154 1763 1211 Simili

964 1245 1045 1302 etiarn
1055 1246 1136 1301 modo
1151 1245 1178 1301 in
1193 1246 1235 1301 his
1261 1245 1425 1315 nominibus,
1441 1247 1520 1300 Pater
1533 1244 1646 1312 scilicet,
1679 1242 1764 1299 Pilius

963 1342 990 1389 et
1004 1334 1118 1405 Spiritus
1132 1343 1248 1390 sancws.
1273 1334 1337 1390 Ideo
1363 1342 1452 1390 autem
1481 1333 1514 1389 dc
1528 1331 1688 1405 hujusmodi
1716 1349 1762 1388 re-

964 1423 1177 1496 tectumegimus
1192 1423 1228 1478 ita
1242 1438 1340 1487 erasse,
1371 1430 1400 1478 ut
1414 1429 1451 1489 tu,
1468 1422 1513 1493 qui
1537 1421 1681 1478 subtiliora
1710 1436 1764 1477 noa

964 1512 1089 1584 percipis,
1109 1511 1159 1568 isto
1173 1511 1267 1567 saltem
1291 1511 1375 1567 modo
1402 1510 1548 1583 quidquam
1578 1510 1644 1567 inde
1672 1526 1764 1582 posses

964 1601 1111 1672 percipere.
1128 1598 1207 1669 Quod
1232 1600 1264 1668 si,
1293 1616 1356 1656 cum
1384 1600 1474 1670 aliquo
1498 1599 1561 1655 inde
1590 1600 1765 1670 loqueremur

925 1688 1127 1758 ssChristiano,
1144 1689 1227 1746 multo
1243 1688 1305 1745 inde
1328 1688 1452 1745 subtilius
1480 1704 1541 1745 cum
1556 1704 1590 1746 eo
1623 1688 1763 1761 disputare

963 1794 1113 1850 possemus.

996 1887 1130 1943 Morsus.
1146 1885 1214 1943 Cum
1228 1885 1310 1959 igitur
1324 1886 1428 1943 ratione
1442 1885 1592 1943 ostenderis
1607 1886 1697 1942 Deum
1711 1900 1759 1941 sa·

963 1975 1091 2048 pientiam
1106 1984 1132 2032 et
1146 1976 1310 2031 voluntatem
1330 1975 1440 2044 habere,
1456 1980 1579 2047 potestne
1603 1974 1632 2030 in
1648 1975 1763 2046 alicujus

963 2062 1107 2120 authentici
1122 2063 1182 2119 libri
1211 2064 1321 2135 reperiri
1336 2064 1415 2131 serie,
1432 2064 1586 2120 Creatorem
1616 2063 1707 2136 ipsura
1737 2063 1763 2118 in

964 2151 1056 2207 mundi
1072 2152 1215 2219 creatione,
1231 2153 1363 2225 sapientia
1378 2160 1405 2208 et
1418 2152 1555 2209 voluntate
1568 2168 1648 2208 usum
1664 2151 1758 2207 luisse.

999 2270 1128 2325 Parnes.
1145 2269 1244 2326 Etiam.
1265 2269 1304 2324 De
1317 2269 1450 2340 sapientia
1477 2268 1549 2325 enirn
1574 2268 1706 2326 Salomon
1734 2268 1761 2325 in

964 2357 1117 2413 Proverbiis
1128 2357 1166 2413 ait
1181 2377 1187 2412 :
1200 2358 1339 2415 Dorulaus
1348 2356 1761 2431 [undouitsapicntiotcrrom

964 2446 1190 2503 rtohiliuitcorlos
1199 2446 1355 2518 prudentio
1374 2446 1467 2519 (Pron.
1483 2448 1535 2516 nr).
1551 2446 1592 2501 De
1620 2446 1758 2501 voluntate

964 2550 1028 2592 sero
1044 2534 1131 2590 David
1154 2535 1182 2589 in
1204 2535 1333 2590 Psalmo:
1353 2535 1455 2592 Omnia
1478 2549 1654 2608 quocunqne
1672 2534 1763 2591 voluit

965 2624 1208 2696 secitiPsolmrn).

999 2731 1134 2787 Morsas.
1153 2730 1188 2785 Et
1202 2730 1266 2800 quid
1281 2737 1320 2785 est
1335 2729 1408 2800 quod
1422 2738 1449 2785 tu
1462 2729 1609 2786 secundam
1624 2730 1762 2786 Trinitatis

965 2825 1060 2875 restrae
1081 2834 1225 2889 personam
1251 2818 1363 2875 nomine
1393 2818 1454 2887 isto,
1484 2818 1558 2891 quod
1570 2827 1611 2875 est
1634 2818 1767 2892 sapientie

966 2907 1138 2979 nuncuparis,
1154 2924 1216 2963 curn
1231 2908 1344 2965 verbum
1353 2907 1504 2981 appelletur
1517 2908 1551 2964 ab
1566 2907 1637 2964 aliis.

1002 3014 1133 3070 Parrus.
1153 3014 1185 3069 ln
1199 3017 1250 3071 hoc
1262 3030 1328 3071 sane
1342 3014 1516 3071 contrarietas
1525 3022 1567 3070 est
1580 3014 1668 3072 nulla.
1696 3014 1767 3071 Ver-

969 3102 1033 3158 bum
1049 3119 1166 3173 namqne
1181 3103 1229 3158 Dei
1254 3102 1374 3175 perlecta
1387 3102 1447 3173 ejus
1468 3102 1651 3174 estsapientia
1667 3122 1674 3161 :
1691 3102 1764 3174 quod

969 3198 995 3246 et
1011 3192 1151 3249 Psalmista
1163 3191 1350 3249 ostenditcurn
1366 3190 1453 3247 dicit:
1473 3192 1555 3250 Verbo
1562 3193 1680 3249 Domini
1699 3190 1764 3248 coeli

967 3280 1075 3348 annae
1089 3284 1158 3337 sunt
1170 3282 1257 3348 (Prot.
1266 3280 1364 3351 xxxa).
1378 3282 1453 3336 Patet
1466 3279 1620 3353 igiturquia
1633 3280 1767 3352 sapientia

969 3369 1019 3423 Dei
1032 3376 1060 3423 et
1073 3369 1185 3424 verbum
1201 3370 1268 3438 ejus,
1284 3369 1357 3425 idem
1368 3375 1420 3424 est.

1006 3475 1137 3531 llorsas.
1149 3476 1284 3531 llactenus
1293 3474 1327 3530 dc
1341 3474 1531 3545 explanatione
1544 3475 1683 3532 Trinitatis
1705 3475 1769 3532 satis

970 3564 1156 3636 philosophice
1172 3565 1299 3631 tractasti,
1323 3563 1371 3619 sed
1385 3563 1485 3619 rellem
1500 3581 1553 3619 una
1566 3565 1664 3620 saltem
1694 3565 1769 3621 Seri-

971 3661 1108 3725 pturarum
1123 3652 1280 3711 auctoritate
1304 3651 1449 3725 approbari
1478 3652 1506 3708 in
1519 3653 1577 3711 Deo
1605 3657 1698 3725 plures
1710 3669 1769 3709 esso

971 3757 1109 3814 personas.

1006 3849 1133 3904 Parnes.
1149 3848 1210 3903 Non
1224 3864 1278 3904 una
1298 3849 1421 3921 probabo
1434 3849 1483 3906 sed
1498 3849 1629 3923 pluribus,
1660 3849 1769 3907 neceb

971 3936 1054 4003 tectis,
1070 3935 1118 3990 sed
1132 3936 1232 4008 apertis
1246 3937 1467 4011 intelligentibus.

1005 4051 1139 4106 lloxsss.
1160 4050 1249 4107 Pande
1261 4068 1339 4126 ergo.

1005 4159 1137 4214 Parrus.
1156 4157 1224 4228 Quae
1238 4167 1279 4214 est
1291 4175 1335 4214 res
1349 4158 1476 4232 apertior,
1492 4168 1519 4216 et
1532 4159 1627 4218 adhoc
1638 4177 1765 4234 compro·

970 4245 1090 4302 bandum
1103 4246 1244 4315 valentior,
1261 4264 1342 4319 qnam
1367 4248 1507 4305 nominum
1520 4248 1568 4304 Dei
1597 4251 1763 4322 explanatio,

971 4344 1000 4391 ut
1015 4331 1123 4391 Elohim
1137 4343 1164 4391 et
1177 4335 1291 4393 Admaoi
1304 4336 1318 4390 i
1332 4337 1521 4393 Elohinxenim
1535 4339 1719 4410 pluralitatem
1726 4340 1769 4395 de·

157 4423 287 4477 Parrus.
307 4422 390 4493 llrgo,
405 4423 426 4475 si
442 4423 514 4477 Deus
538 4438 585 4476 aas
599 4423 709 4482 crearit.
725 4440 786 4479 curn
812 4425 916 4481 initium
931 4417 958 4477 D
973 4431 1111 4487 monstrat,
1131 4424 1207 4493 cujus
1221 4425 1357 4497 singulare
1386 4434 1426 4481 est
1452 4426 1550 4483 Elolto.
1582 4428 1651 4483 Cum
1679 4437 1769 4485 autem

119 4509 270 4575 habuerint,
285 4509 400 4580 indiguit
426 4509 483 4579 ipse
511 4510 621 4564 Creator
662 4511 714 4566 alia
737 4513 878 4582 sapientis,
894 4521 922 4568 et

120 4599 265 4664 voluntate,
277 4598 374 4669 quibus
388 4614 433 4652 eas
447 4605 558 4664 crearet,
575 4606 609 4668 et,
628 4607 656 4653 ut
674 4599 776 4655 dictum
800 4609 852 4669 est,
868 4618 920 4657 ne-

120 4695 248 4744 eesseest
268 4686 404 4759 operatori
425 4686 584 4755 sapientiam
610 4687 709 4743 hahere
739 4696 765 4745 et
793 4692 920 4746 volunta-

120 4784 184 4843 tem,
196 4784 339 4846 antequam
361 4774 424 4844 quid
439 4781 574 4846 operetur,
603 4783 630 4831 et
656 4777 695 4831 sic
719 4777 747 4831 in
769 4778 915 4834 inlinitum.

118 4865 234 4922 Necesse
247 4881 312 4938 ergo
327 4871 368 4919 est
381 4871 409 4918 ut
422 4864 554 4936 sapientia
568 4873 595 4919 et
618 4865 741 4921 voluutas
759 4868 923 4923 aeternaliter

120 4953 149 5009 ia
175 4954 232 5009 Deo
253 4954 315 5019 sint,
345 4960 372 5007 et
399 4953 433 5007 ab
453 4968 485 5008 eo
514 4953 718 5025 inseparabiles,
735 4972 784 5011 nec
805 4957 923 5012 anterior

121 5043 173 5096 illis
195 5043 229 5096 sit
256 5050 388 5114 terrqiore.
408 5042 440 5096 Et
458 5042 507 5098 hoc
528 5051 568 5096 est
591 5043 664 5113 qnod
684 5044 807 5116 cupimus
831 5045 923 5117 expla-

125 5147 202 5185 nure.

159 5227 291 5281 llot'sas.
316 5226 412 5281 Verum
441 5235 489 5296 est,
511 5235 613 5284 rectum
643 5230 715 5285 truirn
739 5238 779 5286 est
807 5240 833 5286 et
859 5230 923 5285 utile

126 5312 231 5368 veritati
246 5329 295 5368 nos
310 5328 437 5370 annuere.

162 5421 288 5475 l‘arnus.
304 5418 357 5474 Sed
371 5426 453 5475 rosnat
465 5420 618 5491 dicendum,
633 5441 693 5497 quta
717 5427 927 5494 harum,scilicet

126 5507 265 5580 sapientiae
274 5515 301 5563 et
314 5506 467 5578 voluntatis,
487 5510 590 5566 dicotur
617 5512 709 5583 Filius,
725 5522 752 5569 et
775 5532 835 5585 quae
860 5517 925 5588 Spi-

127 5598 192 5655 ritus
205 5605 320 5654 sanctus.

161 5698 294 5757 liloxsss.
310 5698 376 5755 Cum
397 5713 464 5770 ergo
491 5698 564 5754 nulla
585 5715 678 5759 earum
693 5702 810 5758 anmnor
823 5703 877 5760 alia
893 5704 927 5759 sit

972 4513 1034 4567 dieo
1050 4512 1153 4578 lllohai,
1171 4513 1223 4569 tale
1241 4522 1280 4569 ost
1294 4529 1326 4570 ac
1340 4514 1362 4569 si
1373 4514 1490 4570 dicerem
1520 4515 1570 4571 Dei
1583 4517 1651 4587 mei,
1680 4517 1771 4590 plura·

973 4601 1074 4656 litatem
1088 4601 1210 4671 deornm,
1228 4608 1256 4656 et
1270 4618 1352 4657 unam
1368 4610 1470 4658 tantum
1484 4602 1597 4660 dicenhs
1612 4622 1769 4676 personam,

973 4705 1034 4745 cum
1050 4704 1114 4745 roro
1127 4689 1251 4745 Elohemi
1265 4690 1336 4757 dico,
1366 4691 1441 4762 quasi
1456 4691 1574 4749 dicerem
1602 4694 1647 4750 Dii
1675 4695 1769 4763 nostri,

975 4777 1154 4850 pluralitatem
1183 4787 1356 4850 utrorumque
1382 4780 1526 4852 signando,
1555 4788 1583 4836 et
1603 4782 1719 4839 deorum
1746 4791 1773 4839 et

975 4867 1094 4937 ipsomm
1113 4866 1270 4924 dicentium.
1296 4866 1375 4937 Quod
1390 4868 1438 4924 etsi
1467 4869 1545 4924 Elohi
1573 4870 1688 4940 dicatur,
1719 4872 1772 4928 tale

975 4963 1015 5011 ost
1028 4971 1060 5010 ae
1073 4955 1095 5010 si
1124 4955 1266 5025 diceretur,
1281 4956 1354 5012 Deus
1381 4973 1467 5012 meus.
1483 4956 1537 5012 Sed
1566 4961 1617 5015 hoc
1646 4960 1674 5015 in
1699 4961 1772 5017 nulla

976 5043 1108 5101 Hebraico
1142 5044 1276 5101 iuvenitur
1296 5045 1438 5118 scriptura,
1462 5046 1534 5117 quod
1564 5048 1664 5120 aliquis
1688 5052 1773 5127 homo

978 5133 1066 5188 Deum
1083 5150 1200 5203 unquam
1215 5134 1293 5191 lilohi
1306 5135 1464 5206 appellaret,
1479 5136 1612 5206 quamvis,
1623 5139 1772 5195 soeundmn

976 5218 1060 5291 ipsius
1073 5220 1212 5276 Hebraicar
1228 5221 1327 5295 lingua·
1341 5221 1459 5293 regulas,
1476 5222 1529 5278 diei
1544 5224 1643 5294 possit.

1014 5334 1145 5389 hlorsas.
1161 5334 1230 5389 Nam
1246 5334 1371 5391 inrestro
1382 5335 1517 5391 invenitur
1527 5336 1680 5409 Evangelio
1695 5339 1775 5396 Chri·

978 5428 1055 5493 stum
1063 5421 1092 5475 in
1105 5438 1185 5477 eruce
1211 5422 1289 5479 Elohi
1304 5422 1455 5494 appellasse
1471 5424 1568 5493 (darc.
1583 5439 1624 5482 xv
1639 5444 1649 5495 ;
1669 5427 1771 5485 natta.

980 5512 1085 5579 xxvix).

1017 5616 1144 5672 Parnes.
1161 5617 1220 5673 lloc
1233 5617 1342 5689 quidem
1358 5617 1424 5674 mihi
1438 5618 1542 5675 nullutn
1556 5634 1616 5677 esso
1630 5623 1696 5681 nori
1709 5638 1777 5681 oon·

981 5703 1102 5761 tranum
1119 5704 1238 5763 Christars
1251 5705 1324 5762 enirn
1337 5706 1424 5762 Deam
1444 5706 1550 5764 Patrem
1564 5708 1712 5769 invocabat
1726 5728 1780 5769 una
