3780 6038
111 216 163 273 623
667 208 804 268 PIBONIS
821 208 981 268 artscoet
1000 208 1195 267 TULLENSlS
1703 214 1760 271 tat

112 343 241 400 certisex
257 339 349 396 causis
367 354 383 393 a
404 337 451 393 tali
479 336 647 406 subjectione
679 334 775 391 remoti
804 336 1117 410 eraut,Aguoscimus
1131 344 1158 391 et
1172 332 1329 402 laudamus,
1342 341 1368 391 et
1381 333 1560 407 impressione
1574 334 1660 410 sigilii
1673 337 1760 392 nostri

112 431 226 489 consilio
250 428 380 485 nobilium
398 442 507 482 suorum
523 424 631 499 rogarit
646 440 697 480 nos
713 424 842 496 praedicta
856 441 906 481 co·
961 426 989 481 in
1004 434 1165 497 perpetuum
1180 424 1397 481 conservandam
1421 426 1595 483 anathemate
1610 423 1760 482 coufirma-

112 525 217 580 mitissa
236 523 337 594 Sophia
360 530 388 576 ut
415 522 480 593 quid
501 521 582 590 juris,
603 522 649 592 qui
673 520 797 576 ecclesian
819 522 907 575 heatae
960 531 1031 570 mus.

112 615 205 669 itariae
218 611 398 676 deservirent,
414 610 584 675 habuissent,
601 610 644 664 vel
670 609 787 663 habituri
802 620 905 677 essent,

111 703 154 758 vel
170 701 270 773 quibus
289 717 321 755 ex
337 699 425 755 causis
441 697 600 769 parochiani
613 698 647 753 de
661 697 829 752 asmantiae
845 696 907 751 suh-

110 791 229 861 jcetione
258 787 356 843 Domni
383 788 494 842 Martini
523 786 617 842 remoti
642 794 742 852 essent,
766 802 800 840 ne
815 786 907 857 aliqua

112 888 248 945 contentio
270 887 312 942 vel
344 886 533 941 controversia
565 885 592 939 in
620 894 761 956 posterum
778 884 905 951 oriretur,

111 978 211 1047 scripto
227 976 432 1030 mandaremus.

145 1085 259 1139 Noverit
275 1083 357 1153 igitur
369 1081 458 1137 omnis
474 1081 618 1137 ecclesiam
635 1081 723 1136 beate
737 1080 829 1135 itariae
844 1095 906 1135 cum

111 1189 160 1229 sua
175 1172 327 1239 capellada
347 1180 436 1227 castro
451 1172 488 1225 ita
501 1170 615 1224 liberam
630 1185 646 1224 a
661 1169 778 1224 dominis
789 1177 815 1223 et
830 1169 906 1240 prin-

110 1270 217 1343 cipibus
230 1269 310 1324 castri
333 1267 422 1323 taliter
439 1268 613 1323 constitutam
640 1267 733 1331 luisse,
763 1267 837 1337 quod
855 1282 907 1322 nec

110 1373 233 1423 censum,
250 1372 301 1412 nec
315 1364 470 1427 respectum
485 1356 604 1427 aliquem
632 1355 764 1411 Ecclesiae
786 1354 906 1409 Tullensi

110 1446 217 1501 debeat.
233 1446 272 1499 lta
286 1453 313 1498 ut
328 1455 416 1499 tamen
437 1445 511 1516 quod
536 1444 652 1500 clericus
666 1458 682 1497 a
697 1443 835 1499 comitissa
864 1444 907 1498 vel

111 1534 319 1590 successorihus
341 1532 449 1605 ejusde
475 1533 623 1603 prebenda
638 1532 724 1587 beatae
743 1532 835 1587 iliarire
861 1531 906 1587 in-

109 1633 224 1687 vestitus
237 1631 345 1685 Tullum
360 1629 459 1696 veniet,
471 1636 499 1684 et
514 1644 530 1683 a
544 1630 612 1685 sede
627 1637 721 1685 nostra
735 1645 829 1686 curam
844 1629 905 1684 ani-

109 1736 217 1774 marum
233 1719 371 1790 suscipiet,
386 1727 413 1773 et
427 1734 477 1788 pro
492 1717 692 1773 Cluistiunitate
720 1692 948 1775 conservandaB

110 1817 266 1873 fidelitatem
281 1815 371 1872 iaciat.
387 1815 493 1884 Quibus
506 1815 578 1871 enim
594 1832 627 1871 ex
642 1816 732 1872 causis
751 1816 910 1882 parochiani

111 1916 145 1972 de
158 1913 501 1985 alsmantiaasubjoctione
512 1915 728 1970 Domni-iiartiui
738 1916 833 1971 remoti
844 1916 907 1984 siut,

111 2014 180 2070 sicut
194 2013 228 2068 ab
243 2013 303 2084 ipsa
317 2011 457 2066 comitisse
476 2011 519 2067 vel
535 2010 661 2067 fidelibus
680 2013 739 2082 ejus
753 2013 908 2080 didicimus,

110 2101 226 2158 fideliter
260 2100 414 2155 scribimus.
443 2100 629 2156 Theodericus
663 2101 726 2168 dux,
761 2102 910 2158 comitissae

110 2207 190 2256 avus,
208 2189 254 2262 qui
265 2189 328 2258 jure
343 2189 517 2244 irrereditario
541 2189 633 2244 comiti
647 2189 773 2245 Folmaro
798 2190 825 2245 in
854 2194 909 2246 As-

110 2280 211 2335 mantia
231 2279 374 2343 successit,
396 2278 514 2333 mediam
532 2286 638 2348 partem
663 2279 831 2335 decimarum
860 2296 909 2337 ec-

110 2368 201 2425 ciesiae
213 2366 444 2423 bomini-tinrtini
460 2366 512 2420 hoc
532 2374 613 2436 pacto
627 2366 701 2422 dedit
723 2376 749 2423 et
763 2371 909 2439 concessit,

111 2472 139 2519 ut
153 2464 296 2535 presbyter
320 2463 355 2517 de
371 2463 609 2518 Domuoliartiuo
623 2462 650 2517 in
666 2463 788 2520 Sabbata
810 2476 910 2522 sanctae

113 2562 224 2618 Pascha
234 2561 324 2615 oleum
340 2569 367 2616 et
388 2561 513 2616 chrisme
540 2561 682 2633 capellano
706 2564 797 2621 Beate
818 2565 911 2621 blarim

112 2651 202 2715 duret,
219 2657 247 2703 et
261 2648 288 2701 iu
305 2647 432 2703 omnibus
447 2649 558 2720 synodis
571 2658 597 2703 et
611 2650 736 2705 conciliis
751 2653 911 2721 peremnia

113 2757 139 2802 et
158 2762 206 2816 pro
236 2748 296 2815 ipsa
317 2745 425 2800 decima
448 2745 538 2815 ipsum
566 2747 738 2818 capellanum
753 2758 911 2806 excusatum

113 2836 232 2890 haberet.
249 2834 438 2889 I’rmriecessor
451 2834 554 2890 etenim
574 2852 651 2890 meus
667 2836 746 2892 bonae
775 2839 912 2895 memoriae

114 2923 442 2993 bertholdusepiscopus,
467 2923 676 2980 admemoriam
700 2926 821 2996 pristinae
844 2928 911 2982 sub·

997 604 1109 677 Signum
1124 602 1241 676 ,bibonis
1255 601 1387 674 episcopi.

997 692 1074 766 Sign.
1090 693 1206 747 alberici
1220 693 1287 747 abb.
1307 691 1402 747 Sancti
1419 692 1561 749 hiausueti.

997 790 1076 862 Sign.
1097 789 1224 845 ilieirnrdi
1241 790 1308 844 abb.
1328 789 1418 845 Sancti
1432 790 1507 862 Apri.

996 879 1073 952 Siga.
1091 879 1214 951 lingonis
1229 878 1388 949 primicerii.

997 969 1073 1039 Siga.
1090 968 1195 1039 iiiquini
1206 968 1402 1023 archidiaconi.

997 1056 1075 1128 Siga.
1092 1055 1221 1126 Stephani
1235 1056 1435 1112 archidiaconi.

996 1154 1075 1227 Sign.
1096 1154 1217 1209 Dodonis
1231 1155 1338 1211 decani.

997 1244 1078 1317 Sign.
1097 1243 1261 1298 Theoderici
1275 1241 1459 1299 archidiaconi
1473 1246 1501 1297 et
1515 1242 1687 1300 cancellarii.

997 1332 1074 1405 Sign.
1103 1332 1171 1386 ibini
1189 1331 1315 1387 scabinii.

997 1431 1076 1504 Sign.
1096 1430 1259 1487 Theoderici
1271 1431 1391 1487 comitis.

997 1521 1074 1592 Sign.
1091 1520 1219 1576 ilaiuardi
1236 1520 1354 1577 comitis.

997 1610 1074 1680 Siga.
1091 1610 1190 1665 Wirici
1205 1609 1239 1665 dc
1250 1610 1369 1664 Beirain.

1000 1698 1079 1770 Siga.
1099 1698 1201 1754 Wirici
1215 1699 1250 1753 de
1264 1699 1406 1753 Danahre.

998 1788 1075 1860 Sign.
1091 1787 1218 1842 Walteril
1232 1794 1259 1842 et
1272 1786 1378 1842 Amulli
1393 1785 1521 1842 fratrum.

998 1886 1068 1940 Acta
1083 1892 1147 1939 suut
1165 1885 1223 1940 baec
1237 1885 1305 1939 Tulli
1320 1886 1347 1938 iu
1365 1885 1465 1956 majori
1488 1883 1620 1950 ecclesia,
1640 1900 1716 1940 auno
1728 1884 1764 1940 ab

963 1974 1153 2029 incarnatione
1170 1977 1238 2028 ibit
1260 1973 1343 2029 indic.
1359 1989 1413 2039 xiv,
1430 1971 1615 2028 ordinationis
1631 1990 1699 2028 vero
1712 1989 1765 2027 uo-

963 2070 1066 2127 atrax,
1083 2063 1235 2132 imperante
1250 2061 1368 2117 ilenrico
1383 2063 1431 2129 iii,
1447 2069 1579 2134 regnante
1595 2078 1645 2133 per
1666 2064 1765 2118 saecuia

962 2151 1078 2206 Domino
1094 2151 1158 2205 Jesu
1173 2151 1279 2206 Christo
1292 2151 1417 2207 feliciter.
1435 2152 1537 2207 Anien.

1336 2294 1386 2350 IV.

1085 2417 1187 2473 Charta
1198 2432 1247 2489 pro
1262 2417 1381 2472 ecclesio
1398 2416 1500 2473 Sancti
1514 2415 1645 2474 ilcodcti.

1154 2544 1240 2616 [cett.
1257 2544 1361 2600 Christ.
1377 2544 1453 2610 ΧΙΙΙ,
1470 2546 1517 2599 Pr.
1531 2541 1609 2616 ital

999 2685 1030 2739 lu
1046 2685 1157 2740 nomino
1173 2695 1274 2742 sauctae
1289 2694 1315 2742 et
1330 2685 1479 2741 individua
1493 2683 1642 2753 Trinitatis,
1664 2683 1764 2749 Patris,

963 2780 989 2828 ct
1003 2772 1071 2839 Filii,
1101 2781 1128 2828 et
1152 2774 1268 2844 Spiritus
1297 2775 1532 2841 sanctii'1n0,Dei
1548 2773 1647 2847 gratia,
1664 2780 1766 2829 sanctae

965 2861 1099 2916 Tutiensis
1115 2864 1241 2918 ecciesiae
1262 2864 1417 2934 episcopus,
1444 2862 1585 2918 universis
1609 2863 1637 2917 in
1657 2862 1767 2918 Christo

965 2951 1068 3005 renatis
1082 2950 1183 3006 Christi
1198 2967 1293 3021 pacem
1309 2961 1335 3007 ot
1351 2968 1481 3025 reguum.

112 3012 237 3083 iectionis
265 3011 333 3065 diras
367 3011 517 3066 oblationes
557 3013 591 3067 ad
621 3014 950 3111 Domuum-hiartinumc
1002 3040 1312 3111 „nunsummpwiae’
1329 3039 1547 3112 quiinffliomm
1564 3038 1615 3096 Dei
1632 3039 1766 3096 cordibus

115 3125 224 3182 quoquo
252 3125 323 3163 auno
352 3108 478 3164 terendos
506 3111 631 3179 instituit,
661 3122 687 3167 et
717 3115 782 3186 quia
811 3116 850 3170 illi
877 3117 912 3171 dc

118 3198 258 3255 asmantia
278 3198 339 3251 duri
367 3202 395 3252 et
417 3198 523 3253 seroces
551 3216 660 3271 semper
681 3204 850 3272 exstiterant,
875 3208 913 3265 ita

116 3296 146 3343 ut
160 3286 369 3343 archidiaconus
398 3286 439 3340 vei
450 3285 570 3341 decanus
584 3288 685 3360 aliquis
699 3292 830 3362 oppidum
863 3314 912 3352 eo-

115 3392 176 3430 rum
192 3383 245 3428 tarn
260 3389 344 3428 causa
360 3373 469 3428 minime
484 3376 597 3430 auderet
621 3378 737 3443 intrare,
764 3383 815 3437 hoc
839 3384 912 3443 simi·

114 3463 257 3519 iiterhlern
273 3462 418 3533 episcopus
432 3464 578 3533 constituit,
596 3474 624 3519 ut
639 3467 673 3520 ad
689 3468 912 3528 Domuum-iliar-

114 3561 198 3616 tiuunr
214 3561 247 3615 ad
267 3560 400 3631 synodum
423 3569 589 3616 vocarentur
613 3570 639 3617 et
665 3564 748 3620 irent.
782 3569 912 3628 Praeterea

115 3649 276 3704 muneribus
291 3656 318 3702 et
328 3648 455 3718 precihus
469 3648 554 3718 ipsius
577 3652 739 3710 Theoderici
760 3656 837 3712 ducis
867 3660 911 3716 in-

115 3744 272 3818 terpeilatus
286 3745 367 3800 laude
383 3753 411 3799 et
429 3762 544 3801 assensu
559 3749 717 3822 berengarii
739 3753 813 3810 iilius
828 3760 910 3814 castri

114 3834 307 3900 archidiaconi,
323 3841 350 3889 el.
374 3834 552 3891 concessione
565 3838 607 3892 sui
635 3841 757 3910 capituli,
775 3843 802 3897 in
831 3846 909 3916 plena

114 3933 376 4009 synodoconstitnit‚
394 3933 458 3988 etin
472 3943 609 4005 posterum
630 3941 775 3996 tenendum
805 3947 909 4001 censirit

967 3128 1114 3199 plurimum
1130 3139 1259 3184 exastuat
1281 3130 1315 3185 de
1342 3129 1483 3200 presentis
1497 3129 1630 3185 Ecclesia
1656 3144 1724 3185 cure
1740 3135 1766 3183 el

966 3218 1203 3274 administratione
1219 3218 1512 3291 vigilanterdeliherat,
1523 3227 1655 3289 tantoque
1670 3226 1768 3290 poten·

967 3306 1020 3361 tius
1034 3322 1094 3361 eam
1116 3308 1188 3363 lovel
1206 3316 1231 3362 et
1248 3306 1437 3378 amplectitur,
1461 3322 1514 3378 quo
1544 3306 1676 3377 agnoscit
1704 3306 1767 3378 quia

967 3411 1000 3450 eo
1016 3396 1087 3466 quod
1104 3397 1234 3466 suspirat,
1250 3412 1304 3451 non
1320 3396 1374 3451 alio
1384 3396 1456 3451 modi
1468 3395 1573 3451 ieiicius
1589 3394 1764 3465 pervenitur:

966 3500 993 3547 et
1008 3508 1059 3548 uos
1074 3509 1142 3565 ergo
1155 3509 1204 3563 pro
1228 3494 1333 3549 ratione
1355 3494 1441 3548 nostri
1465 3492 1535 3548 offici
1550 3493 1579 3547 iu
1594 3493 1629 3547 iis
1655 3508 1718 3564 quae
1732 3490 1767 3546 sd

965 3596 1016 3634 nos
1035 3581 1171 3651 pertinent
1192 3590 1359 3654 satagentes
1382 3582 1506 3638 ecclesiae
1533 3597 1645 3653 quoque.
1674 3581 1768 3637 Sancti

968 3670 1093 3735 Dendati,
1109 3684 1170 3740 quae
1182 3671 1208 3723 iu
1224 3671 1336 3725 tuitione
1351 3678 1445 3725 nostra
1464 3668 1582 3724 similem
1600 3684 1697 3725 curam
1712 3669 1766 3723 im·

963 3766 1118 3836 pendimus,
1136 3767 1377 3838 ecclesiamquede
1402 3767 1430 3821 S.
1440 3766 1557 3838 Remigii
1570 3775 1676 3833 monte,
1686 3781 1766 3837 quant

963 3852 1019 3907 dus
1034 3852 1219 3907 Theodericus
1234 3852 1280 3906 diu
1296 3851 1510 3922 perinvasiones
1521 3850 1688 3915 obtinuerat,
1699 3858 1767 3905 tera·

963 3956 1027 4010 pore
1043 3941 1196 3997 ileimbaldi
1214 3941 1335 4011 praelatae
1345 3939 1628 4011 ecclesimprmpositi,
1639 3938 1766 4011 synodali

114 4032 143 4081 ut
153 4023 252 4079 nuliam
269 4022 475 4090 subjectionem,
497 4023 540 4079 vel
565 4025 764 4095 redibitionem,
789 4032 831 4087 vel
859 4051 907 4089 ex·
959 4031 1062 4100 judicio
1078 4039 1101 4085 et
1118 4031 1268 4086 canonicali
1283 4031 1454 4092 auctoritate,
1472 4030 1557 4101 ipsius
1573 4044 1685 4101 quoque
1699 4044 1767 4100 prae

113 4114 247 4170 actionem
262 4111 381 4183 aliquam
396 4111 511 4168 ecclesia
540 4115 771 4172 Domini-itartini
799 4122 834 4176 ab
863 4139 908 4179 ec·
960 4119 1043 4190 positi
1057 4120 1141 4191 legali
1161 4121 1389 4190 comprobatione
1405 4129 1596 4189 recuperatam
1608 4117 1765 4189 praebendae

112 4214 196 4269 alesia
219 4213 309 4267 Beatm
328 4211 428 4278 ttariae,
452 4213 496 4266 voi
511 4229 525 4266 a
541 4215 712 4284 parochianis
727 4218 785 4285 ejus
809 4222 905 4291 expui.
959 4206 1072 4262 lratrum
1087 4209 1115 4261 in
1131 4216 1289 4278 perpetuum
1305 4207 1512 4264 concessimus:
1528 4206 1591 4279 quia
1607 4222 1676 4264 vero
1692 4205 1766 4276 ejus.

112 4299 508 4369 reretvelheheretamplius.
540 4302 774 4372 lgiturcomitissa
803 4308 906 4379 Sophia
959 4296 1765 4368 defflesscltssiaestileteiliSCOittts³1¹1&thficitusslloe

93 4380 257 4444 ‘ecclesium
280 4388 369 4441 Beata
396 4389 497 4450 ittarta,
514 4390 633 4454 anobis,
664 4399 692 4446 ut
718 4395 947 4466 pr·mdixinrus,[)

112 4476 278 4538 dedicatam,
295 4489 378 4544 quam
393 4475 452 4544 ipsa
468 4492 567 4532 novam
582 4479 616 4532 de
643 4480 730 4534 veteri
747 4484 901 4542 reddiderat

113 4571 180 4627 satis
203 4570 325 4641 plenarie
340 4570 469 4641 diligens,
497 4562 566 4627 duos
581 4590 691 4631 mansos
706 4577 772 4633 inibi
787 4597 801 4635 a
821 4550 913 4653 priscd

112 4680 235 4740 tempore
249 4668 328 4723 datos
343 4684 393 4738 pro
408 4670 582 4742 eleemosyna
605 4676 634 4726 ut
645 4674 761 4731 eeclesia
788 4682 912 4749 posside·

111 4767 164 4823 ret,
180 4757 297 4813 libenter
311 4757 457 4827 concessit,
473 4760 542 4814 etin
557 4772 704 4833 augmento
730 4765 911 4841 eleemosyna

114 4850 178 4904 item
193 4846 262 4901 alios
285 4847 354 4901 duos
383 4863 502 4915 mansos,
529 4865 589 4904 erim
613 4851 719 4908 duabus
741 4857 855 4923 aucillis,
885 4868 915 4916 ct

113 4951 169 4992 uno
184 4950 272 5002 servo,
288 4951 321 4990 eo
336 4944 431 4992 tenore
453 4954 507 5009 qtvo
526 4937 584 5009 ipsa
611 4942 723 4996 tenebat
746 4943 826 5000 laute
854 4945 911 5025 iiiiii

114 5032 156 5089 sui
170 5030 278 5086 consitis
297 5032 467 5103 Theoderici,
486 5034 561 5088 dedit
580 5036 614 5089 ad
633 5038 721 5092 altare
746 5040 837 5097 heatae
851 5044 910 5098 ilia-

113 5120 176 5181 rim;
188 5117 261 5172 dedit
276 5126 303 5173 et
315 5135 412 5176 omnes
427 5123 548 5178 decimas
570 5140 685 5196 grossas
702 5136 728 5182 et
744 5130 861 5186 minutos
876 5132 911 5189 de

115 5213 206 5264 castro
221 5212 247 5257 et
261 5206 372 5276 oppido.
389 5208 491 5264 scilicet
503 5210 673 5268 deomnihus
684 5214 909 5288 dominareturis,

115 5293 149 5347 de
164 5289 329 5357 censalibus,
350 5294 385 5348 de
412 5297 572 5368 arigalibus,
597 5300 631 5356 de
647 5305 823 5375 styrpalibus.
852 5309 910 5366 Nos

113 5389 388 5460 itaqueprohonore
412 5392 460 5447 Dei
489 5394 636 5452 Genitricis
667 5402 756 5458 hieriae
785 5403 837 5461 tale
858 5407 909 5463 do-

113 5494 178 5535 uum
194 5475 338 5531 laudamus
350 5482 377 5532 et
392 5480 595 5547 confirmamus,
612 5485 765 5544 libertatem
776 5501 801 5547 et
817 5495 909 5552 eccle-

116 5576 164 5632 siae
180 5575 206 5628 in
221 5575 368 5645 presentia
381 5584 474 5631 nostra
485 5580 639 5638 testimonio
658 5585 802 5644 nnritorum
829 5594 910 5648 noisi-

114 5665 181 5722 lium
197 5672 223 5721 ot
240 5662 401 5736 ignobilium
433 5666 602 5739 recognitam
623 5679 650 5727 et
666 5671 799 5733 laudatam
827 5697 909 5739 reco-

963 4385 1087 4441 ecclesiao
1102 4386 1127 4439 in
1141 4386 1301 4442 memoriam
1317 4387 1369 4442 mei
1380 4386 1473 4441 obitus
1483 4400 1533 4441 oer
1542 4385 1669 4456 singulos
1678 4398 1765 4440 anuos

967 4474 1153 4545 eodemy'ure,
1179 4476 1331 4546 eademque
1361 4475 1517 4546 integritate
1545 4488 1601 4544 qua
1628 4474 1764 4529 tenuimus

967 4562 1096 4616 iratribus
1111 4563 1148 4617 ihi
1163 4564 1342 4619 servientibus
1363 4572 1492 4634 perpetuo
1512 4562 1661 4618 tenendum
1676 4562 1764 4617 tradi·

966 4667 1146 4706 muszvemm
1163 4653 1225 4724 quia
1249 4652 1368 4708 charitati
1398 4652 1518 4707 invident
1545 4651 1687 4707 charitatis
1713 4650 1764 4705 ini·

966 4740 1039 4805 miei,
1056 4741 1188 4812 bonisque
1212 4741 1340 4796 institutis
1368 4758 1432 4811 pers
1461 4741 1575 4796 adversa
1604 4739 1763 4806 reluctatur,

965 4829 1147 4896 decernimus,
1160 4838 1187 4884 ut
1201 4829 1327 4900 quisquis
1355 4830 1407 4886 hoc
1433 4830 1570 4885 decretum
1598 4828 1764 4895 turbaverit,

965 4925 1059 4972 nostro
1086 4920 1257 4974 anathemate
1290 4934 1447 4988 percussus,
1472 4918 1541 4972 iram
1570 4917 1638 4986 iusti
1668 4915 1765 4986 judieii

965 5013 1078 5069 sentiet.
1100 5016 1263 5071 Praesentem
1279 5015 1369 5087 itaque
1384 5014 1595 5084 descriptionem
1610 5021 1703 5068 nostra
1718 5027 1766 5068 au·

964 5103 1090 5158 ctoritate
1117 5103 1323 5173 coniirmumus,
1352 5105 1507 5159 testimonio
1534 5102 1617 5158 etium
1645 5100 1764 5157 lideiiurn

964 5207 1121 5256 nostrorum
1134 5201 1256 5256 roborari
1265 5201 1436 5257 censuimus.
1452 5200 1566 5273 Signum
1584 5198 1696 5255 l’ibonis
1709 5208 1766 5269 epi.

964 5297 1049 5366 scopi,
1068 5298 1098 5352 S.
1116 5299 1224 5353 Ricuini
1251 5298 1411 5369 primicerii,
1428 5299 1457 5356 S.
1486 5295 1641 5353 helmbaldi
1669 5294 1766 5353 arohi-

963 5393 1081 5459 diacoui,
1098 5403 1124 5452 ct
1135 5396 1162 5451 S.
1180 5396 1293 5452 Deodati
1308 5397 1456 5468 prmpositi,
1476 5394 1504 5451 S.
1520 5394 1652 5466 Stephani
1669 5392 1765 5450 archi·

963 5490 1081 5555 diaconi,
1098 5494 1125 5547 S.
1139 5494 1261 5566 liugonrs
1275 5493 1468 5559 archidiaconi,
1489 5492 1518 5550 S.
1541 5492 1667 5549 Gotberti
1695 5506 1767 5547 can·

963 5588 1040 5655 toris,
1058 5592 1085 5643 S.
1103 5591 1249 5646 alberonis
1276 5591 1403 5658 cantoris,
1424 5592 1452 5646 S.
1481 5590 1624 5646 Thromari
1642 5588 1765 5657 abbatis,

963 5684 993 5740 S.
1009 5687 1152 5761 iliensueti,
1169 5689 1197 5746 S.
1214 5689 1331 5748 Widrici
1344 5689 1461 5761 abbatis,
1477 5688 1507 5748 S.
1519 5687 1598 5763 Apri,
1615 5686 1766 5761 Ssilerlrici
