3780 6038
115 245 169 302 dl'l
681 236 853 299 Weuhtittt
869 236 1014 296 tuentis
1032 239 1061 297 S.
1087 238 1196 297 euasit
1718 246 1769 301 8l8

119 369 182 424 dum
197 383 257 424 euru
271 367 355 423 fames
382 365 485 434 atllixit,
510 364 557 422 sed
584 382 645 421 eum
676 365 782 419 Pharao
809 363 1158 424 crudeliAFiuitoautem
1175 366 1267 421 inuncti
1285 366 1484 437 tardiloquum
1509 386 1608 427 uxores
1630 380 1659 427 et
1688 372 1768 441 filios,

56 520 58 525 ¹
116 464 362 522 ggnrjquqiadqixn,
377 463 429 533 Qui
450 480 511 520 cum
535 464 570 520 aq
592 463 738 519 Dominum
766 463 914 516 clamarem
967 451 993 506 id
1008 461 1046 507 cst
1065 470 1178 525 corpora
1192 463 1219 509 et
1232 470 1315 526 opera
1328 455 1468 528 recipiunt,
1480 467 1543 516 tuno
1552 476 1649 516 verum
1661 461 1769 517 alleluia

116 555 226 627 Hogsen
240 553 279 610 eis
293 552 374 622 misit,
391 553 436 624 qui
452 552 542 608 multis
554 552 641 625 plagis
669 558 695 607 et
721 551 805 624 signis
827 552 914 623 AEgy-
964 541 1141 611 jubilabunt,
1172 544 1235 613 quia
1267 560 1328 600 euin
1360 562 1472 618 corporo
1504 556 1531 605 et
1562 550 1658 606 anima
1689 551 1770 608 simtu

116 651 193 714 ptum
209 642 349 713 percussit,
363 642 493 713 poputum
504 642 553 696 Dei
568 657 618 711 per
632 656 706 696 mare
735 638 855 694 Rubrum
884 640 913 694 in
967 630 1120 700 itt-‘renuiter
1134 631 1259 705 ingloria
1274 635 1457 690 exsultabunt.

117 747 216 797 terram
230 740 357 797 fluentem
372 740 415 796 lac
427 747 455 796 et
468 740 522 795 mel
536 738 672 811 perduxit.
699 739 750 794 Per
769 739 914 810 AEgyptum

118 828 290 886 hismundus
303 827 479 900 significatur,
495 829 522 883 in
538 844 591 898 quo
614 843 700 901 genus
722 828 869 881 humanum
897 840 914 880 a

118 918 235 992 paradisi
248 919 336 989 patria
349 918 545 991 peregrinatur,
560 926 617 973 eta
635 915 744 972 diabolo
766 915 842 988 gravi
866 930 914 986 op

119 1016 256 1088 pressione
271 1015 440 1088 subjugatur.
456 1015 505 1071 Cui
527 1013 563 1071 ad
581 1014 667 1070 Deum
691 1029 740 1083 per
759 1012 847 1082 justos
870 1028 915 1066 vo·

119 1105 253 1173 oileranti,
282 1104 401 1160 Christus
427 1103 462 1158 ad
502 1102 671 1158 liberandum
708 1102 829 1168 mittitur,
865 1117 915 1170 per

1311 827 1425 870 nituere.

1003 978 1072 1051 Quia
1095 982 1186 1053 hodie,
1211 983 1371 1054 charissimi,
1399 984 1533 1042 caudeam
1561 985 1659 1045 letitiae
1687 987 1769 1060 depo·

967 1071 1078 1136 suimus,
1095 1079 1122 1126 et
1136 1072 1271 1128 cauticum
1288 1073 1398 1129 tristitiae
1412 1074 1586 1146 sumpsimus,
1602 1077 1669 1134 volo
1693 1077 1771 1134 robis

120 1210 201 1266 quem
215 1192 332 1249 mundus
350 1192 441 1248 mulus
460 1192 596 1247 miraculis
615 1191 774 1259 conemur,
798 1190 914 1261 populus
967 1158 1001 1214 de
1015 1159 1091 1214 libris
1102 1161 1245 1232 gentilium
1261 1161 1379 1217 breviter
1392 1162 1504 1218 recitare
1532 1164 1653 1234 qualiter
1682 1165 1771 1222 melo-

118 1305 256 1364 mmm
268 1286 912 1360 Rubrum,imperbapfismum’adpaffiam
968 1246 1041 1303 diam
1064 1249 1272 1305 cleleetationum
1301 1251 1393 1306 mundi
1421 1251 1542 1307 debeatis
1568 1252 1720 1320 declinare,
1743 1262 1772 1308 ut

119 1378 237 1452 paradisi
250 1377 394 1445 reducitur,
410 1376 456 1432 nbi
470 1379 524 1432 met
541 1385 567 1433 et
594 1376 636 1432 lac
662 1375 789 1444 exundat,
819 1375 846 1430 id
874 1382 914 1430 est
967 1345 1074 1444 P⁰SJ¹¹¹⁵
1089 1345 1162 1416 ΡΓῙΠ8
1184 1363 1245 1402 ‘⁰¹¹¹
1273 1347 1378 1420 ¹⁰g⁹¹¹⁸
1405 1348 1512 1404 ¹¹⁰¹oem
1540 1351 1769 1451 hufflosstamtttt

118 1466 254 1525 affluenti,
267 1467 389 1522 omnium
403 1466 537 1522 bonorum
552 1465 695 1521 exubemg·
967 1433 1043 1488 omlis
1070 1450 1206 1491 resonare.
1236 1435 1379 1492 Geminam
1408 1454 1525 1508 namque
1552 1454 1580 1492 m
1606 1455 1689 1496 coeno
1727 1457 1769 1494 ur·

967 1531 1075 1578 ventam
1091 1522 1170 1580 debet
1186 1525 1299 1595 quilibet
1312 1525 1347 1582 de
1361 1525 1416 1581 luto
1433 1526 1536 1595 tollere,
1552 1535 1580 1584 et
1607 1528 1636 1584 in
1666 1528 1770 1602 regium

155 1610 219 1665 Haeo
232 1607 413 1680 peregrinatio
428 1606 602 1662 nihilominus
616 1623 664 1679 per
678 1605 802 1662 eumdem
823 1621 911 1678 popu·
967 1619 1155 1667 ornamentum
1171 1629 1279 1684 ponere.
1296 1616 1377 1671 itaet
1392 1614 1478 1683 decet,
1495 1616 1516 1671 si
1542 1631 1559 1672 a
1584 1616 1668 1673 nobis
1689 1618 1769 1689 quid·

119 1699 175 1757 lum
190 1695 422 1770 praefigurabatur,
438 1695 502 1751 ditm
517 1695 543 1750 in
573 1695 735 1767 Babylonica
758 1696 912 1765 captivitate
926 1720 952 1781 Β
968 1716 1048 1772 quam
1064 1700 1128 1755 utile
1143 1700 1169 1754 in
1186 1701 1261 1756 libris
1274 1703 1417 1774 gentilium
1432 1705 1591 1776 reperiatur,
1624 1706 1660 1761 ad
1688 1706 1771 1763 aedifi·

120 1804 169 1864 per
182 1802 331 1843 urrannos
349 1785 516 1841 morabatur.
543 1784 793 1840 Nabuchodonosor
813 1784 911 1840 etenim
972 1789 1106 1845 cntionem
1123 1790 1251 1846 Ecclesiae
1267 1791 1364 1846 Christi
1391 1809 1498 1862 sponsa>
1527 1802 1659 1851 vertatur.
1673 1795 1769 1852 Saeouli

119 1902 168 1943 rex
181 1883 345 1956 babyloniae,
361 1882 528 1940 Hierusalem
543 1882 680 1949 obsidens,
696 1881 835 1952 destruxit,
861 1897 913 1954 po-
967 1877 1102 1950 sapientes
1116 1877 1235 1934 scribunt
1251 1888 1303 1935 tres
1318 1880 1425 1936 Sirenes
1439 1882 1466 1936 in
1481 1882 1569 1938 insula
1580 1885 1667 1939 maris
1689 1885 1769 1941 saise

119 1975 210 2048 pulum
226 1972 442 2044 inllabyloniarn
458 1971 693 2043 captivumcluxit,
723 1970 767 2041 qui
795 1970 832 2026 ibi
860 1987 914 2025 axx
968 1966 1194 2022 etsuavissimam
1208 1968 1370 2024 cantilenam
1392 1969 1485 2025 divisis
1511 1970 1602 2027 modis
1630 1973 1767 2029 cecinisse.

118 2062 196 2120 annis
216 2061 245 2116 in
273 2060 377 2116 tristitia
405 2058 553 2127 habitabat,
584 2059 718 2115 canticum
745 2059 914 2115 taetitiaenon
969 2064 1026 2120 Una
1041 2065 1140 2136 quippe
1153 2081 1229 2134 voce,
1246 2066 1329 2122 altera
1345 2067 1420 2136 tibia,
1446 2070 1522 2125 tertia
1550 2071 1608 2142 lyra
1638 2072 1763 2127 canebat.

118 2160 273 2227 resonabat,
288 2174 391 2232 organa
407 2158 441 2215 ad
455 2157 550 2214 salices
564 2158 711 2230 suspendit,
726 2158 803 2228 juxta
817 2158 914 2212 sedens
967 2152 1015 2208 live
1031 2153 1167 2208 habebunt
1181 2154 1265 2209 facies
1279 2156 1432 2225 mulierum,
1448 2157 1505 2212 alas
1532 2167 1561 2214 et
1587 2177 1697 2232 ungues
1724 2177 1768 2217 ro-

117 2250 201 2307 flevit.
218 2248 312 2305 Finitis
326 2264 380 2304 cxx
394 2247 480 2314 annis,
496 2246 530 2304 ad
545 2247 710 2303 Hierusalem
726 2253 838 2315 remeat,
859 2247 912 2302 Pa·
968 2241 1080 2296 lucmnr.
1097 2240 1198 2297 Omnes
1213 2260 1296 2298 naves
1323 2252 1516 2314 pretereuntes
1543 2248 1680 2305 suavitate
1708 2264 1767 2304 can·

118 2339 184 2395 seha
197 2353 259 2394 cum
274 2334 374 2409 gaudio
396 2334 525 2403 celebrat,
554 2342 647 2407 postea
674 2351 734 2390 eum
763 2350 861 2390 uxores
888 2343 914 2391 et
967 2338 1009 2384 tus
1022 2329 1160 2399 sistebant,
1176 2339 1271 2387 nautas
1298 2348 1396 2390 somno
1425 2350 1569 2405 oppressos
1600 2336 1766 2404 lacerabant,

116 2434 166 2492 filii
179 2440 319 2501 venerunt,
335 2431 435 2504 duplex
444 2431 573 2504 gaudium
588 2433 747 2488 habuerunt.
763 2433 827 2488 llaec
849 2449 912 2488 orn·
966 2436 1050 2474 nates
1064 2419 1121 2474 ⁵³¹0
1137 2419 1345 2493 ¹¹¹¹ffl⁰¹llebffl¹¹
1376 2423 1497 2494 Cumque
1523 2423 1637 2495 quidem
1662 2427 1768 2498 Ullffi

116 2523 172 2593 uie,
200 2520 359 2591 charissimi,
388 2519 422 2576 acl
449 2529 609 2592 praesentem
636 2521 708 2577 diem
744 2522 910 2594 respiciunt:
966 2524 1074 2563 necesse
1103 2509 1215 2564 ¹¹³¹l⁰¹⁰¹
1242 2509 1279 2565 ¹¹³¹
1307 2513 1546 2585 Plaelel'sssslltlffl’et
1567 2514 1652 2584 iussi!
1679 2532 1709 2572 ⁵0
1735 2515 1768 2572 ⁸¹¹

116 2611 383 2670 momnjanosqm
404 2618 525 2682 tempora
548 2610 787 2683 praesjgnavemng
814 2611 911 2666 piem.
966 2597 1267 2670 malumnavisligare,
1283 2599 1363 2655 sociis
1391 2609 1480 2656 autem
1509 2619 1571 2659 oum
1601 2621 1668 2661 cera
1693 2621 1768 2660 aures

115 2710 198 2769 salem
214 2716 255 2766 est
269 2708 418 2782 paradisus,
436 2707 686 2764 Nabuchodonosor
710 2715 749 2763 est
777 2706 911 2772 diabolus,
966 2684 1108 2785 ⁰¹¹¹¹¹¹¹02
1125 2693 1151 2740 ¹³¹
1178 2686 1390 2788 ⁵¹⁰W¹⁰¹¹¹¹¹m
1417 2689 1516 2746 illaesus
1543 2693 1642 2764 evasii,
1671 2701 1700 2750 0²
1725 2711 1769 2750 0⁸⁵

114 2799 262 2870 babylonia
278 2805 318 2854 est
330 2797 374 2853 hic
388 2797 512 2852 mundus.
523 2796 911 2868 Nabuchodonosorpopulum
966 2773 1089 2873 ¹¹¹¹¹¹¹¹¹¹⁸
1102 2774 1333 2876 ⁵¹¹¹¹¹¹¹¹⁵¹¹g¹¹ae⁰
1353 2786 1423 2845 ⁵¹¹¹¹¹v
1451 2779 1614 2849 ⁰¹¹³¹¹⁸⁸¹¹¹¹¹2
1645 2782 1767 2855 ml'ssfisslr

112 2887 331 2960 inBabonniam
346 2886 480 2958 captivum
504 2886 590 2956 duxi„
621 2893 647 2942 e,
674 2885 798 2941 diabolus
825 2902 912 2958 genus
966 2879 1090 2932 quamvis
1115 2879 1166 2934 per
1192 2880 1317 2921 rnrnueos
1342 2868 1440 2923 Christi
1467 2870 1577 2940 scripta.
1611 2871 1663 2926 Per
1694 2888 1767 2928 mare

113 2984 261 3041 humanum
276 2985 303 3039 in
317 2982 533 3040 humandum
547 2982 663 3052 seduxit,
688 2983 734 3038 ubi
757 2998 859 3056 omn,
882 2983 910 3037 jn
966 2959 1035 3015 istud
1046 2960 1174 3017 secutus
1189 2961 1357 3036 intelligitur,
1387 2964 1459 3036 quod
1486 2967 1624 3024 continuis
1652 2969 1766 3026 tribula-

111 3073 210 3130 „qjoeg
222 3072 370 3145 suspengjg
387 3079 413 3128 οι
439 3071 535 3128 sedens
562 3070 687 3143 lammis
712 3072 779 3127 quiq,
810 3072 912 3128 Salices
925 3071 951 3136 C
966 3049 1067 3104 tionum
1084 3051 1208 3120 procellis
1222 3051 1347 3108 volvitur.
1364 3053 1454 3109 insula
1468 3063 1507 3111 est
1518 3056 1613 3112 nrundi
1624 3059 1764 3130 gaudium,

114 3161 281 3219 facilem
309 3161 470 3230 coalescent,
501 3160 579 3216 saepe
611 3161 702 3218 incisae
728 3161 905 3217 mmmm·
965 3137 1037 3208 quod
1066 3138 1167 3194 crebris
1193 3139 1331 3196 doloribus
1366 3141 1543 3215 intercipitur,
1582 3147 1653 3202 sicut
1697 3148 1766 3204 littus

115 3258 217 3316 Salices
229 3267 290 3315 sunt
311 3257 403 3313 mnndi
429 3266 563 3314 amatores
590 3258 635 3328 qui
663 3259 767 3314 radices
795 3275 856 3314 suas
883 3259 910 3314 in

115 3356 221 3404 terrena
245 3347 396 3412 miserunt,
438 3346 534 3418 quibus
575 3347 727 3403 transitoria
763 3363 811 3419 pro
848 3356 911 3404 voto

114 3435 234 3493 affluunt.
250 3438 281 3491 ln
296 3436 344 3490 has
354 3434 419 3505 justi
448 3450 550 3507 organa
576 3435 751 3506 suspendunt,
781 3435 843 3507 quia
872 3437 912 3491 his

115 3530 216 3606 gaudia
234 3529 328 3586 mundi
342 3530 507 3599 relinquunt.
547 3530 652 3586 Dellent
682 3532 814 3598 sedentes,
849 3533 912 3602 quia

115 3619 232 3678 humiles
246 3635 339 3677 eorum
354 3618 489 3673 interitum
516 3626 578 3673 sunt
605 3634 665 3674 curn
692 3636 792 3692 magno
819 3620 912 3676 dolore

113 3716 264 3785 gementes.
280 3709 331 3763 Per
342 3722 445 3780 organa
459 3707 540 3763 etiam
556 3708 671 3763 caelestis
698 3708 818 3765 doctrina
843 3710 912 3765 acei-

116 3808 189 3883 pitur
203 3823 263 3881 quae
278 3806 304 3862 in
320 3805 416 3862 salices
438 3805 617 3878 suspenditur,
647 3807 712 3862 dum
740 3809 913 3864 secutaribus

115 3898 237 3956 doctrina
251 3895 378 3969 spiritalis
391 3894 564 3962 subtrahitur,
580 3896 643 3966 quia
666 3896 700 3952 ab
728 3897 766 3952 eis
794 3906 913 3953 contem-

116 3982 197 4045 nitur.
215 3986 265 4042 Per
280 4000 334 4041 axx
348 3999 434 4041 annos
449 3982 546 4055 quibus
569 3985 686 4058 populus
712 3985 738 4040 in
766 3986 913 4058 babylonia

116 4083 296 4160 affligebatur,
311 4090 415 4155 septem
444 4081 529 4139 millia
556 4098 689 4139 annorum
716 4082 912 4156 intelliguntur,

117 4175 214 4250 quibus
228 4189 314 4248 genus
338 4173 485 4228 humanum
509 4171 538 4227 in
561 4172 611 4228 bac
631 4172 689 4228 vita
711 4172 908 4246 peregrinatur.

117 4265 193 4322 Sicut
220 4261 292 4319 euim
321 4266 427 4333 septem
455 4259 549 4334 primis
577 4260 672 4317 diebus
700 4269 756 4317 tota
792 4270 913 4319 ereatura

964 3227 1065 3282 crebris
1080 3227 1159 3281 undis
1184 3227 1329 3301 impetitur.
1359 3231 1424 3286 Tres
1451 3232 1569 3300 Sirenes,
1601 3252 1665 3306 quae
1692 3237 1765 3295 suavi

965 3323 1044 3371 cantu
1059 3316 1218 3388 navigantes
1244 3317 1424 3377 demulcendo
1446 3319 1473 3375 in
1498 3337 1627 3378 somnum
1649 3333 1764 3397 vertunt,

965 3411 1028 3459 sunt
1055 3413 1109 3460 tres
1136 3404 1328 3463 delectationes
1356 3424 1415 3478 qum
1444 3410 1527 3465 eorda
1554 3412 1702 3470 hominum
1733 3415 1764 3470 ad

965 3493 1030 3549 vitia
1046 3493 1180 3563 molliunt,
1196 3502 1223 3550 et
1239 3495 1266 3549 in
1289 3512 1414 3551 somnum
1436 3498 1530 3554 mortis
1557 3499 1673 3558 ducunt.
1702 3503 1765 3574 Qua

965 3582 1083 3638 humana
1097 3598 1165 3639 voce
1178 3591 1276 3651 mutat,
1292 3592 1330 3640 est
1344 3586 1466 3655 avaritia,
1493 3604 1554 3658 quae
1577 3589 1635 3646 suis
1664 3592 1765 3648 audito·

965 3671 1039 3725 ribus
1053 3671 1242 3741 hujuscemodi
1258 3673 1411 3729 modulatur
1424 3676 1559 3732 earmina:
1577 3679 1666 3736 Hulta
1684 3697 1764 3754 opor-

967 3767 1003 3814 tet
1031 3769 1058 3815 te
1086 3776 1264 3834 congregare,
1295 3769 1323 3816 ut
1346 3764 1480 3835 possimus
1508 3765 1613 3822 samam
1652 3771 1765 3826 nominis

967 3849 1004 3904 tui
1018 3848 1118 3920 ubique
1133 3850 1254 3919 dilatare,
1271 3853 1442 3922 sepulchmm
1472 3871 1582 3925 quoque
1604 3859 1717 3915 Domini
1742 3867 1765 3915 et

966 3939 1021 3993 alia
1053 3938 1112 3994 loca
1136 3939 1259 4009 lustrare,
1290 3941 1417 3997 ecclesias
1442 3950 1605 4014 restaurare,
1634 3962 1765 4022 pauperes

966 4027 1255 4100 consanguineostuos
1276 4030 1416 4100 adjuvare.
1444 4032 1502 4088 Tali
1528 4035 1662 4106 pestilera
1691 4047 1764 4095 cantu

967 4116 1100 4172 eoravari
1115 4116 1252 4173 demulcet
1280 4135 1364 4189 usque
1383 4119 1447 4174 dnm
1462 4137 1537 4191 ¹eum
1566 4139 1653 4196 sopor
1680 4126 1765 4199 oppri-

967 4212 1031 4273 met,
1048 4213 1075 4261 et
1089 4213 1151 4261 tuno
1174 4221 1282 4261 carnem
1312 4207 1370 4278 ejus
1397 4208 1519 4279 laearat;
1548 4213 1646 4268 navirn
1674 4214 1763 4272 linctu

967 4293 1088 4361 devorat,
1105 4295 1169 4364 quia
1183 4294 1226 4351 hic
1240 4296 1323 4351 miser
1337 4297 1467 4353 violenter
1488 4298 1631 4358 doloribus
1661 4320 1679 4360 a
1700 4304 1764 4361 ritiis

117 4358 329 4459 disfflsslffltsnllfl
344 4374 393 4457 per
406 4363 509 4458 ⁵⁰P¹0f¹¹
524 4358 609 4458 ¹¹¹¹¹¹¹¹¹
624 4375 755 4460 ¹⁰³⁰¹¹¹¹¹¹
770 4360 814 4459 ¹¹¹⁰,
831 4378 913 4417 ¹¹¹¹·
969 4382 1024 4438 suis
1037 4384 1170 4451 avellitur,
1186 4390 1213 4438 et
1226 4392 1335 4441 aeternae
1348 4385 1465 4443 llammae
1486 4387 1675 4464 immergitur.
1704 4392 1764 4464 Quo

116 4450 168 4507 dus
182 4446 290 4506 extendi
304 4446 430 4546 ereditur.
447 4448 532 4520 lgrtur·
545 4464 567 4502 si
581 4456 683 4520 septem
710 4449 795 4505 mrlha
823 4467 911 4507 anno·
926 4437 953 4498 D
968 4472 1041 4527 gang
1055 4471 1129 4541 qug,
1143 4478 1183 4527 ρει
1194 4473 1333 4542 jactantia,
1349 4490 1409 4544 φη
1423 4475 1478 4530 suis
1501 4477 1559 4533 hm
1587 4480 1695 4549 prosa-1
1709 4498 1764 4539 mn.

116 4555 176 4597 rum
192 4537 219 4592 in
233 4543 386 4610 septuagies
400 4542 527 4591 centenos
541 4551 626 4592 annos
653 4536 785 4607 diviseris,
810 4547 837 4594 et
861 4555 912 4595 an·
967 4560 1042 4616 gea,
1070 4561 1182 4617 juvenis
1210 4578 1239 4616 es
1266 4570 1293 4618 02
1320 4563 1408 4629 nobis,
1438 4563 1521 4621 debes
1550 4574 1577 4622 ω
1607 4572 1762 4640 praegqmm

117 4653 183 4694 num
198 4634 232 4690 de
247 4640 355 4690 centum
370 4632 448 4688 annis
462 4632 538 4703 quasi
553 4632 685 4689 decimam
715 4634 830 4703 defletis.
858 4653 913 4693 m
967 4649 1095 4704 exhibere
1108 4650 1248 4705 universis.
1277 4652 1350 4707 Nulli
1386 4652 1556 4709 inimieorum
1590 4664 1700 4716 tuomm
1723 4659 1762 4715 de·

117 4741 203 4784 aenos
216 4722 340 4780 habebis.
356 4723 438 4778 Porro
453 4722 475 4777 si
491 4720 524 4777 de
543 4723 713 4797 septuaginta
736 4724 813 4779 annis
840 4726 912 4782 diem

114 4831 165 4889 pro
180 4828 251 4870 anno
265 4809 423 4878 decimabis,
439 4825 492 4866 cxx
506 4810 564 4866 dies
583 4812 761 4884 computabis.
791 4814 824 4869 Hi
852 4823 913 4870 sunt

114 4913 158 4972 isti
174 4911 232 4968 dies
246 4909 343 4982 quibus
359 4908 477 4965 Ecclesia
491 4909 543 4965 alia
557 4925 611 4965 non
631 4918 749 4982 resonat,
773 4911 836 4981 quia
858 4926 911 4967 arx

114 5018 200 5061 annos
214 4997 375 5071 captivitatis
389 4997 423 5053 ad
438 4998 597 5053 memoriam
612 5006 731 5067 revocat,
748 4999 793 5069 qui
808 5008 911 5070 septem

114 5091 199 5148 millia
213 5104 347 5144 curtorum
363 5096 461 5143 nostra
480 5088 705 5161 peregrinationis
727 5088 905 5161 praesignant.

113 5187 179 5244 ideo
194 5186 274 5241 etiam
291 5201 361 5240 nune
375 5184 444 5240 liber
458 5184 571 5241 Genesis
586 5186 693 5258 legitur,
711 5185 738 5240 in
753 5203 805 5256 quo
820 5187 910 5257 lapsus

967 4736 1014 4793 bes
1029 4753 1149 4809 parcere,
1161 4737 1209 4793 sed
1223 4754 1318 4794 omnes
1344 4740 1442 4811 quibus
1467 4744 1620 4812 praevalete
1649 4749 1763 4818 potueris

966 4827 1098 4895 occidere,
1128 4835 1190 4883 tunc
1217 4828 1309 4883 dicunt
1336 4832 1362 4884 te
1396 4830 1497 4885 bonum
1540 4848 1600 4890 esse
1642 4837 1760 4894 militem.

965 4915 1016 4971 hlii
1030 4916 1103 4972 canit
1115 4918 1174 4971 haeo
1190 4934 1196 4971 :
1212 4916 1379 4972 Hierusalem
1404 4918 1487 4975 debes
1514 4937 1642 4995 pergere,
1672 4927 1762 4982 multas

965 5005 1149 5075 eleemosynas
1165 5003 1290 5073 tribuere,
1308 5014 1370 5062 tunc
1384 5004 1432 5062 fies
1446 5005 1577 5077 famosus,
1594 5021 1622 5068 et
1650 5014 1687 5071 ab
1710 5030 1762 5071 om·

965 5094 1044 5148 nibus
1058 5094 1154 5149 diceris
1167 5092 1265 5149 bonus.
1280 5094 1424 5151 Conversis
1438 5105 1527 5152 autem
1555 5102 1679 5158 concinit
1704 5103 1740 5159 sic
1754 5121 1760 5158 :

964 5182 1043 5252 Saepe
1058 5182 1141 5238 debes
1152 5183 1288 5253 jejunare,
1303 5200 1375 5255 saepe
1391 5201 1477 5253 orare,
1493 5187 1548 5242 alta
1561 5204 1631 5246 voce
1645 5200 1759 5257 cautam,

115 5275 233 5334 hominis
248 5273 418 5345 deperadiso
433 5273 460 5328 in
476 5277 546 5329 hunc
574 5274 705 5329 mundum
734 5274 904 5332 describitur.
964 5277 1026 5325 tunc
1040 5269 1133 5325 audies
1148 5277 1173 5325 te
1188 5286 1283 5326 omines
1293 5287 1411 5328 coruono
1426 5289 1473 5330 ore
1499 5281 1531 5329 ut
1558 5285 1685 5335 sanctum
1709 5280 1761 5336 lau·

112 5362 186 5422 lstutl
200 5371 304 5435 tempus
318 5362 414 5418 dicitur
427 5362 643 5435 Septuagesima,
659 5364 722 5434 quia
745 5364 779 5419 ab
802 5365 908 5421 hodier·
963 5359 1040 5415 dare.
1059 5358 1154 5414 Talem
1167 5359 1329 5415 cantilenam
1345 5376 1416 5417 vano
1430 5361 1505 5419 cordi
1532 5362 1653 5436 insonat,
1682 5383 1760 5439 usque

113 5480 149 5520 na
162 5461 206 5516 die
222 5476 305 5531 usque
320 5458 349 5512 in
363 5459 509 5513 securmum
538 5461 646 5518 t'aschae
674 5461 823 5518 Sabbatum
848 5470 910 5519 sunt
962 5455 1027 5512 dum
1041 5457 1169 5513 miserum
1185 5476 1201 5515 u
1215 5460 1287 5516 bono
1302 5475 1414 5516 vaccum
1428 5476 1534 5534 vorago
1559 5465 1659 5522 mortis
1684 5467 1760 5524 dero-

111 5552 170 5609 dies
186 5566 249 5616 aas,
266 5547 373 5619 quaudo
398 5545 452 5602 duo
480 5554 619 5604 cantantur
645 5550 761 5607 alleluia.
791 5552 908 5624 Populus
961 5553 1011 5600 rat·
1028 5545 1094 5614 Qua
1110 5548 1194 5603 {nelos
1208 5548 1334 5620 exprimit
1349 5549 1417 5620 lyra,
1432 5557 1460 5605 et
1481 5549 1601 5621 luxuria,
1625 5570 1689 5626 que
1709 5555 1760 5613 eris

110 5642 146 5701 ad
160 5639 328 5696 Hierusalem
343 5650 538 5691 reversuscum
568 5637 670 5709 gaudio
698 5639 821 5709 exsultat,
844 5643 907 5712 quia
959 5644 1123 5713 sequacibus
1139 5645 1202 5701 talia
1226 5647 1348 5718 prceciuit
1366 5647 1574 5705 modulamina:
1598 5650 1759 5723 Arietem

107 5731 232 5791 fidelium
246 5727 345 5789 nuimae
364 5741 434 5782 nunc
460 5724 590 5802 gaudium
619 5726 727 5784 Dornini
752 5728 901 5788 intrabunt.
960 5748 1001 5804 es,
1014 5734 1117 5807 poteris
1132 5751 1192 5792 oum
1208 5735 1372 5808 quibuslibet
1384 5736 1483 5811 puellis
1499 5736 1604 5813 tudere,
1618 5743 1757 5818 pontesia
