3780 6038
109 241 176 295 1153

562 240 851 299 battuttauou'as
871 240 921 296 SS.
947 240 1095 298 Paratur.
1114 273 1150 283 ··
1169 238 1232 297 LlB.
1253 244 1291 297 ll.

1688 248 1754 305 ttat

107 374 199 422 autem
223 363 456 437 appropinquaret
468 373 555 437 portae
568 366 698 431 civitatis,
719 381 783 421 eece
802 363 902 420 delun·
917 368 946 431 Α
999 386 1009 413 ε
1024 364 1059 420 Et
1083 366 1147 421 exiit
1162 366 1204 424 hic
1218 367 1346 423 sermoiu
1361 367 1518 426 universam
1532 368 1657 427 ludaeam
1667 372 1702 427 de
1712 386 1755 446 co,

108 463 152 510 tus
181 453 348 510 efferebatur
380 453 451 509 filius
467 454 563 510 unicus
590 456 686 510 matris
708 469 773 511 sure.
789 454 823 508 Et
846 454 906 510 haec

107 551 188 606 vidua
218 560 276 606 erat
308 568 314 604 :
345 560 369 606 ει
398 551 475 606 turba
512 551 625 610 ciuitatis
660 552 743 605 multa
771 567 832 607 cum
861 549 906 604 illa

107 639 176 709 (luc
191 643 250 709 vu).
271 662 281 683 ι
298 639 379 694 Nalm
394 640 489 696 civitas
501 649 542 696 est
557 639 679 696 Galileae.
692 638 907 709 Deluuctus,qui

106 743 198 785 coram
223 727 314 782 multis
330 738 404 782 extra
420 738 500 800 porta
522 728 641 792 effertur,
663 728 800 800 signifieat
813 726 906 783 crimi-

108 817 207 873 naliter
225 824 387 888 peccantem
416 826 441 873 et
455 820 603 874 multorum
630 818 733 874 notitiae
748 833 797 889 per
823 815 908 872 verba

107 923 134 972 et
153 930 249 987 opera,
270 916 347 985 quasi
375 932 425 987 per
444 916 513 973 ostia
532 932 589 973 suae
608 916 736 983 civitatis,
765 923 907 988 peceatum

105 1004 304 1076 propalantem.
326 1004 379 1074 Qui
402 1004 471 1062 bene
485 1005 584 1062 unicus
598 1005 697 1061 matris
711 1020 766 1061 suaa
781 1003 907 1076 perhibe·

105 1101 160 1161 tur,
178 1092 240 1165 quia
264 1093 328 1150 licet
347 1099 439 1149 mater
454 1093 575 1150 Ecclesia
599 1093 698 1150 multos
712 1094 814 1149 habeat
837 1091 907 1148 lilios

107 1183 195 1238 bonos
209 1189 236 1238 et
250 1181 348 1251 malos,
364 1198 415 1253 pro
437 1198 492 1238 nna
507 1190 597 1239 tamen
613 1198 731 1255 persona
752 1181 816 1238 mali
830 1179 907 1237 acci-

109 1271 231 1343 piuntur,
252 1278 381 1342 quantum
410 1271 445 1326 ad
464 1272 595 1327 malitiam
622 1271 761 1344 pertinet:
779 1269 908 1342 quemad·

960 462 985 509 et
1000 470 1108 509 omnem
1124 454 1198 511 cirea
1214 457 1366 530 regionem,
1389 457 1416 512 id
1432 466 1474 513 est
1487 458 1514 512 in
1529 474 1637 514 omnem
1664 460 1758 534 regio·

960 558 1023 597 nem
1038 542 1113 599 eirca
1124 543 1261 599 Judaearn.
1280 567 1291 593 ι
1308 544 1465 618 allegorice
1476 546 1523 602 luit
1536 549 1758 621 appropinquare

959 637 1051 693 lesum
1077 649 1162 711 portae
1175 640 1305 710 civitatis,
1331 642 1403 714 quod
1434 645 1547 699 verbum
1562 660 1627 701 curo
1655 645 1756 705 lactum

960 728 1090 798 gentilem
1120 730 1249 801 populum
1284 747 1333 802 per
1351 740 1449 802 portus
1468 732 1533 788 frdei
1563 734 1598 790 ad
1617 735 1756 794 coelestem

961 816 1133 874 Hierusalem
1148 819 1265 875 induxit.
1296 820 1369 877 Ecce
1381 821 1510 877 ludoicus
1518 821 1613 891 Junior
1640 825 1758 895 populna

960 905 1075 977 perlidia
1089 906 1234 964 defunctus
1249 908 1371 976 effertur,
1390 911 1519 982 quoniam
1530 920 1618 967 mater
1632 912 1757 970 Ecclesia

960 1003 999 1058 nil
1014 1004 1041 1058 in
1055 1005 1158 1061 mundo
1172 1007 1250 1077 quasi
1266 1009 1408 1078 proprium
1423 1009 1582 1079 possidens,
1598 1010 1691 1065 multis
1704 1026 1757 1083 po·

960 1092 1085 1163 pulorum
1100 1094 1188 1149 turbis
1211 1094 1313 1151 circum
1328 1104 1404 1166 septe
1428 1096 1474 1168 pio
1487 1094 1587 1153 affeetu
1602 1097 1702 1169 plorat,
1731 1107 1760 1157 et

961 1181 997 1236 ad
1010 1181 1090 1237 vitam
1106 1197 1238 1238 rerocsre
1254 1182 1361 1238 laborat
1377 1201 1385 1247 ς
1400 1184 1473 1256 quod
1488 1193 1516 1240 ει
1530 1184 1638 1242 iuterim
1651 1187 1678 1242 iu
1694 1203 1762 1260 pau·

960 1269 1000 1325 eis
1013 1270 1168 1325 ludaeorum
1184 1271 1337 1335 conversis,
1365 1281 1390 1327 ει
1405 1274 1517 1329 taudem
1533 1274 1561 1328 in
1588 1274 1759 1345 plenitudine

110 1369 223 1426 modum
238 1369 322 1424 etiam
337 1368 402 1425 boni
417 1386 469 1425 una
484 1385 605 1441 persona
619 1369 791 1441 accipiuntur
805 1382 907 1423 seeun—
960 1369 1097 1441 impetrat.
1114 1370 1202 1426 Locus
1215 1386 1269 1443 quo
1281 1371 1403 1427 delectur
1418 1388 1517 1444 corpus
1541 1383 1582 1430 est
1598 1377 1758 1446 barnabum,

112 1458 176 1513 dum
189 1457 350 1513 bonitatem.
369 1459 405 1513 Et
419 1458 522 1515 electus
536 1458 659 1530 quilibet,
682 1457 790 1530 quando
806 1455 907 1512 imbui·
960 1458 1107 1530 portitores
1122 1468 1184 1515 sunt
1198 1459 1261 1514 mali
1277 1476 1380 1524 mores,
1397 1461 1442 1530 qui
1457 1461 1492 1516 ad
1506 1471 1622 1518 mortem
1638 1467 1758 1524 trahunt.

110 1554 157 1602 tur
169 1546 204 1601 ad
220 1544 312 1613 srdem,
330 1545 402 1603 lulius
421 1556 471 1613 est,
489 1548 598 1620 quando
612 1547 681 1602 alios
696 1546 792 1601 imbuit
820 1552 908 1601 mater
961 1546 1105 1603 Sedlesus
1119 1547 1238 1604 loculum
1259 1549 1344 1622 tangit
1359 1564 1420 1605 curn
1436 1549 1562 1623 lragilem
1579 1560 1702 1608 naturam
1730 1555 1759 1611 in

110 1642 164 1691 est·
183 1636 261 1691 Unde
277 1635 376 1691 Paulus
391 1653 401 1691 t
418 1660 430 1685 ε
445 1636 533 1692 Filioli
555 1636 620 1701 mei,
638 1651 706 1707 (1⁰⁰⁸
721 1634 817 1691 ilerum
841 1647 907 1704 par·
961 1660 1042 1702 cruce
1053 1646 1146 1719 erigit.
1172 1646 1219 1702 Vel
1235 1647 1355 1719 tangitur
1375 1647 1480 1703 loculus
1495 1650 1594 1706 mortui
1609 1652 1727 1708 hominis
1741 1667 1759 1709 a

107 1724 179 1778 ‘¹¹5⁰
206 1723 279 1794 (Gal
296 1726 350 1794 ¹V)·
369 1723 436 1779 Cum
466 1724 550 1796 igitur
573 1723 637 1780 b0¹¹i
664 1723 1025 1802 u¹¹⁸¹¹i¹1¹l²0l·l²¹¹·BDeo,
1055 1734 1082 1789 id
1097 1743 1139 1790 est
1153 1751 1201 1807 per
1225 1734 1760 1811 lignumorucis,quiaperiitbomoper

107 1811 192 1867 (¹0⁸1st
228 1826 360 1868 revocare
398 1810 494 1878 m³10⁸s
516 1822 540 1868 ⁰¹
573 1811 637 1868 b01li
673 1820 760 1866 mater
792 1817 819 1866 0²
841 1807 907 1865 mli
960 1823 1064 1895 lignum
1097 1823 1223 1894 paradisi,
1260 1824 1405 1880 curritores
1439 1825 1537 1881 monui
1552 1835 1616 1881 sunt
1642 1836 1759 1899 quatuor

106 1908 178 1964 filius
207 1910 304 1965 unicus
318 1918 519 1981 nuncupantur.
536 1911 617 1966 Porta
631 1910 759 1975 civitatis,
788 1910 908 1983 quade·
961 1911 1106 1978 elementa,
1133 1912 1474 1985 quorumintemperantls
1495 1922 1537 1970 εει
1561 1915 1759 1974 irritamentum

107 1997 216 2055 iunctus
231 1996 353 2065 effertur,
369 1998 469 2070 aliquis
484 2008 528 2054 εει
541 1999 576 2054 de
591 2000 718 2055 sensibus
741 2016 795 2072 quo
808 1998 907 2072 aliquis
961 2001 1093 2071 peccandi
1107 2000 1134 2055 in
1151 2001 1274 2058 homine.
1291 2002 1367 2059 Stant
1382 2003 1538 2073 portitores,
1560 2005 1624 2075 quia
1638 2021 1693 2061 non
1707 2021 1759 2063 ra-

107 2087 135 2141 in
151 2095 293 2159 peccatum
314 2087 426 2154 corruit,
457 2088 545 2160 utqui
560 2088 682 2145 ridetad
707 2089 908 2159 concupiscen-
961 2088 1016 2145 lent
1026 2089 1097 2144 sicut
1110 2090 1186 2160 prius
1200 2090 1234 2144 ad
1249 2098 1364 2146 mortem
1380 2091 1503 2148 trahere.
1535 2093 1622 2165 Loqui
1637 2094 1702 2150 teau
1715 2102 1759 2151 εει

108 2176 185 2243 dum,
201 2176 247 2249 qui
262 2191 355 2231 aurem
378 2176 473 2232 otiosis
489 2176 531 2232 vel
541 2177 665 2249 turpibus
680 2177 832 2247 audiendis,
861 2174 907 2250 qni
960 2177 1064 2233 monite
1078 2177 1173 2233 salutis
1188 2177 1340 2245 infundere,
1366 2179 1438 2236 unde
1453 2179 1600 2253 languidus
1626 2182 1661 2238 ad
1676 2183 1758 2240 vitam

107 2275 230 2348 linguam
258 2274 415 2330 commodat
440 2273 543 2347 litigiis,
569 2283 739 2347 caeterosque
778 2274 825 2347 qui
852 2289 907 2329 non
961 2266 1077 2338 erigitur
1099 2267 1311 2335 bonissctibus,
1328 2275 1354 2323 et
1382 2267 1421 2324 sic
1436 2270 1559 2325 redditur
1577 2271 1659 2326 matri
1691 2289 1758 2330 suas.

108 2370 203 2419 serrat
218 2377 326 2431 sensus,
342 2363 437 2418 mortis
452 2362 506 2418 sibi
523 2371 627 2419 reserat
642 2363 742 2419 aditus.
754 2362 850 2420 Omnis
860 2360 908 2434 qui
961 2356 1069 2411 Timent
1087 2371 1195 2421 omnes·
1229 2356 1294 2428 (tuit
1312 2356 1392 2412 unius
1413 2358 1539 2430 exemplo
1570 2359 1649 2416 mulli
1668 2361 1760 2418 corti·

107 2449 404 2507 meminith'cclesiam
431 2450 525 2522 sponsi
553 2451 595 2506 sui
621 2461 709 2508 morte
728 2452 905 2522 redemptam,
960 2452 1070 2518 guntur·

115 2546 250 2614 agnoscat
259 2555 321 2595 eam
331 2555 393 2595 esse
400 2539 521 2596 viduam.
530 2540 621 2610 Hujus
627 2541 752 2596 miraculi
765 2539 841 2595 multi
850 2539 907 2595 lue·

108 2645 171 2693 runt
190 2645 284 2704 testes,
305 2645 335 2693 ut
352 2635 534 2694 multiliereut
548 2637 598 2694 Dei
616 2637 782 2694 laudatores.
797 2637 906 2707 «Quam

106 2740 170 2782 curn
198 2725 315 2782 uidisset
333 2727 478 2794 Dominus,
506 2725 697 2782 misericordia
716 2734 805 2782 motus
824 2741 907 2796 super
997 2727 1139 2799 Scriptura
1159 2727 1252 2785 dicit:
1276 2751 1287 2777 ι
1308 2729 1380 2784 Beati
1406 2729 1505 2785 mortui
1525 2731 1571 2802 qni
1594 2732 1622 2786 iu
1640 2733 1758 2793 Domino

108 2813 197 2884 illam,
217 2814 286 2871 dixit
306 2815 344 2870 illi
365 2833 372 2870 :
393 2815 455 2871 Noli
469 2815 547 2871 llere.
574 2838 585 2862 ι
609 2814 725 2871 Pulchre
739 2813 908 2887 evangelista
960 2816 1112 2873 moriuntur
1125 2818 1220 2888 (Apoo.
1236 2818 1306 2887 ειν).
1329 2818 1386 2872 »ln
1405 2818 1523 2874 Domino
1537 2821 1688 2877 moriuntur
1701 2824 1758 2895 qui,

108 2912 257 2969 Dominum
289 2913 365 2985 prius
383 2912 574 2969 misericordis
608 2922 711 2969 motum
731 2928 793 2968 esse
825 2927 908 2982 super
960 2905 1087 2963 incarne
1098 2906 1207 2979 quidem
1219 2906 1377 2971 merientes,
1389 2906 1416 2961 in
1430 2907 1548 2964 Domino
1557 2916 1648 2965 tamen
1662 2910 1759 2968 vivan·

107 3008 235 3071 matrem,
250 3018 283 3058 ac
294 3002 334 3058 sie
348 3000 434 3057 filium
451 3001 585 3058 suscitare
613 3009 740 3069 testatur,
756 3008 785 3056 ut
799 2999 827 3055 in
854 3014 907 3057 uno
959 3002 1001 3052 tes
1015 2996 1202 3052 inveniuntur.
1216 2993 1286 3065 Quid
1303 2995 1387 3050 estin
1402 2995 1519 3052 Domino
1532 2997 1546 3051 l
1559 2996 1589 3052 ld
1601 3007 1641 3054 εει
1651 2999 1678 3054 in
1693 2999 1758 3066 lide.

108 3089 190 3147 nobis
210 3090 368 3162 exemplum
389 3090 527 3146 imitandae
545 3089 653 3162 pietatis
686 3089 843 3146 ostenderet
860 3088 905 3153 ;in
920 3083 945 3146 C
960 3091 987 3141 et
1005 3100 1055 3157 sps
1073 3093 1100 3141 et
1113 3084 1255 3141 charitate.
1277 3084 1329 3139 Per
1343 3082 1478 3140 istaenim
1494 3084 1591 3141 vivitur
1605 3086 1631 3140 in
1642 3086 1689 3142 illa
1703 3089 1761 3148 rita

106 3180 191 3237 altero
206 3179 288 3236 fidem
303 3180 436 3237 mirandae
449 3179 561 3253 pietatis
576 3186 720 3235 astrueret.
961 3189 1014 3244 qua
1030 3173 1126 3230 vivitur
1153 3172 1180 3228 in
1195 3171 1323 3228 Domino.
1348 3173 1383 3228 Ει
1404 3172 1530 3244 quadam
1552 3174 1607 3230 vita
1630 3192 1681 3247 qua
1697 3192 1760 3233 cor-

961 3278 1013 3335 pus
1024 3262 1088 3319 virit
1104 3278 1140 3318 ex
1154 3262 1253 3327 anima,
1283 3267 1310 3318 et
1325 3269 1366 3317 est
1377 3260 1502 3332 quaedam
1517 3261 1574 3317 rita
1602 3278 1653 3335 qua
1669 3266 1758 3324 anima

1045 2587 1083 2643 De
1097 2587 1293 2655 morientibus,
1310 2591 1338 2644 et
1352 2588 1386 2645 de
1400 2589 1483 2646 exitu
1498 2590 1672 2649 animorum.

144 3324 201 3379 «Et
209 3325 327 3380 accessit
350 3332 377 3381 ει
386 3323 608 3397 titigitloculum.
630 3322 766 3379 Hiautem
781 3322 907 3395 quiper-

108 3412 203 3468 tabant
220 3418 362 3469 steterunt.
381 3436 391 3463 ι
410 3413 527 3470 loculus
552 3413 582 3468 in
593 3429 646 3486 quo
668 3420 792 3468 mortuus
807 3409 907 3467 effere·

108 3502 196 3569 batur,
213 3501 284 3557 male
298 3517 397 3558 secura
412 3503 549 3574 desperati
565 3502 721 3573 peccatoris
740 3499 908 3556 couscientia

108 3590 163 3637 est.
197 3580 250 3649 Qui
270 3597 335 3638 uero
363 3582 554 3653 sepeliendum
574 3589 683 3652 portant
703 3580 746 3635 vel
766 3579 907 3635 immunda

108 3669 244 3726 desideria
260 3678 321 3726 sunt
341 3687 402 3743 quae
434 3671 558 3727 homines
578 3669 688 3740 rapiunt
705 3669 735 3723 in
754 3667 906 3736 interitum,

108 3758 152 3815 vel
168 3769 303 3815 venenata
318 3758 668 3825 lenociniablandientium,
686 3774 747 3830 quae
761 3765 908 3828 peccantes

107 3847 188 3920 quasi
202 3863 307 3921 aggere
324 3846 403 3905 te'rrae
417 3849 549 3904 obruunt.
576 3846 695 3903 Domino
710 3846 829 3903 loculum
844 3853 908 3900 tan·

105 3944 188 4010 gente
220 3938 323 3993 lunaris
355 3937 438 4007 bajuli
472 3944 614 4004 steterunt,
649 3936 714 4008 quia
739 3934 908 3992 conscientia

107 4032 209 4081 attacta
243 4026 388 4082 formidine
422 4024 535 4097 superni
564 4023 661 4095 judicii
693 4024 839 4081 revertitur
872 4023 907 4080 ad

106 4114 239 4186 seipsam,
274 4131 405 4172 coercens
436 4114 563 4172 carnales
580 4114 735 4187 voluptates
751 4121 779 4169 et
792 4113 909 4183 injustos

105 4200 277 4262 laudatores.

145 4369 157 4397 ι
172 4347 208 4402 Ει
222 4347 259 4403 ait
276 4362 283 4402 :
299 4346 477 4414 Adolescens,
497 4344 546 4401 tibi
561 4345 634 4412 dico,
653 4359 750 4416 surge.
782 4343 817 4399 Et
831 4358 908 4400 rese·

961 3351 1028 3408 uirit
1047 3365 1083 3406 ex
1104 3351 1172 3406 Deo.
1190 3351 1269 3406 Nunc
1284 3349 1394 3420 quidem
1413 3348 1477 3416 fide,
1497 3358 1523 3406 et
1538 3367 1588 3423 spe
1602 3355 1631 3407 et
1644 3354 1760 3412 charita·

963 3457 989 3506 te
1006 3457 1124 3520 ;postes
1136 3463 1204 3504 vero
1222 3463 1273 3519 pro
1292 3445 1346 3502 fide
1361 3455 1388 3502 et
1403 3463 1462 3518 spe,
1478 3449 1718 3521 contemplatione,
1729 3469 1758 3511 re

961 3545 1089 3593 manente
1104 3536 1260 3592 dilectione.
1284 3535 1346 3591 Non
1359 3535 1442 3608 igitur
1468 3551 1570 3594 nocere
1584 3545 1674 3609 potest
1695 3541 1758 3598 ani·

962 3644 1027 3697 mae,
1043 3626 1066 3682 si
1080 3641 1181 3697 corpus
1197 3625 1279 3680 vitam
1299 3640 1378 3679 suam
1393 3624 1494 3695 perdit,
1512 3628 1622 3697 quando
1638 3628 1699 3700 ipsa
1713 3629 1759 3685 ri-

961 3725 1014 3773 tam
1040 3733 1127 3782 suam,
1157 3715 1186 3769 in
1201 3712 1265 3780 lrdo,
1293 3722 1319 3768 et
1334 3730 1383 3785 spe
1403 3722 1430 3769 et
1448 3714 1579 3772 charitate
1593 3717 1757 3788 persistens,

961 3823 1017 3862 uon
1033 3805 1142 3861 amittit.
1162 3804 1249 3858 Nemo
1277 3819 1344 3875 ergo
1359 3803 1425 3858 mihi
1452 3804 1526 3859 diost
1542 3819 1549 3858 ε
1566 3803 1618 3873 Qui
1646 3822 1759 3877 parvam

962 3903 1057 3971 iidem,
1082 3910 1108 3959 ει
1127 3917 1204 3972 spem
1218 3916 1334 3972 parram
1354 3909 1381 3956 et
1394 3917 1507 3972 parram
1530 3903 1692 3960 charitatem
1706 3906 1754 3962 ha·

961 3993 1036 4057 bent,
1052 3989 1267 4046 nonsalrantur.
1292 3991 1369 4061 Ergo
1383 4004 1438 4045 non
1462 4005 1608 4046 mensuro.
1627 3992 1759 4050 crescant

962 4089 1092 4155 quantum
1107 4078 1209 4135 volunt.
1237 4077 1344 4146 Quanto
1369 4078 1497 4148 majores,
1513 4086 1586 4135 tanto
1614 4080 1754 4140 meliores.

962 4173 1065 4228 Tamen
1080 4165 1207 4240 aguilles
1222 4167 1408 4224 condemnare
1423 4182 1479 4222 uon
1492 4166 1582 4224 audeo
1611 4173 1765 4242 quantum-⁴

961 4268 1003 4324 ris
1017 4265 1097 4339 parvi
1116 4264 1182 4320 sint.
1207 4264 1249 4320 Ex
1269 4280 1322 4337 quo
1335 4266 1392 4320 nati
1406 4272 1469 4321 sunt
1488 4280 1520 4321 ex
1536 4266 1606 4331 Deo,
1627 4265 1674 4323 lilii
1696 4278 1759 4326 sunt

962 4357 1022 4414 Dei.
1039 4357 1120 4412 Putas
1135 4352 1199 4426 quia
1212 4369 1332 4425 magnos
1344 4352 1415 4409 lilios
1430 4354 1505 4410 Deus
1519 4353 1758 4430 salvabit,etper·

106 4435 145 4492 dit
159 4436 205 4508 qni
220 4445 278 4492 erat
293 4444 432 4501 mortuus,
449 4442 476 4490 et
489 4434 572 4505 coepit
584 4432 669 4506 loqui.
684 4434 719 4488 Ει
735 4432 808 4488 dedit
828 4430 905 4487 illum
919 4433 948 4496 D
962 4457 1011 4499 vos
1039 4437 1405 4509 condemnabittSeriptura
1427 4438 1491 4494 mitri
1514 4438 1579 4496 dicit
1595 4457 1602 4496 :
1619 4464 1630 4490 ι
1647 4444 1757 4515 lmper.

106 4525 187 4581 matri
202 4542 270 4582 suae.
294 4549 305 4574 ι
322 4524 435 4581 llesidet
449 4523 569 4596 quierat
583 4531 708 4578 mortuus
728 4537 789 4577 cum
801 4520 908 4576 interna
960 4533 1157 4589 [eorummeum
1167 4527 1294 4584 viderunt
1304 4527 1377 4583 ocuti
1388 4526 1433 4595 tui,
1451 4534 1478 4583 et
1489 4526 1518 4582 in
1544 4528 1613 4586 libro
1628 4537 1676 4587 100
1691 4548 1754 4588 om.

107 4621 316 4692 compunctione
331 4621 471 4677 reviviscit
481 4627 620 4691 peccator.
632 4619 729 4691 lncipit
741 4617 827 4691 loqui,
843 4631 906 4673 cum
960 4638 1010 4678 nes
1025 4620 1183 4677 scribentur
1197 4617 1285 4689 (Psoi.
1297 4619 1446 4685 cxxxvru).
1464 4638 1475 4665 ιι
1494 4616 1522 4672 Si
1537 4633 1633 4674 omues
1646 4636 1716 4693 ergo
1730 4629 1759 4677 et

108 4709 232 4765 ostendit
247 4726 279 4765 se
294 4710 386 4765 redire
399 4710 434 4766 ad
449 4724 542 4766 veram
557 4710 650 4766 vitam.
673 4706 804 4764 Redditur
813 4705 905 4775 matri,
959 4711 1052 4783 magni
1066 4717 1093 4766 ει
1103 4708 1191 4781 parvi,
1212 4706 1350 4780 quidest«
1362 4704 1434 4761 oculi
1456 4704 1654 4763 tuivideruntt
1671 4732 1682 4757 ι
1699 4711 1757 4782 Ap.

106 4813 168 4855 cum
185 4814 233 4868 per
246 4799 415 4855 sacerdotale
426 4799 559 4868 judicium
575 4796 760 4855 communioni
786 4795 907 4852 sociatur
961 4800 1155 4873 probaverunt.
1173 4795 1245 4865 Quid
1261 4802 1302 4851 est
1319 4817 1330 4844 ι
1347 4794 1375 4849 irr
1390 4794 1461 4850 libro
1471 4794 1654 4851 scribuntur?
1671 4821 1682 4846 ι
1698 4799 1758 4854 Sal·

106 4886 245 4943 Ecclesiae.
959 4889 1109 4946 rabuntur.
1127 4882 1362 4957 Ergoimperlecti
1375 4898 1483 4954 quoque
1498 4884 1686 4941 salvabuntur.
1704 4885 1758 4957 Qui

960 4989 1031 5046 enim
1051 4982 1206 5057 imperfecti
1222 4989 1294 5047 sunt,
1311 4979 1413 5052 aliquid
1429 4987 1502 5050 sunt,
1518 4988 1546 5036 ει
1560 4980 1643 5054 aliqui
1670 4993 1755 5043 sunt:

144 5029 286 5102 «Accepit
305 5038 396 5086 autem
425 5046 521 5086 omnes
541 5032 621 5086 timor
642 5036 667 5084 et
696 5025 906 5100 magnificabant

103 5117 203 5188 Deum,
218 5119 357 5177 dicentes:
371 5118 439 5188 Quia
450 5120 584 5191 propheta
599 5132 718 5189 magnus
743 5113 863 5172 surrexit
877 5116 906 5172 in

103 5208 194 5273 nobis,
223 5218 252 5263 et
267 5209 332 5280 quia
347 5208 550 5264 Deusvisitarit
569 5206 678 5279 plebem
704 5202 906 5261 auamOmnes

103 5294 329 5370 magnificabant,
345 5296 373 5351 id
390 5304 431 5352 est
442 5295 592 5352 laudabant
605 5296 706 5359 Deum,
723 5293 787 5368 quia
804 5302 906 5366 quanto

104 5384 216 5458 gravior
230 5392 272 5440 est
291 5399 381 5450 casus,
397 5391 473 5441 tanto
496 5385 586 5457 pietas
602 5383 736 5457 erigentis
747 5381 852 5457 gratior
879 5388 907 5439 et

105 5496 171 5552 apes
185 5479 281 5536 salutis
294 5480 490 5552 poenitentibus
515 5490 558 5538 est
572 5480 682 5540 certior.
695 5480 818 5538 visitavit
831 5478 906 5536 Deus

104 5566 225 5641 plebem,
248 5580 275 5625 ει
289 5568 354 5625 dum
379 5570 496 5627 Verbum
520 5586 600 5627 suum
617 5570 704 5629 semel
732 5566 906 5642 incorporari

105 5656 257 5729 constituit,
285 5665 312 5715 ει
326 5658 448 5732 quotidie
475 5659 606 5733 Spiritum
633 5658 807 5721 sanctuaria
822 5656 907 5716 corda

105 5753 202 5807 nostra
214 5743 346 5807 mittendo
359 5755 388 5806 ut
401 5747 577 5809 suscitentur.

960 5095 987 5144 et
1014 5087 1041 5141 in
1065 5096 1179 5139 numero
1202 5087 1338 5152 ponuntur
1364 5085 1391 5133 ει
1410 5077 1578 5134 scribuntur.
1612 5077 1664 5148 Qui
1691 5082 1758 5139 nihil

959 5182 1033 5243 sunt,
1049 5171 1117 5227 nulli
1145 5177 1207 5225 sunt
1224 5183 1231 5223 :
1247 5183 1298 5224 nec
1308 5166 1390 5225 scribi
1414 5174 1459 5220 aut
1488 5168 1628 5224 numerari
1654 5168 1757 5229 habeut

960 5263 1005 5338 qui
1019 5260 1086 5318 nihil
1100 5259 1212 5315 habeut.
1228 5257 1328 5329 Ergo«
1357 5253 1432 5311 omni
1445 5253 1555 5311 habenti
1583 5257 1700 5330 dabitur,
1730 5270 1758 5318 et

959 5358 1109 5419 abundabit
1125 5357 1238 5427 (llattlr.
1253 5356 1313 5425 rr).
1327 5376 1339 5402 ι
1351 5351 1434 5409 Omni
1448 5351 1693 5414 habeutimeritum
1702 5359 1757 5417 da·

959 5453 1033 5508 bitur
1047 5447 1203 5522 praemium.
1222 5444 1283 5501 Non
1293 5441 1377 5499 dixit:
1390 5441 1507 5499 Habenti
1527 5459 1657 5519 magnum
1677 5448 1758 5504 meri·

961 5551 1017 5599 tum
1030 5537 1140 5594 dabitur
1155 5533 1308 5608 premium,
1322 5539 1352 5589 et
1363 5545 1479 5603 parvurn
1507 5535 1631 5591 meritum
1646 5536 1758 5593 habenti

959 5654 1016 5697 noa
1030 5633 1139 5692 dabitur
1155 5650 1163 5688 a
1178 5630 1228 5687 sed
1241 5629 1315 5688 omni
1328 5628 1451 5697 babenti,
1475 5628 1573 5703 inquit,
1593 5629 1712 5701 dabitur,
1731 5638 1765 5687 at·

959 5732 1123 5799 abundabit.
1141 5732 1219 5806 llrgo
1229 5730 1313 5790 etiarn
1318 5726 1366 5787 ille
1381 5725 1429 5801 qni
1442 5741 1559 5801 parvm
1571 5728 1704 5788 meritum
1713 5728 1761 5787 p,
