3780 6038
712 236 876 293 tteFFRtttt
893 237 1034 293 altanus
1051 234 1323 294 vts‘ttttdtn'artsts
1803 246 1856 295 208

206 240 258 295 207

203 451 277 520 deas,
293 459 320 504 et
333 458 434 505 nattuae
445 450 507 520 jura
521 465 691 516 conservam,
709 457 732 504 te
745 450 804 520 ejns
818 449 901 504 luisse
916 451 996 520 261
1055 450 1135 505 criter
1148 451 1310 520 provocasti.
1319 452 1472 507 Nosantcm
1488 451 1533 505 diu
1546 453 1642 507 tesatis
1655 453 1854 524 patienterpon

202 538 295 608 filiam,
311 540 377 594 sicut
391 539 520 595 veraciter
536 538 618 605 luisti,
649 537 748 595 debitis
775 538 916 594 beneficiis
945 554 1000 595 non
1054 538 1179 606 tavimas,
1196 556 1276 608 (Ῑιιιιιιι
1291 539 1324 594 de
1340 541 1418 595 tantis
1436 541 1515 595 malis
1542 548 1663 596 acturum
1689 543 1852 614 quandoque

203 628 336 684 ostendas.
353 627 434 695 Olim,
452 635 478 681 ot
492 627 519 681 in
536 626 620 683 veteri
635 627 695 699 lege
717 634 743 682 ct
771 627 798 681 in
826 643 906 695 nova,
933 626 999 681 reli·
1054 628 1238 699 paenitentiam
1255 630 1440 698 sperabamus.
1452 628 1505 684 Sed
1521 630 1584 699 quia
1604 631 1745 701 preteritis
1773 632 1852 687 malis

202 718 271 791 giesi
286 726 313 772 et
325 717 399 773 omni
423 716 504 771 laude
527 723 554 771 et
583 716 715 771 memoria
744 714 819 787 digni
863 716 1000 786 principes
1053 732 1124 772 nova
1138 717 1261 787 qtrecdnrn
1272 718 1367 787 pejora
1380 717 1516 787 prioribus
1530 717 1629 773 addere
1644 735 1697 775 non
1728 720 1849 785 timuisti,

202 807 357 862 exstiterunt
371 806 415 876 qui
435 805 505 872 loca,
534 803 580 859 ubi
609 811 716 874 patrum
747 820 857 859 suorum
885 820 1000 874 corpora
1053 821 1181 877 rogamus
1194 813 1228 872 te,
1244 806 1311 859 sicut
1327 805 1512 861 alienissimum
1524 814 1654 875 nostrum,
1666 815 1695 861 ut
1704 808 1776 878 quod
1787 824 1850 864 mn·

200 896 304 965 sepulta
317 894 446 964 sciebant,
463 909 571 963 semper
597 893 704 948 charius
727 892 881 965 diligentes,
911 902 939 948 ut
966 909 999 948 ca
1054 903 1092 948 tra
1108 910 1157 949 nos
1167 894 1257 949 illicite
1271 895 1439 957 commisisti,
1456 895 1601 950 emendare
1612 896 1732 964 lestines,
1743 905 1847 966 etprae-

200 987 274 1039 vario
302 989 521 1039 ornamentorum
546 998 646 1054 genere
673 981 832 1037 (lacerarent
855 989 882 1036 ct
909 981 999 1036 multi·
1052 981 1114 1038 dam
1129 983 1370 1052 qrrietamdimittas
1380 986 1455 1051 (369)
1466 999 1546 1053 qaram
1557 983 1742 1053 cepistiQuod
1753 986 1775 1039 si
1785 1001 1849 1041 con·

198 1070 286 1127 modis
313 1068 528 1140 possessionibus
564 1069 716 1137 dilatarent,
757 1077 811 1124 tota
845 1069 993 1123 intentione
1051 1071 1111 1127 silio
1126 1078 1217 1126 nostro
1232 1071 1401 1141 rrcquiescerc
1416 1073 1543 1140 nolueris,
1569 1072 1717 1129 verendam
1737 1074 1786 1128 tibi
1808 1083 1848 1127 est

197 1159 349 1217 studebant.
369 1161 434 1223 Nos,
464 1175 532 1230 quos
560 1158 604 1213 ille
635 1160 677 1213 vir
711 1158 763 1229 piae
797 1156 995 1213 recordationis
1051 1176 1084 1214 nc
1100 1167 1155 1215 tota
1170 1168 1239 1215 terra
1254 1168 1298 1215 tna
1313 1160 1358 1215 tali
1375 1160 1516 1216 interdicto
1543 1162 1653 1216 ferietur
1680 1162 1752 1232 quod
1779 1163 1846 1218 solvi

198 1266 248 1306 naec
260 1266 341 1305 carne
357 1248 461 1321 genuit,
477 1263 526 1303 nee
540 1262 654 1318 magnas
668 1246 785 1315 divitias,
802 1263 851 1301 nec
878 1245 995 1316 aliquam
1051 1248 1178 1318 deinceps
1196 1265 1249 1304 non
1267 1250 1352 1318 possit
1366 1249 1424 1302 sine
1448 1250 1602 1320 apostalicae
1630 1250 1701 1304 sedis
1728 1251 1845 1315 licentia,

199 1339 278 1395 nobis
292 1338 488 1408 possessionem
506 1336 622 1406 reliquit,
639 1335 791 1403 ecclesiam,
815 1336 842 1389 in
869 1352 922 1405 qua
950 1351 995 1388 sc·
1050 1337 1627 1408 afrrjusallodiuml'indocinensecmnobinm
1643 1339 1845 1412 essedignosci-

199 1429 288 1500 pultus
302 1436 350 1493 est,
366 1442 418 1497 pro
433 1426 479 1482 illo
494 1425 632 1498 diligimus
653 1425 740 1498 magis
768 1432 794 1479 et
821 1425 994 1491 honoramus,
1050 1434 1100 1481 tur.
1130 1428 1243 1496 Insuper
1264 1426 1344 1482 ctiam
1375 1427 1403 1481 in
1432 1426 1527 1482 codem
1554 1428 1727 1495 monasterio,
1758 1436 1785 1484 et
1818 1430 1843 1483 in

198 1525 225 1573 ct
240 1533 382 1572 numerum
397 1516 591 1571 monachorum
608 1514 651 1585 qui
672 1513 700 1569 in
723 1530 755 1568 ea
776 1512 906 1569 sacrificia
929 1528 994 1584 pre-
1049 1514 1174 1568 ornnibus
1188 1513 1309 1568 ecclesiis
1323 1531 1383 1584 quae
1398 1514 1431 1568 ad
1461 1514 1618 1586 praedictum
1647 1515 1737 1571 locum
1766 1517 1844 1587 perti·

197 1608 277 1672 tiosa,
292 1603 606 1675 pretiaseilioetanimae
621 1618 686 1669 suae,
702 1603 759 1658 Deo
783 1602 901 1672 quotidie
925 1600 994 1657 offe·
1048 1609 1122 1669 nent,
1138 1602 1317 1674 persingulas
1341 1603 1398 1657 ilios
1426 1611 1487 1657 ante
1512 1605 1720 1659 sncmtissimurn
1748 1622 1845 1674 corpus

196 1702 266 1762 rant,
284 1699 498 1766 augmentantes,
514 1692 641 1747 derebus
655 1691 770 1747 abbatiae
785 1698 881 1746 nostrae
903 1689 1075 1779 maxi-Bet
1098 1691 1257 1764 sanguinum
1285 1691 1392 1746 Domini
1421 1693 1504 1747 nostri
1527 1694 1588 1747 Jesn
1623 1694 1720 1749 Christi
1744 1693 1778 1749 dc
1820 1704 1843 1749 te

197 1795 270 1835 marn
286 1785 400 1848 partem,
416 1776 488 1831 unde
503 1777 541 1830 ibi
555 1777 646 1831 vivere
674 1777 791 1842 valcant,
820 1775 859 1829 eis
885 1775 996 1829 contadi·
1049 1780 1194 1835 clamorem
1208 1779 1348 1847 faciemus,
1364 1788 1495 1850 qaaatcnus
1510 1781 1566 1850 ipsc
1581 1781 1627 1851 qui
1641 1782 1841 1852 omniapotcst,

195 1885 264 1923 mus.
281 1868 335 1922 llas
350 1881 399 1937 pro
413 1873 490 1935 patre
510 1874 564 1935 tato,
582 1865 625 1935 qui
653 1864 795 1919 defunctas
818 1872 858 1918 cst
884 1864 992 1930 secuto,
1047 1868 1203 1923 violentiam
1220 1876 1302 1933 trrarn,
1324 1885 1404 1938 quam
1432 1869 1459 1924 vi
1487 1871 1605 1924 humana
1630 1870 1768 1926 refrenare
1795 1888 1843 1927 nec

194 1958 297 2012 utinam
313 1956 370 2009 Deo
386 1955 460 2010 rirat
475 1955 481 2007 t
499 1954 546 2008 tibi
575 1953 727 2025 specialiter
754 1954 854 2008 litteras
882 1951 993 2021 sc-n'psi-
1047 1972 1197 2028 possumus,
1214 1974 1263 2012 nec
1274 1957 1413 2026 debemus,
1439 1974 1494 2013 strae
1517 1958 1635 2013 dexterae
1656 1960 1754 2014 virtute
1780 1976 1842 2016 cor·

193 2062 264 2111 mus,
280 2045 343 2115 quia
358 2043 408 2098 nisi
426 2051 452 2097 tn
466 2044 524 2098 sola
536 2043 622 2112 patris
637 2042 672 2097 tui
688 2042 786 2098 animae
802 2042 887 2096 haeres
907 2041 992 2095 exsti·
1047 2045 1134 2116 rigere
1148 2053 1175 2098 ct
1188 2044 1324 2099 refrenare
1339 2045 1365 2097 in
1380 2045 1505 2114 praesenti
1529 2046 1665 2118 dignetur,
1689 2063 1724 2100 ne
1753 2047 1842 2103 anima

195 2135 265 2201 teris,
282 2133 327 2203 qui
341 2131 400 2202 ejus
426 2133 514 2187 lraeres
541 2132 638 2186 existat
666 2131 747 2185 alium
776 2130 811 2184 de
836 2147 885 2184 sua
912 2145 992 2184 aterne
1048 2141 1090 2187 tua
1105 2133 1130 2187 in
1145 2133 1243 2201 tutum,
1259 2140 1370 2203 propter
1384 2135 1579 2202 lroc,aeternum
1594 2135 1748 2190 incendium
1758 2137 1842 2206 patia-

193 2223 314 2295 genitum
331 2220 365 2276 ad
379 2237 499 2291 praesens
512 2219 633 2275 invenire
648 2235 703 2274 non
717 2219 823 2290 poterit.
839 2221 906 2273 tlara
927 2233 992 2273 vcro
1046 2229 1096 2276 tur.
1114 2222 1188 2277 Vale.

194 2326 299 2366 memor
313 2315 433 2379 paternas
447 2308 540 2363 salutis
554 2308 614 2362 aliis
628 2315 680 2363 tuae
695 2307 831 2363 charitatis
855 2306 991 2378 expande-

192 2400 230 2455 ris
244 2400 343 2466 sinum,
360 2405 452 2453 contra
467 2397 566 2463 locum,
591 2397 618 2450 in
647 2412 700 2466 quo
725 2403 785 2450 tuas
811 2402 888 2465 pater
915 2411 991 2466 egre-

192 2489 253 2561 gius
268 2489 394 2558 prinecps
410 2501 522 2555 corpore
540 2486 622 2556 jacet,
649 2485 723 2540 nulla
744 2485 885 2541 occasione
910 2485 990 2539 dein-

191 2594 255 2647 ceps
269 2577 407 2633 contineas
431 2575 560 2630 clausum.
591 2574 678 2630 Vale:
710 2581 736 2629 ct
763 2589 843 2644 parce
872 2573 948 2639 milri,
968 2573 989 2627 si

191 2667 262 2722 male
277 2667 379 2722 locutus
393 2680 452 2719 sum
468 2679 475 2733 ;
492 2665 514 2718 si
530 2664 610 2729 benc,
627 2664 777 2733 acquiesce.

399 2815 482 2883 262
499 2812 667 2869 erusteus
686 2812 773 2867 XXV.

191 2923 330 2994 Goffridus
348 2921 560 2979 vindocinensis
571 2920 739 2976 monasterii
752 2919 871 2975 bannitis
894 2919 987 2987 atbar,

223 3010 361 3068 Addam
376 3011 410 3066 de
433 3007 659 3079 cummunioni
677 3009 763 3078 (Μ’
779 3009 911 3064 “mmm
933 3010 988 3065 ω’
1002 3079 1027 3140 C
1040 3051 1098 3122 jam
1114 3052 1143 3106 in
1157 3053 1252 3107 ultima
1267 3054 1333 3108 bora
1347 3053 1464 3123 positum
1480 3053 1652 3109 admonendo
1666 3055 1787 3122 consulo,
1814 3060 1839 3107 et

223 3100 297 3155 mint
312 3100 421 3172 pariter
434 3101 464 3153 et
473 3113 609 3156 amorem.

223 3222 305 3277 biulta
319 3222 390 3277 mala
405 3220 484 3276 nobis
495 3219 591 3288 fecisti,
607 3227 634 3274 et
648 3220 733 3275 Deum
750 3220 777 3274 in
792 3220 881 3288 nobis,
897 3221 983 3291 cujus,

189 3393 240 3461 air,
258 3408 344 3517 aeglea
355 3390 469 3462 cepaea
478 3391 583 3464 prioris
594 3391 725 3448 ltnrtclti.
738 3391 886 3464 Sepultura
896 3391 984 3449 locum

192 3480 247 3519 non
264 3471 303 3519 tra
324 3471 379 3518 unt.

226 3535 365 3606 Sepultura
390 3533 471 3587 luisse
500 3534 525 3586 in
555 3533 669 3589 ecclesia
695 3533 827 3603 prioratus
853 3534 982 3608 nntlcga-

189 3607 278 3661 vensis
293 3607 321 3661 S.
338 3605 483 3671 Trinitatis,
511 3621 545 3659 ex
575 3604 645 3659 illius
674 3605 799 3660 Ecclesiae
826 3605 983 3679 necrologio

189 3678 291 3732 notavit
307 3678 336 3732 l'.
366 3678 397 3731 C.
426 3675 548 3747 illgidius
574 3675 714 3747 bleaagins
741 3676 768 3730 in
795 3692 844 3731 sua
867 3677 983 3732 llistoria

189 3747 361 3803 Sablolicnsi.

225 3817 453 3888 (dosiadelardo
478 3817 511 3874 de
538 3817 758 3889 Cotropantcrir'.
790 3818 830 3872 Ex
858 3819 982 3874 Falconis

188 3890 280 3946 Nerrae
294 3890 397 3958 titteriS,
412 3904 524 3959 quarum
540 3890 644 3942 initium
658 3890 829 3944 recitavimus
841 3890 920 3960 epist.
938 3893 980 3955 tt,

189 3969 292 4017 constat
313 3961 388 4016 illam
417 3968 532 4015 castrum
558 3960 689 4027 Gamerii,
719 3960 792 4031 quod
820 3960 980 4027 muniverat,

188 4033 319 4089 Rainaldo
333 4032 440 4088 cuidam
467 4032 559 4087 lvonis
586 4030 710 4095 donasse,
739 4048 819 4100 qttcm
848 4032 979 4100 optimam

188 4105 301 4159 militem
315 4110 403 4162 vocat.
435 4103 520 4172 Hujus
547 4101 670 4155 Rainaldi
703 4110 764 4171 post
788 4102 856 4158 alios
885 4104 979 4170 lraeres,

188 4176 319 4244 castrique
337 4174 463 4229 dominas
477 4173 528 4226 luit
541 4172 697 4239 ttdclardns,
713 4172 747 4227 ad
775 4188 854 4243 quem
882 4173 981 4242 scripta

187 4246 246 4301 lraec
259 4246 381 4314 epistola.
397 4245 483 4313 llnjus
495 4251 626 4312 praetcrea
641 4243 747 4313 insigne
775 4252 979 4298 monumentum

187 4324 273 4371 exstat
286 4317 312 4369 in
328 4314 444 4384 antiquis
459 4314 556 4368 tabulis
570 4314 723 4368 monasterii
748 4315 777 4369 S.
797 4314 896 4379 Albini,
922 4316 980 4385 qai-

186 4386 237 4441 bus
253 4386 384 4440 dec-imam
408 4392 502 4454 portus
528 4383 567 4438 sni
597 4386 626 4439 S.
655 4384 752 4439 Albino
780 4385 912 4440 concedit.
933 4388 979 4442 Eae

1241 2369 1323 2438 263
1343 2369 1510 2426 eetstotn
1530 2370 1632 2425 XXl‘l.

1046 2474 1186 2547 Gotfridar
1204 2475 1415 2533 Vindociac-nsr'r
1429 2477 1595 2533 nmoasterii
1608 2476 1701 2548 abbae,
1720 2475 1841 2548 Geffrido

1221 2563 1254 2620 de
1269 2563 1407 2621 Meduana
1417 2567 1502 2635 idid),
1518 2565 1650 2623 salntem.

1080 2698 1109 2750 ln
1125 2697 1247 2768 lrraesenti
1264 2697 1317 2752 vita
1332 2698 1441 2767 sapiens
1456 2706 1484 2752 ut
1494 2699 1564 2753 mala
1580 2715 1677 2771 ageres
1689 2697 1735 2753 diu
1750 2698 1838 2761 fuisti;

1042 2785 1113 2840 bene
1125 2794 1214 2841 autern
1230 2802 1312 2858 agere
1327 2786 1372 2842 vix
1387 2786 1840 2857 potuisti,quianoluistiQuaedam

1044 2881 1133 2929 tamen
1147 2875 1219 2930 bona
1234 2875 1329 2943 iecisti,
1343 2875 1389 2930 sed
1404 2876 1438 2930 ad
1458 2876 1686 2946 comparationem
1707 2875 1840 2931 malorum

1044 2970 1147 3017 tuorum
1163 2980 1249 3032 pauca
1263 2971 1322 3018 sunt
1339 2972 1384 3018 aut
1397 2965 1505 3034 penitus
1517 2966 1600 3019 nulla.
1616 2964 1693 3021 Unde
1712 2973 1737 3018 te
1765 2964 1838 3035 qrtasi

1041 3140 1207 3197 consulendo
1218 3139 1362 3212 admoneo,
1379 3149 1408 3196 ut
1422 3142 1494 3199 mala
1508 3158 1591 3212 opera
1605 3159 1665 3212 quae
1680 3142 1763 3215 longo
1773 3150 1838 3197 tem-

1038 3245 1104 3299 pore
1119 3230 1287 3301 perpetrasti,
1304 3230 1398 3286 saltem
1413 3232 1440 3285 in
1468 3229 1520 3286 fine
1547 3231 1691 3287 emendare
1716 3231 1834 3295 lestines,

1039 3408 1066 3462 in
1081 3424 1175 3463 nranus
1204 3415 1307 3463 nostras
1337 3408 1363 3463 in
1391 3408 1459 3464 libro
1484 3409 1595 3481 llegulae
1622 3408 1704 3477 misit,
1733 3417 1760 3464 et
1788 3426 1836 3481 per

1037 3495 1088 3535 nos
1101 3479 1283 3550 supradictum
1299 3478 1426 3534 abbatem
1445 3487 1472 3533 et
1497 3482 1645 3535 monachos
1672 3481 1762 3537 Sancti
1784 3482 1832 3535 nl-

1037 3549 1092 3604 bini
1107 3550 1252 3618 revestivit,
1269 3551 1409 3620 ipsumque
1433 3550 1532 3605 librum
1552 3551 1670 3623 lingulae,
1700 3568 1780 3621 quem
1807 3553 1832 3606 in

1036 3637 1132 3675 uranus
1142 3637 1216 3676 meas
1238 3622 1357 3689 miserat,
1385 3638 1466 3691 super
1492 3622 1575 3677 altare
1599 3623 1721 3693 ejusdem
1749 3624 1832 3678 sancti

1037 3692 1140 3747 detulit.
1158 3692 1191 3746 Et
1202 3693 1265 3762 quia
1279 3692 1351 3746 idem
1364 3692 1513 3747 adelardus
1527 3694 1597 3748 banc
1626 3694 1828 3766 eleemosynam

1035 3762 1154 3844 benigne
1183 3763 1308 3831 iaciebat,
1337 3763 1411 3818 dedit
1433 3764 1457 3817 ei
1481 3764 1624 3833 pradictus
1657 3764 1743 3819 abbas
1783 3765 1832 3818 sub

1035 3849 1144 3889 nomme
1159 3834 1294 3889 alteritatis
1309 3849 1378 3888 xxvi
1394 3834 1475 3889 libras
1489 3834 1661 3890 denariomm
1685 3842 1712 3889 et
1738 3833 1831 3890 decem

1035 3905 1145 3973 solidos,
1161 3921 1193 3959 ac
1206 3904 1261 3959 tilio
1275 3906 1334 3975 ejas
1348 3905 1475 3975 quinque.
1492 3908 1522 3959 ln
1542 3906 1724 3961 testimonium
1753 3908 1832 3977 liujus

1035 3975 1214 4031 concessionis
1241 3975 1409 4031 decrevimus
1436 3984 1481 4030 aut
1503 3986 1614 4047 propter
1645 3976 1829 4033 auctoritatem

1035 4053 1061 4101 et
1075 4045 1258 4102 inviolabilem
1278 4046 1353 4101 istius
1366 4048 1404 4101 rei
1432 4045 1596 4116 firmitatem,
1621 4056 1650 4103 ut
1676 4055 1770 4104 nostro
1795 4050 1830 4103 si-

1033 4118 1110 4189 gillo,
1121 4125 1147 4172 et
1156 4118 1245 4190 sigillo
1255 4117 1370 4185 abbatis,
1382 4125 1462 4188 atque
1472 4119 1562 4191 sigillo
1572 4119 1693 4190 ejusdcm
1704 4119 1828 4175 Arlelardi

1032 4203 1151 4258 praesens
1191 4189 1290 4261 pagina
1326 4187 1484 4244 firmaretur.
1522 4189 1701 4245 Praesentibus
1738 4191 1830 4246 Pctms

1034 4259 1118 4315 abbas
1133 4259 1161 4314 S.
1177 4260 1298 4331 Georgii,
1314 4260 1409 4316 Daniel
1425 4259 1509 4315 abbas
1519 4261 1548 4316 S.
1578 4262 1670 4316 itariae
1692 4261 1829 4317 Ebronen·

1033 4331 1078 4396 sis,
1108 4330 1237 4385 llnnullus
1264 4329 1349 4386 abbas
1375 4330 1407 4386 S.
1440 4332 1534 4401 llauri,
1565 4341 1591 4387 et
1618 4334 1709 4403 plnres
1735 4333 1791 4388 alii.
1814 4358 1825 4383 »ι

1033 4400 1081 4456 llae
1096 4400 1193 4456 tabulae
1207 4400 1330 4456 adelardi
1348 4418 1459 4457 uxorem
1486 4402 1566 4458 luisse
1594 4402 1692 4459 (locant
1718 4404 1828 4460 uertit-

185 4472 267 4528 porro
282 4454 528 4526 sunthujnsnrodi:
992 4454 1210 4539 Ualentinum
1238 4471 1409 4527 adelardum.
1443 4473 1521 4528 lllum
1548 4474 1670 4544 tortasse,
1699 4476 1778 4546 cujas
1803 4484 1830 4530 et

1036 4543 1202 4598 llelisscndis
1211 4543 1335 4615 conjugis
1346 4544 1447 4599 mentio
1462 4544 1488 4598 iu
1508 4545 1670 4601 Kalendario
1694 4545 1723 4601 S.
1749 4548 1828 4601 Mau-

1035 4612 1093 4668 ricii
1111 4633 1116 4668 :
1133 4615 1219 4671 Nonis
1234 4614 1359 4683 Augusti
1369 4615 1609 4672 obittAdctordar
1624 4615 1756 4673 mentam
1766 4616 1829 4673 dar-

1036 4686 1211 4756 trigantcrit’,
1226 4699 1277 4757 pro
1292 4699 1344 4758 qao
1358 4688 1453 4757 facere
1467 4687 1606 4753 debemur,
1619 4691 1761 4755 quantam
1777 4706 1828 4762 pra

220 4755 612 4827 «lininaldusdndegavomm
627 4755 770 4825 episeopus
786 4755 886 4811 tlonrnn
907 4759 978 4827 quod
1034 4757 1293 4829 anconiscoporam
1321 4762 1494 4814 nostrorum.
1520 4773 1590 4812 rvrrt
1616 4759 1734 4815 Kalend.
1761 4760 1826 4830 Sep·

180 4827 329 4885 ddelnnlus
343 4826 545 4899 Castrigunterii
561 4826 686 4882 dominus
708 4843 757 4896 per
784 4844 893 4882 rnamrm
925 4846 978 4885 no·
1033 4828 1158 4894 tamiris,
1187 4826 1255 4882 obiit
1277 4827 1442 4884 llillirradir
1467 4844 1541 4885 aanor
1565 4828 1697 4886 adelardi
1719 4830 1828 4888 domiai

181 4909 263 4954 stram
279 4901 307 4955 S.
322 4899 420 4954 Albino
435 4897 588 4953 dedecima
603 4905 695 4968 portas
709 4897 809 4953 castelli
833 4899 873 4953 sui
903 4900 975 4969 lecit,
1033 4896 1265 4968 Castripuatcrii.

180 4971 275 5024 litteris
289 4970 416 5026 mandare
431 4969 520 5024 curavi
538 4984 544 5037 ;
561 4968 632 5038 quod
647 4969 798 5023 factumest
811 4971 860 5026 hoc
875 4971 974 5039 modo;
1066 4970 1141 5037 (369)
1161 4968 1428 5095 Prcdomgaietam
1439 4968 1580 5026 dimittas.
1592 4971 1669 5040 Epist
1682 4974 1726 5027 ll.

180 5040 682 5107 nnnotncarnationisttomtni1123,
705 5039 850 5095 indictione
877 5057 895 5104 t,
924 5043 975 5097 Ka·
1065 5042 1140 5099 tarot
1158 5039 1278 5163 duffii-do
1311 5041 1485 5098 allodaano.
1501 5042 1633 5097 lleduana
1652 5043 1826 5099 Cenomaniri

179 5110 376 5177 londisllartii,
394 5112 459 5165 teria
475 5126 502 5179 v,
518 5110 748 5180 ipsascilicctdic
773 5127 826 5181 qaia
853 5111 974 5167 celeber·
1027 5111 1091 5180 pagi
1117 5110 1257 5191 appictum,
1284 5111 1318 5165 ad
1345 5111 1456 5166 llruinm
1486 5113 1689 5181 coenominem‚
1714 5114 1829 5170 ducatus

179 5182 249 5235 rinra
264 5182 292 5234 B.
310 5181 399 5235 ntbini
413 5181 569 5236 solemnitas
583 5182 680 5253 agitur,
697 5182 758 5237 veni
774 5184 808 5237 ad
832 5183 973 5239 ecclesiam
1028 5180 1108 5235 bodie
1123 5181 1226 5235 titulum
1242 5182 1321 5254 gerit.
1338 5183 1412 5238 Facit
1422 5191 1510 5238 autem
1518 5156 1635 5239 lindam
1649 5183 1684 5240 de
1693 5185 1828 5241 Meduana

178 5251 300 5322 ejusdcm
316 5252 410 5318 sancti,
427 5259 451 5304 et
468 5260 564 5323 rogatu
588 5253 620 5307 b.
651 5253 784 5307 llamelini
813 5253 919 5308 abbatis
946 5263 973 5309 ct
1025 5260 1101 5318 aetas,
1117 5269 1198 5321 quam
1228 5261 1319 5308 noster
1349 5252 1472 5310 afflictam
1502 5262 1582 5326 atque
1610 5256 1689 5310 annis
1710 5272 1826 5330 gravem

178 5324 372 5377 rnonaelrornrn
387 5323 455 5393 ejus,
484 5338 544 5375 cnm
569 5323 658 5377 multis
686 5323 831 5378 illustribus
856 5323 971 5379 clerico·
1025 5320 1107 5378 fnisse
1122 5323 1266 5395 significat,
1283 5324 1396 5380 utillum
1412 5327 1499 5395 ipsum
1515 5343 1573 5381 esse
1597 5326 1753 5397 conjiciam,
1781 5330 1827 5399 qni

176 5410 236 5447 rum
266 5401 292 5448 ct
317 5394 444 5448 laicorum
474 5395 594 5461 personis
622 5394 757 5464 ingressus
785 5410 845 5448 sum
876 5411 969 5450 eorum
1023 5408 1073 5462 pro
1089 5394 1305 5451 Cenonrnnoram
1321 5395 1445 5451 libertate
1459 5396 1587 5453 advorsus
1611 5398 1825 5465 Nortlrmannos‚

176 5465 332 5535 capitulum.
362 5463 411 5519 Ubi
441 5463 551 5518 veniens
585 5463 734 5519 adelardus
769 5466 969 5538 Castrigunterii
1023 5480 1172 5536 corumque
1187 5466 1336 5538 principem
1362 5467 1536 5522 Gnillelntum
1562 5468 1607 5523 diu
1629 5471 1772 5543 pugnavit,
1797 5482 1826 5526 ut

175 5535 310 5601 dominas,
325 5534 458 5591 decimam
474 5543 566 5659 {ortus
594 5534 694 5589 castelli
722 5534 762 5589 sni
789 5536 823 5591 dc
847 5538 910 5593 vino
935 5538 968 5593 de.
1022 5544 1112 5591 narrat
1128 5537 1197 5591 inter
1216 5546 1326 5593 caeteras
1354 5538 1497 5595 Ordericus
1524 5540 1629 5606 l'italis,
1652 5543 1699 5613 qui
1717 5540 1822 5599 anan-

174 5624 228 5677 qua
242 5607 335 5678 paucis
349 5614 409 5660 ante
433 5606 477 5660 dic
499 5622 528 5659 us
546 5605 717 5660 Hamclinum
741 5606 867 5663 abbatem
896 5609 966 5678 apud
1021 5604 1085 5661 dum
1127 5608 1335 5663 bloduancnsem
1378 5609 1552 5667 fortissimum
1603 5612 1820 5671 tlcnomanomm

173 5679 311 5734 castellum
339 5694 427 5743 suum,
453 5675 616 5732 concedente
636 5676 687 5729 boc
719 5678 845 5733 tlatlrildc
881 5696 966 5735 uxore
1020 5679 1138 5749 appetat,
1156 5678 1204 5734 lib.
1220 5695 1248 5734 ιι·
1262 5680 1387 5737 Historiae
1402 5680 1598 5739 ecclesiastice.

166 5765 230 5822 eun,
247 5748 340 5808 etfilio
363 5764 412 5807 suo
433 5746 566 5805 adelardo
588 5745 766 5823 revestierat3
795 5757 856 5805 tnnc
882 5750 963 5808 ca'am

186 4569 320 4630 Adelnrdi
340 4570 373 4627 de
386 4569 486 4626 Castro
502 4569 635 4626 Garaterii
644 4571 979 4640 concessiodccimarnm,

408 4656 477 4713 quor
488 4641 592 4696 obtulit
603 4640 632 4697 S.
647 4640 758 4699 Albino.
