3780 6038
198 202 267 257 tuta

767 188 937 257 Wuuuutti
953 200 1098 258 inuitis
1117 204 1145 259 S.
1167 208 1278 267 BLdSll

1807 224 1852 281 titt

197 346 247 399 ρετ
262 328 358 383 decem
373 334 510 398 praecepta
526 325 595 399 legis
608 329 633 379 et
654 338 703 392 ρετ
716 329 821 392 septem
841 323 913 380 dona
929 325 993 397 Spi-
1007 330 1035 392 Α
1051 328 1147 386 beatos
1171 334 1288 390 orationi
1312 336 1454 409 instantes,
1483 344 1632 401 auxilium
1654 347 1772 405 Domini
1797 351 1854 411 int-a

198 418 264 471 ritus
279 415 375 481 sancti,
389 423 483 488 portas
500 428 548 472 nos
564 414 624 470 sitm
636 410 760 466 Christus
771 411 875 468 intrato
885 413 989 470 docuit.

199 506 252 559 ilas
267 514 357 560 autam
383 504 578 576 septemdecim
607 499 795 556 distinctiones
818 500 993 558 heatitudinis

196 602 314 673 Spiritus
330 610 440 657 sanctus
461 618 512 673 por
526 598 689 672 prophetam
717 597 877 653 nominatim
905 600 993 672 expri-

194 691 254 757 mit,
294 706 326 747 ac
363 689 531 762 singularem
552 688 712 760 dignitatem
732 685 867 742 subtiliter
894 688 990 744 innuit.

195 789 285 845 l‘rinio
302 788 367 845 dicit
382 787 487 856 beatos,
505 794 581 843 scuto
597 784 660 840 tidei
675 782 742 838 ritis
752 792 778 838 ει
792 786 990 856 εοεεερὶεεερ-

197 878 245 931 tias
261 885 433 946 superantes,
449 884 477 931 et
489 876 516 930 in
533 876 593 947 lege
608 873 716 929 Domini
731 872 775 928 die
791 888 823 929 ac
837 883 916 930 nocte
930 892 991 931 mc-

192 967 309 1021 ditantrs
326 984 331 1018 :
350 986 360 1016 s
379 964 487 1031 Beatus,
506 988 517 1013 ,ι
535 963 671 1036 inquiens,
687 984 697 1009 a
711 961 754 1015 uir
770 962 877 1032 quinon
889 964 992 1019 abiitin

192 1065 307 1121 consilio
323 1064 479 1135 impiorum,
505 1063 634 1136 quoniam
654 1060 729 1117 norit
760 1061 892 1117 Dominus
918 1063 990 1117 riam

192 1153 326 1223 justorum
344 1154 434 1223 (Paci.
463 1153 496 1219 i).
519 1150 660 1204 aPrimus
688 1149 877 1205 homoinielix
905 1166 990 1247 prauo

193 1237 308 1293 consilio
336 1235 484 1300 consensit,
516 1242 541 1289 et
568 1248 664 1289 omues
705 1249 840 1304 sequaces
872 1249 938 1290 suos
962 1253 989 1290 iii

191 1343 307 1390 mortem
330 1334 422 1389 traria.
439 1332 564 1388 Christus
592 1330 688 1385 bantus
717 1330 767 1396 vir,
783 1340 809 1385 ει
835 1332 863 1385 in
877 1332 921 1388 ria
946 1333 990 1402 ju·

192 1432 295 1480 storum
311 1438 406 1478 omnes
420 1436 471 1492 per
487 1437 516 1475 se
527 1420 687 1493 gradientes
703 1420 815 1476 reducet
835 1420 869 1475 ad
887 1422 989 1493 gaudia

1048 425 1143 473 cantes
1168 419 1275 494 jugiter
1305 443 1311 479 :
1343 450 1354 473 α
1380 429 1478 486 Beatus
1494 433 1551 501 vir,
1585 435 1639 491 cui
1670 443 1716 491 est
1745 440 1854 498 auxiliari

1047 505 1134 563 abste
1150 508 1246 583 (tutu.)
1265 536 1276 561 ι
1292 514 1326 569 ili
1339 514 1375 572 de
1390 517 1489 577 virtute
1520 521 1549 576 iu
1568 523 1718 580 virtutem
1734 526 1810 585 'ibunt
1823 544 1854 587 τε·

1048 603 1134 659 Deum
1164 606 1278 664 deorum
1290 611 1316 667 in
1333 613 1398 669 Sion
1425 618 1565 674 videbunt
1591 621 1700 693 (ibid.)
1722 644 1729 688 ;
1748 646 1759 675 i
1776 626 1855 685 ubiest

1046 692 1145 750 melior
1160 696 1219 751 dies
1235 715 1287 754 una
1303 717 1386 773 super
1399 704 1497 762 millia.
1516 708 1591 764 inde
1604 709 1718 768 iterum
1730 732 1761 767 :e
1777 714 1854 774 Beatu

1045 781 1126 853 eujus
1139 784 1214 841 Deus
1239 786 1325 845 Jacob
1340 790 1446 861 adjutor
1459 796 1535 865 ejus,
1547 814 1623 869 spes
1636 800 1703 869 ejus
1714 802 1744 857 in
1758 804 1853 863 Βερὶιε

1046 879 1114 946 Deo,
1136 885 1199 954 quia
1213 885 1241 940 in
1255 888 1352 945 saecula
1363 893 1488 963 regnabit
1500 911 1569 951 cum
1588 912 1628 952 eo
1643 900 1740 969 (Psoi.
1752 916 1851 958 exist·

1046 967 1149 1027 Octavo
1178 973 1243 1030 dicit
1270 975 1365 1034 beatos
1383 980 1470 1037 Deum
1496 983 1671 1056 laudantes,
1704 998 1732 1044 et
1752 992 1853 1049 caelestii

1045 1068 1275 1140 contemplantes.
1295 1098 1305 1122 ·
1322 1076 1430 1145 Beatus,
1449 1102 1460 1127 ιι
1478 1082 1590 1154 inquit.
1602 1107 1615 1131 ιι
1631 1088 1760 1158 ρορειιτε
1772 1090 1854 1161 quistii

1041 1153 1230 1224 jubilationem
1255 1164 1345 1231 (Paul.
1367 1171 1516 1239 cxxxviii),
1536 1194 1548 1219 ιι
1561 1172 1639 1245 quia
1669 1176 1699 1230 hi
1715 1176 1744 1231 in
1774 1178 1853 1235 lumine

1043 1244 1138 1299 vultus
1164 1248 1273 1304 Domini
1301 1254 1533 1324 ambulabunt,et
1563 1260 1597 1315 in
1614 1264 1740 1322 nomine
1763 1267 1854 1337 ejusia

1044 1348 1176 1396 aeternum
1190 1345 1374 1404 exsultabunt.
1398 1350 1478 1408 Nono
1502 1353 1577 1410 dicit
1592 1356 1726 1416 beatosa
1738 1363 1796 1419 Deo
1807 1381 1855 1421 em·

1043 1428 1124 1496 ditos,
1152 1439 1178 1486 at
1203 1432 1230 1487 in
1251 1435 1313 1508 lege
1332 1438 1392 1506 ejus
1418 1440 1544 1499 doctos:
1566 1468 1580 1493 ιι
1606 1447 1728 1516 Beatus,
1748 1476 1759 1500 ι
1776 1453 1856 1527 inquit,

191 1522 363 1593 &nitelOtum-
394 1519 446 1587 Qui
473 1533 541 1591 018⁰
573 1517 696 1589 vecellis
720 1533 774 1573 11⁰ss
794 1519 929 1573 consentit
953 1520 989 1574 td
1046 1525 1292 1598 ‹itiomoquemtu
1319 1534 1462 1603 erudieris,
1479 1539 1627 1610 Domine,
1646 1552 1677 1600 et
1693 1547 1855 1621 delegatus

191 1613 264 1665 bunc
276 1610 390 1664 tendens
410 1608 517 1663 beatum
536 1607 634 1669 virum,
659 1606 708 1661 erit
722 1606 749 1660 in
764 1622 872 1662 summa
898 1607 988 1662 beati·
1042 1612 1169 1671 docueris
1180 1633 1241 1672 eum
1256 1622 1334 1690 (Paul
1340 1662 1346 1676 .
1365 1634 1480 1695 scritti·
1501 1629 1621 1686 ilnrum
1639 1636 1757 1692 animas
1776 1654 1857 1695 0011„

192 1700 294 1764 tudine,
328 1701 358 1753 ut
391 1698 494 1768 iignum
524 1696 585 1751 vitae
612 1695 639 1749 in
667 1695 796 1765 paradiso
825 1696 1158 1766 plantatuin.Blationes
1188 1707 1295 1764 Domini
1318 1711 1507 1780 latificabunt,
1540 1723 1671 1791 quando
1699 1725 1776 1782 docti
1802 1728 1857 1784 siout
1886 1718 1888 1751 ³

190 1798 315 1854 Secundo
330 1794 395 1850 dicit
411 1796 507 1847 liuatos
523 1808 570 1862 spe
585 1792 748 1861 gaudentes,
766 1802 792 1846 ct
807 1792 833 1845 iu
855 1793 982 1860 Domino,
1039 1791 1174 1861 splendor
1188 1795 1350 1854 firmamenti
1362 1802 1521 1875 trip-tium,
1542 1819 1570 1863 et
1589 1814 1682 1880 quasi
1708 1816 1805 1880 stella»,
1821 1818 1855 1890 qui

187 1904 242 1942 nun
257 1887 283 1940 iii
299 1901 329 1939 so
344 1882 523 1938 contidciites.
539 1906 549 1925 ι
562 1882 645 1946 Beati,
663 1904 673 1928 ιι
684 1881 778 1950 iuquit,
797 1897 916 1935 «ornnes
938 1882 984 1953 qtti
1038 1890 1137 1947 multos
1151 1894 1329 1963 adjustitiam
1353 1902 1497 1958 erudiunt.
1519 1906 1651 1964 Decimo
1664 1914 1746 1981 ponii
1774 1914 1855 1970 beaw,

185 1976 261 2030 iueo
289 1972 531 2041 conliduntffsul.
560 1969 773 2040 cxiii¹t,quiain
798 1978 889 2024 moute
917 1986 982 2024 sau·
1034 1979 1137 2047 justum
1149 1983 1280 2049 judicium
1305 1989 1504 2061 custodientes,
1521 2003 1551 2049 et
1570 1996 1724 2064 justitiam
1745 2003 1772 2056 in
1794 2005 1854 2057 ninii

186 2073 228 2121 cto
250 2065 318 2132 ejus,
342 2061 368 2115 id
392 2068 433 2115 est
456 2059 483 2112 in
505 2058 622 2126 Christo,
646 2057 815 2130 gaudetiunt.
839 2059 904 2113 lude
930 2059 982 2114 ite·
1036 2074 1160 2139 tempore
1175 2072 1323 2129 iacientes.
1346 2100 1356 2125 i
1373 2076 1458 2144 Beati,
1473 2101 1486 2126 ιι
1505 2081 1617 2154 inquit,
1639 2111 1653 2135 «
1677 2091 1854 2161 quijudieium

185 2171 245 2209 runi
265 2172 269 2206 :
290 2176 298 2197 ι
318 2152 415 2205 Beatus
430 2149 482 2217 vir,
500 2147 545 2219 qui
560 2157 653 2218 sperat
668 2146 696 2200 in
707 2162 739 2202 eo
750 2149 951 2218 (Psalxxxiii),
968 2171 978 2196 ι
1035 2158 1203 2226 custodiunt,
1228 2168 1256 2216 et
1279 2162 1410 2232 iustitiam
1435 2167 1463 2221 in
1489 2173 1574 2225 omui
1608 2183 1747 2249 tempore
1768 2180 1853 2236 facium

184 2253 245 2324 quia
259 2252 319 2305 dies
335 2250 420 2304 bonos
435 2245 536 2302 ridebit
550 2244 579 2300 in
604 2244 684 2300 creto.
699 2245 734 2299 Et
760 2244 857 2300 iterum
873 2246 983 2301 :inea-
1035 2246 1126 2314 (Pial.
1137 2249 1195 2319 cv).
1209 2250 1265 2304 »lli
1280 2252 1314 2308 de
1325 2253 1484 2311 nationibus
1493 2273 1711 2334 secernuntur,
1719 2269 1780 2323 utin
1788 2269 1852 2327 tande

185 2359 229 2405 tus
244 2349 296 2411 rii,
311 2346 388 2416 cujus
412 2352 454 2399 est
469 2356 569 2398 nomen
592 2341 701 2397 Domini
726 2356 789 2411 spes
805 2342 865 2409 eius
886 2343 976 2413 (Psoi.
1035 2340 1288 2414 Deiglorienturad
1304 2348 1461 2419 ridendum,
1478 2354 1510 2409 iii
1536 2356 1680 2418 honitate
1694 2364 1748 2420 Dei
1763 2366 1850 2423 eleeto.

185 2440 319 2503 satraps
354 2433 415 2506 quia
444 2431 694 2488 canticumnorum
721 2429 882 2486 immittetur
895 2430 923 2485 in
950 2446 982 2488 os

184 2535 252 2605 ejus.
267 2530 360 2587 Tertio
387 2528 452 2584 dicit
467 2527 563 2583 beatos
582 2525 739 2597 poenitentia
765 2524 911 2623 dilectione
924 2525 980 2581 ier·

183 2631 288 2686 rentes,
310 2618 373 2692 quia
391 2617 511 2674 charitas
534 2615 625 2686 operit
650 2613 853 2670 multitudinem
878 2630 979 2686 pecca-

180 2710 400 2777 torumllPatr.
429 2714 477 2777 iv),
507 2712 534 2760 et
555 2703 751 2774 perspiritum
780 2711 914 2770 sanctum,
933 2705 979 2776 qui
1034 2748 1040 2761 .

181 2810 222 2859 est
233 2798 362 2866 charitas,
391 2796 470 2850 datur
484 2791 615 2848 remissio
629 2792 804 2847 delictorum.
827 2812 838 2843 ι
860 2793 945 2859 Beati,
964 2816 975 2842 ι

180 2885 276 2958 iuquit,
294 2896 434 2954 «quorum
455 2877 579 2933 remissae
607 2883 670 2931 sunt
683 2876 838 2948 iniquitates
865 2885 890 2932 et
910 2893 978 2949 qun·

178 2989 316 3039 rumtecta
340 2985 402 3033 suut
425 2983 537 3047 peccata
562 2973 654 3045 (Psoi.
674 2976 757 3033 xxxii.
776 2994 787 3021 ι
806 2972 861 3028 Per
883 2974 976 3029 cbari.

1035 2446 1104 2498 rum,
1120 2432 1154 2487 ad
1165 2433 1311 2492 laetaudum
1326 2437 1353 2493 in
1367 2438 1459 2496 lautitia
1469 2446 1848 2525 gentissanctorumlr'bidp

1069 2574 1220 2634 Undecimo
1234 2580 1311 2650 ponit
1333 2582 1430 2650 Deum,
1443 2592 1472 2640 ut
1504 2586 1560 2644 filii
1575 2600 1700 2662 patrem
1727 2597 1848 2664 timentes,

1032 2668 1061 2717 at
1086 2666 1217 2723 mandata
1241 2668 1300 2738 ejus
1329 2672 1466 2730 custodire
1489 2678 1665 2748 cupientes.
1686 2708 1699 2733 ι
1720 2686 1846 2755 Beatus,-

1032 2752 1131 2823 inquit,
1150 2777 1161 2802 a
1179 2755 1220 2811 vir
1235 2758 1281 2828 qui
1297 2759 1374 2816 timet
1393 2763 1563 2836 Dominum,
1581 2769 1615 2825 in
1631 2775 1776 2832 mandatis
1801 2778 1848 2848 ejus

1032 2840 1104 2896 volet
1117 2843 1299 2915 nimis(t’sni.
1318 2850 1388 2922 ciii).
1408 2874 1419 2899 ι
1436 2850 1489 2909 ilic
1501 2855 1596 2913 timor
1612 2871 1734 2920 sanetus
1747 2882 1847 2939 perma-

1031 2939 1114 2994 netin
1129 2941 1260 2999 saeculum
1279 2946 1384 3013 saeculi,
1412 2956 1440 3005 et
1454 2948 1622 3013 introducit
1649 2959 1724 3018 filios
1738 2964 1766 3019 in
1788 2980 1846 3021 cou-

178 3082 262 3129 tatem
273 3069 456 3131 retruduntur,
479 3079 529 3136 ρετ
554 3064 654 3119 bonam
669 3062 855 3133 operationem
878 3071 976 3120 conta·
990 3050 1015 3115 C
1031 3036 1125 3125 ,⁸⁹⁰0m
1140 3030 1228 3087 pm
1242 3042 1349 3090 aetesffl‘
1371 3037 1403 3091 ¹¹¹
1416 3038 1470 3095 ¹¹³⁰
1486 3040 1678 3106 beatitudine
1700 3063 1844 3119 currentes,

177 3170 287 3234 guntur.
317 3158 415 3211 Beatus
445 3154 487 3208 vir
515 3152 576 3207 talis
600 3152 661 3213 erit,
701 3151 764 3222 quia
791 3152 817 3207 ei
844 3152 976 3208 Dominus

177 3266 320 3333 peccatum
335 3251 480 3323 injudicio
494 3266 547 3306 non
563 3249 722 3321 imputabit.
743 3249 793 3306 llic
815 3248 844 3349 in
858 3250 975 3306 Domino

176 3346 325 3416 cumjustis
351 3341 491 3399 exsultans
519 3340 667 3405 laetabitur,
689 3354 752 3394 cum
779 3345 861 3394 rectis
890 3338 974 3396 corde

175 3437 344 3511 gloriabitur.

213 3582 316 3647 Quarto
340 3575 406 3631 dicit
420 3576 514 3629 beatos
530 3571 619 3627 Deum
642 3585 711 3642 pure
726 3568 858 3638 colentes,
873 3578 900 3627 ct
914 3572 972 3662 eius

179 3668 328 3724 liaereditas
356 3662 416 3718 sieri
436 3663 599 3731 cupientes:
618 3682 629 3707 ι
646 3660 737 3727 Beata,
756 3680 767 3709 i
784 3659 881 3731 inquit,
902 3677 973 3733 gens

175 3758 253 3826 cujus
263 3762 304 3810 est
320 3751 452 3808 Dominus
472 3751 547 3805 Deus
562 3747 634 3820 ejus,
645 3746 764 3818 populus
780 3764 861 3819 quern
889 3748 973 3821 elegit

170 3855 198 3910 in
216 3852 400 3907 haereditatem
412 3846 464 3903 sibi
480 3847 567 3917 (Pani.
583 3845 688 3907 xxxiii.
707 3844 766 3898 »lli
781 3843 916 3899 exsultent
942 3846 970 3900 iu

172 3943 297 4009 Domino,
320 3938 382 4010 quia
400 3936 467 3991 tales
487 3935 566 3990 decet
587 3931 707 3987 laudatio
729 3930 735 3986 l
757 3931 823 3987 lude
846 3933 968 3988 iterum:

174 4057 185 4083 ιι
202 4033 311 4095 Beatus,
335 4026 462 4100 »inquit
480 4048 490 4073 ιι
508 4021 636 4096 populus,
652 4022 730 4092 cujus
749 4020 882 4077 Dominus
896 4023 970 4079 Deus

170 4131 328 4203 eiusil’sol.
345 4125 448 4196 cxiiii),
467 4150 478 4174 ι
497 4123 558 4197 quia
578 4121 606 4176 hi
626 4121 763 4177 canticum
795 4137 894 4177 novum
909 4122 969 4229 Dco

170 4231 327 4293 cantabunt,
344 4240 405 4282 cum
434 4222 468 4277 de
482 4217 693 4276 manusiliorum
720 4219 871 4275 alienorum
901 4229 969 4274 eruti

1030 3130 1058 3169 in
1084 3120 1216 3176 memoria
1242 3131 1345 3179 aeteiua
1374 3134 1463 3194 erunt,
1491 3131 1625 3201 gloriam
1652 3144 1682 3195 et
1699 3138 1845 3198 diritiasiu

1029 3203 1112 3262 domo
1128 3208 1237 3264 Domini
1251 3213 1446 3283 possidebunt.
1464 3217 1657 3283 Duodecimn
1669 3232 1748 3300 ponit
1761 3232 1843 3288 Beatos

1030 3301 1057 3356 in
1073 3305 1114 3359 ria
1129 3306 1157 3361 iil
1173 3315 1216 3362 εει
1233 3308 1259 3363 in
1273 3308 1381 3368 Christo
1395 3314 1510 3372 macula
1528 3325 1650 3391 peceati
1680 3338 1843 3396 carenteset

1028 3390 1055 3447 in
1081 3392 1143 3465 lege
1167 3397 1286 3465 Domini,
1315 3400 1407 3457 idest
1430 3402 1460 3458 iu
1484 3404 1639 3469 charitate
1664 3418 1837 3475 ambulantes.

1030 3512 1042 3537 ιι
1059 3488 1144 3561 Beati,
1158 3516 1168 3541 ιι
1182 3493 1278 3565 inquit,
1297 3520 1309 3546 i
1325 3498 1493 3558 immaculati
1511 3505 1542 3561 in
1559 3509 1621 3578 ria,
1640 3514 1690 3584 qui
1714 3516 1838 3571 ambulant

1027 3578 1054 3633 in
1069 3579 1131 3652 lege
1146 3583 1255 3638 Domini
1271 3586 1362 3656 (l’anl.
1373 3590 1481 3662 orriri).
1503 3616 1516 3641 ιι
1531 3596 1651 3656 Horum
1671 3604 1763 3659 anima
1776 3610 1836 3660 vitot

1026 3668 1055 3723 in
1080 3677 1220 3739 aeternum,
1255 3680 1281 3728 ει
1307 3674 1429 3731 laudabit
1454 3680 1620 3743 Dominum
1651 3690 1681 3746 in
1708 3694 1834 3750 maulim.

1025 3755 1226 3817 Tertiodecimo
1266 3763 1343 3834 ponit
1369 3764 1465 3823 beatos
1503 3774 1648 3834 mandata
1680 3782 1731 3837 Dei
1752 3782 1785 3838 ad
1803 3781 1834 3837 ia·

1025 3844 1151 3902 ciendum
1164 3860 1375 3921 perscrutantes,
1408 3856 1477 3913 etin
1495 3867 1672 3926 totocorde
1700 3872 1831 3927 Dominum

1024 3943 1236 4015 exquirentes«
1267 3948 1351 4019 Beati,
1365 3975 1376 4000 ιι
1392 3951 1491 4025 iuquit,
1509 3982 1522 4005 r
1542 3963 1595 4033 qui
1622 3977 1781 4025 scrutantur
1799 3978 1829 4024 te

1023 4032 1151 4089 stimonia
1167 4037 1235 4107 eius,
1252 4038 1278 4093 in
1293 4047 1349 4096 toto
1365 4043 1448 4099 corde
1463 4050 1625 4120 exquirunt
1637 4072 1703 4113 cum
1713 4058 1825 4130 (iliata

1022 4118 1056 4175 lli
1072 4130 1150 4178 crunt
1165 4140 1182 4180 a
1197 4125 1312 4184 Domino
1326 4128 1473 4201 benedicti,
1491 4134 1568 4194 sicut
1585 4142 1618 4197 hi
1636 4146 1688 4217 qui
1709 4147 1827 4204 declinant

1022 4224 1039 4265 a
1064 4212 1201 4268 mandatis
1232 4216 1292 4285 ejus
1317 4217 1464 4277 maledicti.
1482 4220 1601 4293 Quarto
1634 4234 1751 4293 decimo
1768 4236 1828 4310 pouit

170 4316 357 4374 exsultabunt.
402 4311 506 4380 Quinto
533 4309 599 4365 dicit
627 4307 721 4363 Beatos
753 4308 968 4379 hospitalitatem
1022 4307 1299 4369 beatosdesiderium
1323 4316 1444 4373 inbonis
1468 4319 1643 4395 implentes.
1665 4354 1679 4385 a
1703 4335 1828 4399 Batus»

168 4413 314 4471 sectantes,
337 4418 386 4475 per
399 4415 536 4473 pauperes
563 4396 616 4452 sibi
630 4396 756 4453 caelestes
770 4397 876 4454 divitias
904 4397 1006 4472 llic-1)
1021 4394 1116 4470 inquit,
1148 4422 1159 4447 ι
1192 4401 1237 4474 qui
1264 4402 1386 4476 implerit
1401 4406 1579 4469 desiderium
1596 4434 1689 4477 suum
1717 4423 1830 4494 exipsis.

168 4495 348 4549 inirrizantes.
385 4514 395 4540 ιι
416 4490 526 4553 Beatus,
549 4510 560 4535 ι
581 4485 717 4557 inquiens,
740 4508 750 4533 ι
772 4484 818 4557 qui
837 4484 964 4557 intelligit
1019 4500 1074 4541 non
1111 4487 1292 4547 confundetur
1318 4510 1387 4593 cuin¹
1405 4496 1538 4597 loquetur
1567 4503 1704 4567 inimicis
1732 4513 1833 4569 subin

167 4608 250 4663 supcr
264 4604 382 4661 egenum
398 4594 424 4642 ει
439 4599 598 4657 pauperem,
620 4582 684 4653 quia
698 4581 726 4637 in
740 4581 784 4637 die
799 4581 871 4638 mala
890 4582 959 4639 libe·
1017 4585 1096 4644 porta
1111 4576 1201 4647 (Psal-
1215 4584 1307 4651 cxxvi)
1324 4596 1332 4652 ;
1351 4606 1361 4629 ι
1380 4600 1507 4642 immicos
1530 4607 1603 4649 suos
1629 4598 1778 4657 daeinnncs
1790 4618 1833 4674 per

167 4681 316 4738 rabiteum
345 4676 477 4733 Dominus
504 4674 596 4743 (i’snl.
622 4672 679 4741 xi).
697 4693 709 4719 ι
727 4671 791 4726 Dias
813 4671 884 4726 mala
908 4680 959 4739 cst,
1016 4671 1195 4730 humilitatem
1223 4678 1375 4736 vincentes.
1405 4680 1489 4739 Porta
1501 4685 1692 4762 diesjudieii
1719 4710 1772 4767 est,
1791 4717 1833 4772 per

164 4788 227 4829 cum
256 4772 337 4823 borno
365 4765 484 4835 aliquam
503 4759 688 4824 aillictiouem,
708 4758 753 4817 vel
778 4774 876 4815 manus
905 4760 960 4815 ini-

165 4869 299 4925 micorum
320 4861 445 4919 inciderit
464 4877 471 4917 :
487 4860 633 4915 undenum
660 4858 794 4913 Dominus
808 4857 900 4913 atatim
928 4857 961 4912 li·

161 4954 277 5013 berabit.
301 4953 366 5008 Dies
391 4949 473 5006 etiam
499 4947 569 5002 mala
582 4954 622 5004 est
633 4945 691 5002 dics
705 4946 809 5013 ultima,
821 4945 868 5000 ubi
895 4963 969 5025 cum

163 5044 296 5101 Dominus
310 5055 480 5099 conservans
507 5037 534 5093 in
558 5036 682 5092 animam
708 5033 880 5090 inimicorum
903 5051 958 5091 non

163 5143 262 5207 tradet,
296 5140 349 5196 sed
384 5138 492 5192 beatum
519 5135 547 5191 in
577 5143 652 5190 tcrra
679 5132 827 5189 viventium
860 5133 953 5190 iaciat.

162 5231 249 5287 Sexto
262 5228 328 5285 dicit
356 5227 451 5283 beatos
465 5226 499 5280 de
513 5224 593 5296 plebe
602 5222 710 5279 Domini
725 5220 838 5291 electos,
868 5230 896 5279 ει
923 5223 958 5279 ad

161 5325 329 5382 laudandum
356 5341 421 5380 eum
453 5329 618 5393 assumptos.
642 5319 780 5382 «Beatus,
816 5339 828 5370 ι
859 5318 955 5388 inquit,

163 5448 175 5475 ι
197 5437 279 5496 quein
293 5421 401 5495 elegisti
411 5429 438 5477 et
452 5418 639 5491 assumpsisti,
659 5416 818 5473 inhabitabit
837 5416 864 5472 iii
878 5417 955 5472 atriis

160 5524 211 5581 tuis
241 5520 330 5581 (Paul.
349 5519 437 5583 satir).
456 5543 466 5567 ι
491 5520 532 5576 Da
559 5518 602 5573 his
621 5516 738 5571 iterum:
754 5537 765 5562 ι
781 5513 867 5581 Beati,
881 5538 893 5562 ι
909 5515 954 5569 in-

157 5612 225 5687 quit,
245 5632 256 5656 «
273 5607 320 5679 qui
335 5605 454 5663 habitant
467 5606 495 5661 in
509 5608 590 5665 domo
604 5612 661 5672 tua,
690 5604 718 5659 iu
742 5603 874 5660 naculum
901 5618 953 5659 aan-

1015 4776 1095 4833 quam
1110 4761 1228 4820 intratur
1240 4765 1268 4820 in
1281 4767 1408 4840 palatium
1432 4772 1510 4830 coeli.
1527 4778 1561 4833 lu
1586 4782 1647 4841 liac
1663 4796 1747 4860 porta
1773 4789 1833 4846 tales

1014 4848 1049 4906 de
1073 4852 1195 4922 peccatis
1220 4869 1275 4910 nou
1299 4856 1511 4931 confundentur,
1542 4883 1616 4927 cum
1636 4874 1764 4935 inimicis
1783 4880 1834 4934 suis

1013 4948 1175 5006 insultantes
1198 4951 1344 5026 loquentur
1363 4974 1370 5023 ς
1390 4958 1441 5014 sed
1466 4960 1524 5032 ipsi
1541 4965 1708 5031 baereditas
1729 4977 1834 5034 Domini

1013 5047 1102 5104 crunt,
1118 5037 1239 5097 fructum
1253 5043 1356 5100 ventris
1379 5045 1474 5105 ituria
1489 5050 1646 5116 Christum
1678 5069 1834 5124 mercedem

1012 5127 1162 5185 habehuut.
1191 5129 1293 5199 Quinto
1307 5133 1413 5192 decimo
1428 5137 1508 5208 ponit
1519 5142 1620 5204 Deum
1637 5160 1669 5208 ut
1696 5156 1834 5213 seriiDo·

1012 5215 1114 5272 minum
1130 5217 1255 5275 timentes
1264 5228 1291 5277 et
1305 5221 1334 5277 in
1345 5222 1396 5279 riis
1410 5225 1469 5294 eius
1479 5230 1708 5298 ambulantes·
1725 5244 1831 5312 Beati,=

1010 5305 1105 5377 inquit,
1121 5328 1132 5359 ι
1150 5322 1245 5366 ornnes
1268 5310 1315 5383 qui
1341 5311 1436 5370 timent
1463 5316 1640 5397 Dominum,
1669 5332 1722 5403 qui
1746 5334 1834 5389 ambu-

1010 5402 1068 5461 lant
1082 5404 1110 5460 in
1121 5405 1173 5462 riis
1186 5406 1247 5477 ejus
1263 5410 1351 5479 (Psoi.
1364 5415 1466 5485 iixvii).
1484 5438 1496 5466 ιι
1515 5418 1571 5478 llio
1582 5423 1678 5483 timui·
1691 5430 1828 5489 hominen

1009 5518 1026 5561 a
1041 5505 1162 5574 peccatis
1176 5504 1295 5577 abducit,
1309 5508 1472 5567 charitatem
1486 5517 1596 5577 animas
1603 5525 1739 5587 adducit.
1765 5530 1829 5587 El}

1009 5600 1074 5657 ritas
1089 5618 1153 5659 iero
1177 5602 1284 5663 intrans
1297 5622 1364 5664 euni
1378 5607 1454 5667 toras
1468 5614 1567 5688 mittit,
1586 5622 1661 5693 quia
1669 5624 1721 5685 iiia
1749 5628 1826 5686 timor

157 5710 212 5771 cufi
238 5704 388 5766 humum
415 5703 542 5775 iatam.
568 5702 695 5773 mxlii).
711 5723 723 5752 ι
741 5700 862 5776 Septimo
888 5698 953 5761 dicit
1006 5700 1222 5773 minuebat.
1237 5700 1335 5764 masc
1349 5704 1523 5771 beatitudins
1549 5713 1731 5784 intimius
1756 5724 1823 5785 boni
