3780 6038
116 223 165 282 itt-l

593 221 883 284 battuatrtou'tas
899 216 947 277 ss,
963 219 1118 277 Pstttttht,
1135 249 1169 260 -
1184 217 1248 274 Lill.
1265 220 1286 274 I.
1712 214 1764 273 ilii

115 357 208 423 solum
223 368 430 425 sacramentum
452 360 576 437 dabatur,
592 369 621 426 u't
649 369 674 423 hi
689 368 734 440 qui
758 364 911 437 baptizandi
927 345 950 408 Ᾱ
967 370 1007 418 est
1022 379 1135 419 numero
1151 363 1244 434 utiquc
1258 360 1393 417 malorum
1429 358 1549 416 omnium
1564 367 1590 415 et
1602 357 1762 414 infidelium.

113 474 192 513 asum
207 473 263 514 non
287 466 420 513 noverant
447 459 630 523 erudirentur,
657 459 739 514 sicin
763 456 912 511 norissima

112 562 128 600 a
155 545 320 617 quibusdam
348 546 474 602 fidelibus
514 546 687 605 circumcisio
714 543 913 616 dispensatorie

114 634 243 691 secudum
273 633 361 689 solum
398 644 599 691 sacramentum
633 635 840 705 suscipiebatur,
879 648 913 688 ne

114 724 141 778 hi
168 723 215 795 qui
240 722 399 779 circumcidi
416 733 617 780 consueverant
646 723 908 780 scandalizarentur.

151 831 189 893 De
203 831 328 894 adventu
342 842 370 893 et
389 839 422 894 dc
436 837 576 911 qualitate
600 852 725 911 personia
736 839 856 909 judicis.

153 950 249 1009 «Cum
277 953 386 1010 venerit
414 947 486 1010 lilius
512 955 631 1010 heminis
646 955 672 1009 in
698 955 784 1026 gloria
799 971 859 1023 sua,
888 962 914 1010 et

114 1056 212 1097 ornnes
226 1042 388 1112 angelicum
400 1059 444 1110 eo,
457 1051 520 1100 tunc
531 1045 768 1117 congregabuntur
778 1052 841 1099 ante
852 1059 914 1098 eum

114 1153 213 1195 omues
227 1148 325 1211 gentes
340 1141 450 1203 tdlattlr.
463 1150 554 1211 aaut.»
567 1143 778 1213 (Accusamus).
787 1142 820 1195 Et
829 1140 914 1196 Judaei

114 1227 217 1300 quippe
233 1228 322 1300 quiin
349 1229 453 1285 malitia
467 1238 686 1300 perseverantes,
703 1231 730 1284 in
752 1229 799 1285 illa
811 1229 915 1299 judicia

112 1316 244 1388 puniendi
260 1325 332 1386 suut,
350 1318 419 1373 sicut
447 1318 512 1373 alibi
543 1320 704 1375 dictumest
722 1339 728 1374 :
752 1342 763 1367 ι
779 1319 917 1374 Videbunt

111 1402 141 1458 in
166 1421 249 1476 quem
262 1415 435 1477 pupugerunt
463 1407 557 1475 (dcco.
575 1408 639 1478 xix).
654 1433 665 1456 ιι
682 1408 748 1463 Cum
765 1408 835 1463 enim
852 1406 917 1462 honi

112 1499 138 1549 ct
153 1493 219 1548 mali
231 1493 316 1548 visuri
330 1503 395 1550 sunt
405 1495 529 1565 judicem
544 1497 668 1553 virorum
695 1504 721 1552 et
735 1504 914 1564 mortuorum,

111 1593 208 1665 procul
235 1595 318 1651 dubio
347 1596 419 1652 euim
435 1597 605 1653 rideremali
635 1607 838 1669 nonpotemnt,
864 1599 917 1654 nisi

967 452 1041 507 Visio
1064 451 1109 506 illa
1124 451 1183 506 Filii
1199 452 1330 517 hominis,
1347 466 1398 505 nee
1425 450 1525 505 bouum
1541 450 1590 504 erit
1612 447 1703 518 impiis
1718 446 1765 516 qui

967 542 1105 595 mittentur
1125 540 1152 594 in
1167 540 1259 611 ignem
1274 548 1414 603 aeteruum,
1432 554 1483 593 occ
1510 552 1647 592 summurn
1662 536 1762 590 bouum

967 626 1018 681 erit
1030 626 1123 695 justis.
1143 627 1239 682 Adhuc
1254 627 1323 681 enim
1341 634 1420 681 vocat
1433 641 1481 680 eos
1509 625 1543 679 ad
1558 639 1676 696 regnum
1691 622 1765 693 quod

967 724 1146 794 eisparatum
1174 723 1355 779 estabiuitio
1385 722 1488 777 mundi.
1507 722 1582 777 Sicut
1611 721 1683 776 euim
1711 718 1764 773 iliis

968 812 1062 867 dicet:
1081 836 1092 860 ι
1110 812 1149 867 lte
1164 813 1192 866 in
1215 813 1306 885 ignem
1323 823 1454 867 aeteruum
1479 811 1588 880 (rtluttl.
1615 812 1683 874 xxv)
1701 826 1707 862 :
1725 809 1765 863 sic

965 899 1066 968 justis:
1085 924 1096 947 ιι
1115 901 1219 967 Venite,
1250 901 1384 956 benedicti
1416 900 1503 954 l‘atris
1535 899 1598 964 orei,
1624 897 1763 968 possidete

968 1007 1092 1070 paratum
1107 1000 1185 1055 vebis
1201 1015 1314 1070 regnum
1340 1000 1434 1069 (ibid.)
1464 1023 1474 1046 ιι
1507 999 1539 1052 lit
1553 999 1621 1053 sieut
1636 996 1674 1052 illi
1689 997 1765 1051 ibunt

968 1098 996 1151 in
1012 1097 1228 1153 combustionem
1243 1106 1385 1159 aternam,
1402 1098 1441 1152 sic
1463 1096 1527 1165 justi
1543 1097 1570 1149 in
1586 1097 1670 1149 vitam
1685 1103 1764 1149 teter-

968 1202 1043 1241 nam.
1061 1186 1131 1255 Quid
1159 1194 1201 1241 est
1216 1195 1307 1241 autem
1335 1186 1390 1240 rita
1403 1195 1504 1240 aeterna
1519 1184 1570 1238 uisi
1584 1193 1612 1238 ut
1628 1198 1764 1255 recogno·

969 1282 1046 1330 scant
1073 1285 1108 1337 te,
1144 1275 1240 1346 inquit,
1270 1291 1352 1328 uuum
1384 1275 1468 1327 bearn
1501 1273 1601 1336 virum,
1630 1279 1656 1326 et
1684 1286 1764 1342 quem

969 1363 1066 1417 misisti
1093 1363 1185 1417 lesum
1214 1362 1349 1417 Christum
1377 1362 1472 1431 (loco.
1506 1362 1588 1430 xrn):
1605 1359 1654 1414 sed
1668 1359 1695 1412 in
1717 1357 1765 1412 illa

969 1460 1102 1527 claritate,
1134 1460 1168 1514 dc
1183 1474 1236 1531 qua
1262 1459 1326 1515 dicit
1342 1458 1434 1513 Patri:
1453 1484 1462 1504 ιι
1481 1456 1567 1526 Quam
1582 1455 1664 1510 habui
1691 1454 1764 1525 apud

970 1557 996 1604 te
1020 1549 1181 1619 priusquam
1206 1548 1326 1601 nariodus
1342 1547 1421 1601 tieret
1448 1546 1551 1615 (ibid).
1575 1568 1585 1592 ιι
1601 1545 1677 1598 Tunc
1692 1542 1763 1596 enim

970 1635 1056 1691 tradet
1071 1652 1190 1708 regnum
1206 1637 1264 1691 Deo
1278 1645 1304 1690 et
1321 1636 1403 1702 Patri,
1420 1644 1448 1690 ut
1462 1639 1542 1689 intret
1556 1649 1654 1688 servus
1678 1632 1764 1686 banus

111 1695 196 1751 solam
210 1692 326 1752 ianuam
342 1714 394 1768 qua
408 1698 480 1755 lilius
495 1701 613 1756 hominis
636 1708 695 1770 est;
712 1701 762 1756 sed
782 1702 912 1756 tamenin
927 1696 954 1759 Β
968 1724 997 1778 in
1011 1725 1141 1797 gaudium
1156 1724 1263 1779 Domini
1274 1725 1327 1778 ,up

111 1784 235 1840 claritate
252 1785 281 1840 in
301 1802 355 1858 qua
373 1788 517 1858 judicabit,
536 1797 562 1843 et
589 1789 616 1843 in
639 1789 791 1845 humilitate
818 1790 845 1844 iu
862 1806 915 1861 qua
1225 1824 1331 1863 „mm
1356 1822 1505 1862 mmmm,

105 1867 246 1936 judicatus
259 1883 312 1930 cst.
328 1876 389 1931 Non
404 1878 476 1931 enim
487 1878 585 1932 iterum
597 1877 722 1933 Christus
732 1878 760 1932 iu
774 1895 858 1935 cruce
872 1878 913 1935 vi·
1003 1898 1092 1962 Nunc,
1109 1896 1288 1962 dilecpissjmi,
1304 1897 1377 1952 diem
1392 1896 1488 1951 monis
1503 1903 1603 1950 „Osrsae
1617 1901 1644 1950 92
1666 1893 1766 1948 adven.

110 1970 219 2028 deum
233 1977 286 2029 θεῖ·
302 1973 434 2030 (mesum
449 1975 521 2034 illam
533 1977 582 2032 ⁰05
592 1976 706 2031 s⁰ffl¹⁸¹1¹
717 1977 744 2031 ln
755 1991 808 2048 (1¹¹⁸
818 1992 913 2048 aequa-
969 1993 1023 2041 turn
1040 1984 1147 2041 Domini
1162 1986 1249 2040 nostri
1264 1985 1326 2040 Jrsu
1346 1985 1445 2040 Christi
1465 1992 1491 2038 et
1506 1984 1627 2039 terribile
1654 1998 1686 2037 ac
1709 1997 1765 2036 me-

109 2067 144 2124 lis
159 2078 202 2126 est
216 2072 299 2140 Patri,
315 2073 414 2143 procul
430 2075 515 2130 dubio
531 2074 607 2146 impii
622 2091 676 2131 nou
692 2076 833 2131 ridebunt.
853 2076 914 2130 Non
968 2073 1098 2130 tuendum
1112 2073 1243 2142 iudicium
1258 2073 1318 2142 ejus
1338 2072 1497 2128 studeamus
1507 2072 1610 2143 jugiter
1624 2070 1759 2143 cogitare.

115 2165 188 2220 euim
217 2175 280 2223 sunt
306 2170 501 2227 mundicordes
531 2173 576 2243 qui
605 2173 687 2239 beati,
716 2173 844 2244 quoniam
859 2172 914 2244 ipsi
968 2171 1008 2227 dd
1033 2172 1153 2227 omniurn
1177 2172 1249 2227 euim
1277 2179 1451 2242 peccatorum
1467 2170 1581 2226 vulnera
1595 2168 1670 2224 nulla
1685 2169 1763 2222 inve·

109 2262 467 2338 beumvidebunttmtatth.
477 2268 914 2341 vanitoquioaltitiustteijudex
969 2260 1019 2315 uiri
1035 2268 1155 2331 possunt
1170 2260 1280 2315 utiliora
1294 2260 1425 2327 remedia,
1442 2274 1523 2330 quam
1539 2267 1567 2313 ut
1577 2257 1763 2327 unusquisque

110 2359 141 2414 in
169 2359 302 2417 formain
332 2365 568 2437 quuaequattsesr
592 2366 719 2433 1³2hW
744 2367 913 2439 jmpjigcum
969 2351 1071 2421 cogitet
1098 2351 1193 2405 horam
1217 2349 1303 2417 illam,
1333 2349 1444 2420 quando
1459 2349 1509 2402 erit
1537 2347 1638 2401 dehoc
1663 2343 1763 2400 saeculo

107 2449 278 2519 judicaturus
292 2460 332 2506 est
346 2454 498 2523 apparebit,
524 2455 643 2526 quidest
660 2456 796 2526 quodpro
812 2471 913 2528 magno
968 2447 1145 2517 migraturus.
1174 2444 1318 2513 Quomodo
1333 2445 1405 2499 enim
1436 2447 1525 2514 potest
1540 2443 1597 2498 heri
1612 2450 1639 2497 ut
1666 2440 1764 2512 aliquis

109 2536 235 2594 dilectori
249 2554 298 2594 suo
313 2540 458 2610 pollicetur
473 2543 568 2598 dicens
585 2563 591 2597 :
610 2565 621 2591 ιι
640 2544 698 2614 Ego
709 2544 820 2613 diligam
836 2558 909 2610 eum,
966 2540 1765 2613 graviapeecatapraesumatsuscipere,quandosementen·

111 2641 139 2689 et
151 2635 292 2690 estendam
308 2637 440 2708 meipsum
456 2639 494 2693 illi
520 2639 615 2708 (doun.
631 2643 717 2709 inm.»
743 2640 913 2711 Quapropter
969 2631 1001 2684 tis
1015 2630 1131 2702 singulis
1145 2629 1232 2685 credit
1246 2630 1280 2684 da
1295 2630 1347 2685 hoc
1359 2630 1424 2685 luce
1440 2645 1520 2698 posse
1540 2628 1669 2700 urigrare.
1686 2626 1763 2681 Sicut

117 2721 202 2778 Filius
229 2724 346 2780 hominis
359 2726 530 2794 judicaturus
557 2737 609 2795 est,
624 2744 675 2784 nec
691 2735 784 2783 tamen
800 2744 833 2782 ex
857 2730 911 2783 hu·
966 2725 1040 2780 enim
1064 2733 1090 2779 et
1106 2724 1251 2796 Scriptura
1266 2723 1330 2779 dicit
1346 2741 1353 2777 :
1372 2748 1383 2770 ιι
1402 2725 1548 2785 lleruento,
1570 2722 1618 2789 fili,
1634 2722 1762 2793 quoniam

114 2836 195 2876 mana
221 2831 363 2892 potestate,
381 2826 429 2879 serl
444 2841 480 2880 ex
508 2842 539 2881 ea
555 2843 607 2898 qua
622 2827 704 2881 Filius
719 2826 767 2881 Dei
783 2835 836 2882 est.
856 2828 913 2881 lta·
966 2838 1042 2877 mors
1056 2836 1110 2876 nou
1125 2819 1242 2874 tardabit
1258 2822 1418 2885 (hector),
1430 2843 1440 2867 ιι
1459 2827 1485 2873 et
1501 2819 1566 2873 illud
1580 2836 1586 2872 :
1602 2843 1612 2866 ιι
1626 2821 1763 2872 Memento

115 2925 169 2980 que
198 2920 342 2981 utrumque
358 2913 411 2968 dici
438 2922 528 2985 potest
546 2931 552 2969 :
569 2924 594 2969 et
608 2915 692 2969 Filius
711 2915 828 2971 bominis
840 2916 913 2984 judi·
966 2919 1177 2975 novissimorum
1202 2926 1322 2979 tuorum,
1352 2925 1378 2970 et
1400 2916 1512 2972 desines
1540 2915 1674 2969 inimicari
1698 2917 1763 2983 tlic-

114 3015 199 3085 cabit,
227 3024 254 3072 et
278 3033 333 3073 non
361 3019 444 3073 Filius
463 3020 580 3075 hominis
607 3021 748 3090 judicabit,
768 3027 799 3076 ut
816 3010 1015 3115 verumct'ii·
1032 3008 1092 3077 ru),
1116 3030 1127 3053 ”
1145 3005 1277 3076 ‘illenim
1294 3004 1668 3075 dilig<¹¹¹¹t¹f³iie¹¹tiib‘luam
1694 3007 1763 3057 ⁶¹¹?st

113 3111 149 3167 sit
181 3115 254 3186 quod
280 3116 316 3170 air
345 3136 354 3172 ,-
387 3140 398 3163 a
434 3118 499 3173 Cum
528 3120 637 3175 venerit
665 3119 748 3175 pilius
781 3120 908 3188 hominis,
966 3097 1015 3152 erit
1050 3094 1217 3151 examinatio
1252 3101 1314 3149 ante
1348 3091 1467 3147 tribuual
1504 3093 1613 3158 (iluisti,
1641 3091 1687 3145 ubi
1715 3107 1764 3145 re-

110 3210 176 3258 tune
203 3205 451 3277 congregabuntur
477 3215 539 3263 anre
574 3224 635 3263 eum
663 3224 758 3264 onmes
783 3217 907 3281 gemes,
965 3199 1093 3262 capturus
1104 3198 1148 3246 est
1160 3190 1346 3261 uotisquisque
1357 3189 1506 3245 secundum
1517 3185 1763 3259 operasua,nouei

108 3297 205 3346 ernon
223 3293 305 3347 titius
329 3294 446 3349 hominis
456 3295 598 3364 judicant,
621 3305 649 3352 ur
665 3314 760 3353 vei-um
790 3299 909 3369 sequor
965 3287 1089 3351 poterunt
1108 3280 1217 3350 placere
1238 3277 1410 3348 percuraret
1427 3277 1676 3347 criminaeroerie·
1696 3276 1763 3331 Cum

108 3379 145 3434 air
164 3401 170 3435 ε
190 3404 200 3428 ιι
217 3381 277 3451 Ego
292 3397 346 3436 non
359 3383 454 3452 judico
483 3385 581 3456 (doctr.
604 3392 633 3456 r),
653 3411 664 3433 ιι
681 3397 707 3441 et
725 3406 730 3441 ε
753 3411 764 3435 ιι
782 3388 841 3459 Ego
857 3404 911 3441 uon
965 3369 1037 3425 caim
1052 3376 1114 3423 ante
1125 3368 1200 3422 illum
1215 3369 1384 3422 tremendum
1395 3367 1698 3438 judicemeongregatae
1709 3365 1762 3419 lue·

111 3485 204 3540 quaero
234 3471 353 3542 gloriam
380 3489 477 3539 meam,
494 3481 537 3528 est
565 3475 610 3546 qui
632 3484 733 3546 quaemp
757 3482 784 3531 et
808 3476 911 3543 judicer
965 3459 1237 3527 riutomuesgentes
1256 3458 1367 3521 (llattlr.
1393 3456 1477 3525 xxiv),
1493 3455 1557 3526 quid
1575 3464 1637 3510 tunc
1652 3455 1703 3508 erit
1716 3453 1761 3507 in-

110 3567 216 3637 (tcta).
238 3568 308 3623 Nam
332 3571 480 3625 secundum
510 3573 564 3628 hoe
589 3573 661 3644 quod
688 3573 832 3641 injudicio
856 3589 910 3630 nou

107 3656 200 3711 torma
215 3655 277 3722 Dei,
297 3657 346 3712 sed
361 3659 448 3713 forma
464 3659 526 3715 Filii
552 3660 670 3715 hominis
686 3661 839 3732 apparebit,
861 3679 912 3719 nec

107 3737 167 3822 ipse
183 3752 402 3822 Paterjudieabit
413 3776 418 3810 :
429 3757 581 3810 secrmdum
595 3757 646 3812 hoc
658 3757 729 3812 enirn
739 3757 840 3814 dictum
851 3766 891 3813 est
902 3774 909 3813 ι

111 3870 122 3896 ι
141 3847 224 3904 Dedit
233 3851 316 3906 Pater
330 3852 400 3907 Filio
411 3853 493 3908 ritam
504 3855 606 3910 habere
618 3854 645 3909 in
656 3855 804 3926 semeptiso
816 3854 909 3925 (loon.

107 3947 138 4016 v)
155 3963 162 4000 :
181 3962 259 4003 nucu
274 3949 365 4018 utique
377 3951 496 4007 dicitur:
514 3953 597 4007 Pater
611 3968 666 4008 non
679 3952 913 4026 jurlicabitqnem-

108 4058 191 4114 quam
204 4060 211 4113 ;
223 4045 272 4099 sed
281 4047 434 4101 seeundum
445 4048 497 4101 hoo
508 4048 580 4117 quod
589 4048 724 4119 aequalem
734 4049 913 4121 Patergenuit

109 4140 218 4208 fitium,
241 4142 376 4211 judicabit
402 4158 463 4198 cum
480 4143 536 4199 illo.
559 4144 714 4200 Secundum
729 4147 858 4216 lrocergo
872 4146 913 4201 di-

962 3547 1051 3617 jtrstis,
1068 3555 1095 3601 et
1110 3545 1250 3610 adulteris,
1267 3545 1394 3610 ebriosis,
1411 3551 1492 3614 atque
1506 3544 1686 3615 raptoribus‘.l
1699 3542 1762 3598 tte-

964 3643 1008 3689 tus
1035 3635 1176 3691 oculorum
1205 3641 1232 3689 et
1262 3634 1363 3688 stridor
1385 3633 1516 3699 dentium,
1532 3649 1592 3689 cum
1609 3637 1765 3687 sanctorum

965 3724 1163 3779 multitudinem
1177 3722 1211 3777 ad
1241 3724 1383 3778 dexteram
1398 3721 1485 3790 repis,
1498 3730 1525 3778 et
1538 3722 1572 3776 ad
1587 3722 1702 3793 gloriam
1718 3737 1764 3775 se·

965 3820 1119 3886 plagatam,
1127 3819 1299 3881 peccatorum
1316 3811 1447 3882 populum
1459 3812 1486 3865 in
1495 3810 1657 3880 protundum
1669 3807 1764 3864 tartari

966 3901 1025 3956 sine
1046 3899 1102 3956 ulla
1117 3900 1304 3955 miserationis
1318 3914 1351 3954 ac
1375 3900 1461 3954 veniae
1475 3915 1525 3968 spe
1542 3899 1701 3963 dimersum,
1717 3913 1765 3952 re·

966 3988 1084 4045 cludise
1112 3988 1274 4043 intenebris
1301 3989 1390 4041 suisa
1416 3988 1493 4042 beata
1521 3997 1676 4041 sanctarum
1704 3985 1764 4040 luce

965 4077 1093 4141 virleriut,
1123 4085 1149 4131 et
1177 4077 1204 4130 in
1229 4075 1395 4146 proluurlum
1423 4075 1520 4130 inserui
1542 4073 1720 4141 descendere,
1738 4082 1764 4128 et

967 4189 1093 4244 superse
1109 4183 1250 4246 urgentem
1266 4187 1390 4226 ossuum
1407 4181 1528 4242 puteum,
1542 4178 1643 4225 aeterna
1658 4170 1765 4239 suppli-

108 4246 182 4294 “um
196 4245 248 4305 ⁰⁸¹⁷
265 4240 337 4311 ΨΜ
352 4240 379 4293 ῙΠ
392 4240 498 4310 jndi⁰i⁰
513 4257 567 4297 ¹¹⁰⁰
578 4241 665 4296 s⁰s¹¹¹³
682 4243 740 4308 ⁰⁰52
757 4243 806 4297 sed
827 4243 913 4298 s⁰s¹¹¹⁸
966 4263 1008 4317 eia
1022 4271 1049 4317 et
1062 4271 1221 4332 perpetuam
1237 4271 1350 4315 mortem
1367 4261 1493 4315 morituri
1508 4260 1677 4330 aspexerint.
1695 4259 1763 4313 Fru-

108 4334 155 4390 fiffi
169 4336 288 4391 hminis
302 4338 455 4407 apparebit·
476 4339 539 4393 N⁰¹¹
558 4339 619 4410 ‘luia
631 4339 763 4408 iudicabit
781 4341 826 4412 qui
838 4341 912 4395 dedit
967 4368 1021 4414 stra
1036 4359 1167 4431 pauperis
1182 4376 1263 4431 qrrem
1283 4360 1309 4411 io
1328 4360 1378 4413 trac
1406 4359 1458 4412 vita
1481 4358 1606 4428 desperit
1626 4365 1762 4427 peccator,

107 4448 188 4488 ⁰m¹¹⁰
199 4434 331 4502 lullissium
347 4435 428 4500 Fili&
445 4452 507 4491 ⁰111ss
523 4437 557 4492 de
573 4437 621 4492 il¹0
636 4439 708 4493 dieat
724 4438 815 4493 Filius·
833 4462 844 4487 «ι
861 4413 949 4493 1⁴3le
964 4449 1182 4504 misericordiam
1198 4448 1357 4519 postulabit,
1374 4448 1474 4503 frustra
1490 4458 1644 4504 extremum
1669 4445 1766 4500 Lazari

106 4531 153 4602 (issi
168 4540 274 4603 duffii
288 4540 315 4587 ⁰¹
328 4534 433 4602 judicet
446 4552 452 4587 ²
467 4558 477 4581 ’³
491 4535 541 4589 sed
556 4536 591 4590 {¹³
606 4536 781 4592 dictumest:
800 4560 810 4585 ¹
829 4539 911 4592 Pales
965 4547 1090 4619 digitum,
1108 4564 1162 4618 quo
1190 4547 1290 4602 ardens
1305 4546 1492 4618 refrigeretur,
1518 4545 1674 4599 ardentibus
1687 4542 1766 4597 labiis

105 4646 161 4687 ⁰⁰¹¹
186 4633 290 4702 ildicfli
310 4650 484 4707 quemdum,
509 4635 558 4691 sed
585 4636 808 4705 ⁰¹¹¹net'ttdicium
836 4636 911 4691 dedii
966 4645 1075 4716 rogabit
1098 4643 1206 4716 apponi,
1224 4659 1288 4698 cum
1303 4642 1368 4697 relit
1387 4641 1470 4696 miser
1485 4657 1545 4695 com
1563 4641 1700 4708 justorum
1716 4637 1766 4691 hu·

107 4730 307 4787 Filio»:acsi
335 4732 579 4788 diceret:l’atrem
608 4749 690 4788 nemo
707 4734 846 4788 videbitin
861 4734 908 4804 ju·
966 4734 1129 4805 miliumque
1143 4730 1397 4803 pauperumlrutari
1411 4730 1510 4801 gloria,
1526 4744 1593 4800 rpuos
1610 4725 1673 4781 vidit
1688 4725 1764 4779 doris

104 4827 177 4884 «licio
192 4828 316 4886 virorum
332 4837 550 4897 etmortuorum,
567 4830 616 4884 sed
627 4845 722 4884 omnes
734 4829 909 4901 Filium,quia
968 4831 1104 4904 quondam
1127 4829 1293 4902 paupertatis
1308 4828 1477 4895 subjacuisse
1505 4824 1658 4888 laburihuS,
1675 4831 1701 4876 et
1716 4822 1763 4876 illa

105 4935 133 4981 et
148 4925 219 4981 filius
233 4926 353 4983 hominis
377 4936 429 4993 est,
446 4935 474 4981 ut
497 4926 582 4997 possit
609 4931 636 4982 et
648 4926 682 4981 ab
703 4925 793 4996 impiis
808 4925 906 4994 videri,
967 4929 1128 5001 invitaque
1144 4944 1203 4984 cum
1218 4928 1268 4980 rita
1284 4925 1434 4980 moriuntur
1447 4923 1516 4977 nrala
1532 4930 1664 4992 portasse,
1681 4935 1714 4973 oe
1729 4920 1764 4972 ad

105 5038 168 5080 cum
177 5033 204 5079 et
216 5024 256 5080 illi
266 5025 406 5089 ridebunt,
418 5026 445 5080 in
457 5042 537 5097 quem
547 5032 733 5095 pupugerunt.
747 5023 908 5093 Omneergo
964 5019 1764 5092 illaaeteruamererentursuppliciapervenirel'tergohaec

104 5122 181 5179 dedit
207 5123 342 5193 judicium
371 5124 450 5189 Filio,
469 5122 906 5196 quiajudexinformatiliiho·
963 5134 1018 5181 tarn
1034 5125 1110 5192 dura,
1126 5132 1153 5178 et
1168 5131 1222 5176 tam
1238 5119 1373 5176 terribilia
1402 5115 1764 5184 autetrihunalarterniJ'u·

104 5220 185 5275 minis
216 5221 368 5291 apparebit,
394 5237 454 5293 quat
484 5221 571 5277 lorma
599 5239 654 5278 non
681 5230 722 5277 est
746 5221 907 5288 Patris,sed
963 5222 1032 5278 dicis
1045 5221 1140 5275 audire
1156 5235 1210 5274 non
1225 5232 1391 5281 mereantur,
1402 5216 1465 5270 dum
1480 5213 1651 5278 adlurclicet,
1663 5222 1763 5269 etcum

105 5318 176 5385 Filii,
194 5333 246 5374 nec
261 5334 293 5374 ea
308 5318 367 5373 Filii
383 5317 474 5390 inqua
488 5321 651 5391 aequalisest
665 5319 747 5386 Patri,
759 5319 807 5374 sed
820 5317 909 5390 inqua
964 5321 1013 5376 Dei
1029 5318 1162 5387 adjutorio
1176 5317 1203 5371 in
1227 5322 1360 5387 potestate
1383 5321 1478 5369 nostra
1503 5321 1543 5366 est
1559 5312 1764 5368 consideremus

102 5417 196 5472 minor
211 5424 255 5473 est
268 5417 358 5485 Patre,
367 5424 395 5471 ut
411 5415 445 5471 sit
459 5416 597 5486 injudicio
611 5417 691 5473 bunis
705 5425 732 5473 et
745 5415 826 5471 malis
838 5430 907 5471 con·
963 5412 1147 5470 conscientias
1161 5419 1278 5474 nostras,
1290 5416 1318 5463 ct
1332 5407 1456 5479 sistique
1471 5406 1587 5463 crimina
1599 5406 1643 5461 rel
1654 5417 1766 5476 peccata

103 5516 228 5587 spicuas.
243 5514 358 5585 eraudo
371 5523 462 5571 autem
485 5514 604 5585 judicem
618 5513 749 5571 videbunt
764 5511 836 5579 mali,
852 5528 908 5568 non
963 5508 1224 5582 capitalia,oecdum
1237 5505 1420 5574 eleemosynis
1435 5512 1460 5560 et
1471 5504 1765 5573 orationihuspurgata

103 5612 146 5669 cis
174 5613 311 5669 videbitur
337 5613 437 5681 honus,
451 5612 582 5685 quianon
610 5612 645 5668 sd
664 5627 726 5669 eum
746 5609 907 5684 gaudebunt
964 5607 992 5663 iu
1020 5607 1110 5672 notris,
1145 5606 1232 5662 adhuc
1259 5598 1397 5661 dominari
1427 5603 1630 5673 cognoscimus,
1657 5607 1763 5668 portum

103 5703 201 5780 ieme,
214 5707 265 5766 ted
278 5714 343 5769 tuat
356 5704 529 5785 plangentes
545 5698 643 5767 ‘amhae
657 5709 745 5765 ttibut
760 5700 861 5766 ten-et
877 5698 906 5763 td
963 5698 1141 5777 penitentiae,
1157 5699 1277 5759 certetis
1304 5698 1480 5771 peccatorum
1507 5695 1641 5762 fluetibus,
1657 5689 1765 5748 ennato
