3780 6038
118 280 172 339 859

666 266 840 326 wshhsut
860 262 1005 324 tuctus
1023 263 1057 322 S.
1078 262 1189 321 hhtstt
1721 270 1768 326 ιω

118 422 196 480 Unde
211 421 291 479 etiam
305 421 411 479 asinam
427 429 454 479 st
467 419 569 493 pullum
585 417 670 475 ralert
684 416 764 473 simul
780 389 955 472 adductosA
972 405 1060 463 iem
1073 398 1185 448 mm
1198 390 1327 449 dmm
1348 393 1442 450 hum
1458 391 1533 466 (ΨΜ
1552 391 1769 451 mimmii·

118 511 236 567 Domino
250 513 364 581 (licitis.
384 512 439 582 xx),
462 526 524 568 cum
551 509 642 566 caeteri
657 516 712 563 tres
740 506 916 577 evangelistae

119 600 293 657 solummodo
312 600 479 657 mentionem
503 598 605 655 iaciunt
629 598 709 664 asini,
726 602 819 670 utpote
844 594 916 650 scri-

118 697 215 753 bentes
230 698 360 754 Ecclesia>
374 702 506 771 gentium.
521 698 606 753 Vocat
620 695 752 751 Dominus
768 693 917 750 secundum

119 787 239 844 blancum
254 802 359 842 caccum
372 786 534 843 clamantem
550 785 584 840 ad
600 802 639 853 se,
656 801 717 840 cum
734 783 834 856 populo
848 798 916 856 gen·

118 875 195 943 tium,
212 875 353 932 scientiam
383 875 503 931 veritatis
531 873 708 937 desideranti,
740 890 791 945 per
805 879 916 928 sanctos

117 971 312 1043 praedicatores
327 970 440 1027 verbum
457 969 520 1026 fidei
530 970 685 1026 committit.
703 970 757 1033 Qui
775 970 840 1027 dicit
854 987 917 1028 cum

117 1061 264 1132 propheta:
282 1079 293 1112 r
310 1059 442 1117 heredita
452 1060 486 1115 ad
501 1076 573 1126 aum,
584 1067 609 1115 et
623 1059 812 1115 illuminamini
827 1063 915 1128 (Psoi.

117 1149 227 1220 xxxin).
242 1172 253 1198 a
272 1151 304 1205 Et
319 1149 436 1205 iterum:
448 1169 460 1200 ι
473 1150 572 1220 Surge,
588 1149 633 1221 qui
649 1148 761 1216 dormis,
778 1156 804 1205 et
814 1166 916 1206 cxsur-

118 1262 181 1320 gea
200 1246 325 1313 mortuis,
349 1255 375 1302 et
396 1245 558 1330 illuminabit
585 1245 634 1302 tibi
648 1246 771 1303 Christus
799 1249 911 1320 (Ephea.

118 1342 160 1406 v)·
178 1359 189 1384 a
207 1337 258 1391 Per
272 1334 464 1392 vestimentum
480 1335 573 1406 accipe
603 1335 755 1404 lacultatas‚
772 1344 799 1393 et
814 1338 915 1394 retina-

118 1423 178 1481 cula
196 1424 302 1479 mundi.

156 1521 228 1577 Dede
247 1522 274 1577 in
289 1523 405 1580 Lucam:
422 1523 491 1578 Dum
520 1522 651 1579 Conditor
665 1532 759 1581 noster
773 1522 917 1596 appropin-

119 1618 181 1682 quat
196 1610 317 1677 iericho,
339 1627 429 1668 caecus
448 1612 482 1667 ad
498 1611 590 1668 lumen
606 1611 688 1681 redit,
706 1612 778 1683 quia,
795 1614 858 1669 dum
872 1613 917 1697 Di-

118 1699 217 1755 vinitas
231 1699 367 1757 delectum
389 1709 491 1758 nostrae
506 1701 595 1758 carnis
624 1701 747 1774 suscipit,
768 1703 915 1759 humanum

970 478 1019 549 pit.
1032 479 1126 536 Caecus
1141 481 1218 536 sedet
1231 483 1307 551 juxta
1321 483 1406 549 viam,
1422 481 1487 538 dum
1502 481 1599 554 incipit
1615 481 1732 539 credere
1745 485 1769 540 in

971 567 1059 639 ipsum
1076 568 1120 641 qui
1136 569 1200 627 dicit
1218 588 1225 625 ε
1243 572 1320 644 «Ego
1335 587 1395 626 sum
1410 571 1454 628 via
1469 572 1562 642 (ioan.
1581 574 1655 642 xta).
1675 572 1769 627 »llan-

970 666 1043 722 dicat
1057 667 1123 722 dum
1141 677 1229 741 rogat.
1246 670 1324 725 Unde
1340 669 1483 742 sequitur:
1507 692 1518 717 ι
1535 669 1570 724 lta
1584 668 1737 725 clamabat.
1757 697 1766 717 ι

971 754 1027 824 Qui
1040 756 1131 812 lesum
1156 757 1310 814 venientem
1334 758 1491 830 praecedunt
1519 766 1547 814 et
1561 757 1719 830 increpant,
1733 766 1769 814 tu·

970 844 1082 900 multum
1098 846 1251 902 carnalium
1267 847 1395 903 uitiorum
1421 846 1578 920 designavit
1605 846 1653 919 qui
1669 848 1768 919 cogita-

971 942 1059 998 tiones
1069 953 1176 999 nostras
1191 944 1335 1015 dissipant,
1351 953 1475 1001 atroces
1501 944 1593 1001 cordis
1608 944 1638 999 in
1653 946 1769 1002 oratione

970 1032 1140 1104 perturbant,
1158 1049 1192 1090 ne
1206 1034 1286 1089 lasus
1313 1048 1363 1090 cor
1376 1032 1531 1089 illuminare
1555 1033 1681 1089 accedat.
1698 1034 1770 1105 Saepe

971 1139 1120 1189 occurrunt
1134 1131 1210 1189 cordi
1232 1133 1422 1204 phantasmata
1442 1139 1699 1205 peccatorumque
1714 1131 1771 1188 leci-

971 1237 1031 1276 mus
1046 1228 1073 1277 ct
1085 1221 1195 1277 turbant
1210 1222 1340 1289 animum,
1357 1220 1478 1279 sedtunc
1493 1220 1643 1277 ardentius
1663 1220 1769 1277 clamori

970 1319 1101 1378 orationis
1115 1319 1297 1375 insistendum
1316 1328 1366 1376 cst.
1384 1319 1461 1376 Unde
1476 1320 1674 1390 phantasmata
1688 1334 1771 1376 occur·

970 1418 1042 1476 runt,
1066 1409 1239 1481 aliquatenus
1266 1411 1359 1467 lesum
1384 1409 1499 1465 transire
1528 1408 1670 1464 sentimus
1689 1425 1697 1479 ;
1714 1425 1770 1465 curn

970 1515 1038 1555 vero
1057 1498 1175 1555 orationi
1207 1499 1384 1554 vehementer
1410 1498 1573 1567 insistimus,
1597 1506 1666 1555 tunc
1698 1497 1770 1554 nabis

969 1597 1049 1656 lesus
1063 1596 1272 1671 appropinquat,
1284 1603 1311 1653 ct
1326 1595 1365 1653 sic
1378 1596 1424 1652 lua
1439 1597 1540 1653 amissa
1555 1604 1713 1669 reparatur.

476 1928 786 2033 uottthhch
806 1929 868 2033 IN
890 1921 1415 2055 QUINQUAGESIllA

155 2194 166 2222 r
184 2173 271 2242 Quam
287 2187 386 2244 magna
397 2173 707 2229 multitudodulcedinis
719 2173 915 2240 tuas,D0minc,
931 2172 957 2233 B
972 2179 1101 2228 aeternam
1116 2186 1167 2242 pro
1182 2184 1230 2225 sua
1244 2166 1373 2239 passione
1388 2167 1507 2223 reddidit
1525 2185 1531 2221 :
1549 2182 1635 2239 quam
1646 2166 1704 2222 suis
1714 2182 1772 2239 quo·

119 2276 200 2332 quam
216 2261 383 2317 abscondisti
398 2262 557 2318 timentibus
571 2269 599 2318 tc
609 2264 695 2334 (Pari.
710 2264 784 2334 xxx).
804 2286 814 2312 a
834 2265 914 2331 Vere,

118 2348 284 2416 charissimi,
302 2366 400 2422 magna
415 2359 442 2406 et
454 2351 552 2423 ingens
567 2360 608 2406 est
633 2351 775 2407 multitudo
791 2351 916 2407 dulcedi·

119 2439 172 2507 nis,
190 2457 242 2513 qua
270 2440 437 2513 porlrucudo
458 2443 525 2515 justi
553 2443 664 2500 ahluunt
687 2445 813 2500 omnibus
844 2445 915 2501 doli-

119 2528 182 2586 ciis.
206 2530 271 2586 llaec
285 2531 403 2588 dulcedo
422 2547 493 2589 nuuc
519 2533 630 2606 quidem
646 2534 732 2589 Deum
758 2534 916 2591 timentibus

118 2617 304 2690 absconditur,
320 2629 384 2676 tunc
402 2629 492 2677 autem
503 2622 679 2694 sperantibus
693 2622 720 2678 iu
734 2638 797 2679 eum
813 2623 916 2696 perlici·

119 2722 171 2781 tur,
185 2731 248 2772 cum
262 2716 290 2771 in
305 2717 407 2791 gaudio
422 2717 531 2774 Domini
545 2719 625 2776 oculo
639 2720 673 2775 ad
689 2720 796 2776 oculum
810 2720 914 2791 lleqem

118 2798 212 2873 gloriae
227 2801 253 2856 in
269 2802 368 2858 decore
388 2819 438 2858 suo
454 2803 593 2871 videbunt,
614 2813 641 2860 et
663 2804 716 2876 ipsi
730 2804 872 2877 glorificati
887 2815 915 2863 ut

118 2887 159 2944 sol
176 2889 333 2965 fulgebunt.
352 2892 479 2949 adhunc
497 2892 591 2965 itaque
606 2893 833 2966 glorificationem
849 2912 915 2967 per·

115 2984 291 3053 veniendum,
311 2987 382 3045 scala
397 2990 476 3044 nobis
491 2990 572 3047 hodie
596 2991 720 3062 erigitur,
735 3008 881 3064 perquam
899 3007 916 3048 a

116 3072 244 3131 fidelibus
258 3076 320 3133 cosli
335 3077 442 3134 culinen
458 3079 616 3151 attingitur.
646 3082 711 3137 Haec
739 3089 827 3137 autem
844 3083 917 3140 scala

58 3228 63 3239 ι
115 3162 233 3221 charitas
248 3174 299 3234 ast,
314 3183 457 3240 perquam
472 3169 505 3223 ad
527 3169 591 3226 cosli
618 3169 918 3244 lastigiatanditeccla·

971 2274 1024 2329 que
1043 2254 1225 2312 imitatoribus
1261 2253 1366 2308 tribuit.
1395 2253 1501 2309 Tertius
1525 2250 1634 2325 gradus
1648 2252 1774 2307 inseritur

970 2346 1066 2417 pietas,
1096 2360 1145 2416 per
1174 2358 1255 2415 quam
1279 2357 1463 2414 supernorum
1496 2340 1601 2398 ciuium
1617 2340 1773 2413 adipiscitur

970 2444 1058 2501 dulcis
1072 2443 1194 2499 satietas.
1226 2443 1255 2496 lo
1275 2441 1328 2497 hoc
1347 2441 1436 2514 gradu
1460 2439 1506 2512 pia
1535 2455 1620 2497 mens
1642 2439 1773 2495 scandens

970 2533 1114 2599 exaltatur,
1132 2532 1181 2588 sed
1201 2531 1321 2586 aliorum
1350 2528 1505 2585 felicitatem
1534 2544 1592 2585 uon
1622 2528 1770 2584 aemulatur.

972 2647 983 2672 ι
1000 2621 1102 2677 invidia
1117 2621 1189 2678 enim
1205 2619 1305 2675 diaboli
1319 2634 1395 2675 mors
1405 2618 1517 2673 intrauit
1532 2617 1560 2673 in
1572 2617 1674 2673 orbam
1690 2624 1771 2673 terra·

970 2745 1050 2793 rum;
1067 2727 1208 2783 imitantur
1222 2734 1315 2780 autem
1327 2723 1403 2778 illum
1424 2724 1468 2794 qui
1493 2729 1559 2777 suut
1569 2738 1609 2778 ex
1624 2731 1705 2794 parte
1718 2723 1771 2793 ejus

970 2820 1048 2892 (Sap.
1064 2820 1092 2882 ul
1118 2841 1128 2863 ·
1151 2814 1270 2885 Quartus
1294 2812 1398 2884 gradus
1424 2811 1576 2868 innectitur
1605 2810 1770 2883 simplicitas,

969 2921 1116 2979 perquam
1138 2903 1258 2961 coelestis
1273 2901 1366 2974 gaudii
1395 2901 1500 2956 subitur
1514 2900 1718 2972 multiplicitas.
1744 2902 1771 2954 lu

969 2992 1042 3047 hunc
1057 2990 1173 3064 gradum
1188 2989 1285 3061 pedem
1301 2986 1438 3058 ponimus,
1455 2985 1478 3042 si
1491 3001 1643 3058 perperam
1653 2986 1684 3042 id
1700 2985 1771 3042 trau·

971 3089 1096 3145 dolenter
1111 3104 1165 3144 non
1181 3103 1309 3160 agamus,
1333 3084 1439 3142 scilicet
1453 3084 1475 3138 si
1490 3082 1555 3139 fidei
1585 3082 1770 3142 sarritionihil

970 3179 1175 3247 subtrahimus,
1194 3185 1220 3232 et
1235 3177 1317 3241 bona,
1341 3190 1395 3230 nou
1412 3171 1505 3246 populi
1519 3172 1626 3243 lavore,
1657 3172 1770 3230 sedsola

116 3259 163 3317 siae
177 3261 325 3318 humilitas.
345 3264 432 3334 liujus
446 3266 528 3321 scalae
538 3282 606 3322 uero
623 3266 710 3323 latera
724 3277 787 3323 sunt
797 3270 916 3343 gaminae
970 3267 1020 3324 Dei
1036 3283 1120 3324 causa
1133 3265 1262 3322 iacimus.
1287 3263 1402 3333 Quintus
1427 3261 1533 3337 gradus
1560 3262 1647 3319 scalae
1674 3262 1770 3317 inditur

116 3347 281 3418 dilectionis,
298 3350 347 3408 Dei
361 3353 466 3409 scilicet
480 3363 506 3410 et
522 3356 648 3426 proximi,
660 3365 810 3427 praecepta.
830 3359 915 3416 Porro
969 3356 1118 3422 humilitas,
1138 3349 1189 3426 pei·
1203 3370 1284 3427 quam
1300 3351 1445 3425 attingitur
1458 3349 1588 3423 angelica
1611 3351 1768 3407 sublimitas.

115 3449 218 3519 gradus
242 3451 288 3521 qui
308 3451 350 3505 his
374 3452 510 3508 lateribus
526 3454 693 3520 inseruntur,
715 3465 776 3511 sunt
799 3456 916 3514 diversae
969 3456 1000 3509 ln
1015 3456 1067 3511 hoc
1082 3453 1172 3526 gradu
1181 3453 1318 3508 scandens
1329 3450 1564 3517 menssolidatur,
1580 3450 1606 3506 si
1616 3450 1652 3505 de
1662 3457 1768 3520 accepta

114 3535 225 3591 uirtutes
257 3555 308 3611 per
336 3556 404 3612 quas
438 3543 577 3597 charitatis
617 3553 753 3615 praecepta
793 3545 913 3616 compla-
930 3526 1152 3602 Cscienuanon
1172 3542 1290 3607 inllatur,
1324 3538 1766 3610 etDominumsuperbisresistc·

115 3621 224 3691 buntur,
248 3642 298 3697 per
316 3644 384 3699 quas
412 3629 458 3700 qui
473 3638 546 3686 recte
560 3631 665 3688 scandit
681 3631 778 3689 taciem
794 3634 912 3701 Domini,
969 3651 1009 3700 re,
1025 3632 1173 3689 humilibus
1198 3638 1289 3686 autam
1305 3630 1372 3686 dare
1395 3628 1510 3701 gratiam
1525 3627 1701 3685 recordatur.

116 3728 177 3783 quaa
191 3722 232 3769 ast
245 3715 373 3784 charitas,
390 3718 417 3772 in
428 3718 516 3788 jubilo
526 3719 637 3776 videbit.
647 3718 807 3790 Quindecim
823 3731 912 3778 autem
1004 3749 1101 3804 Sextus
1115 3747 1222 3822 gradus
1235 3755 1277 3803 egr
1301 3744 1395 3801 mundi
1417 3749 1603 3815 contemptus,
1629 3757 1765 3818 perquem

115 3811 218 3909 gradus
238 3820 376 3881 ¹0¹¹¹¹¹¹l¹ls
389 3816 451 3888 lssifl
465 3833 515 3888 l>el
533 3817 689 3890 (luindeoim
713 3835 804 3875 l³¹¹¹⁰⁸
819 3820 913 3876 mli·
968 3838 1079 3908 superni
1094 3837 1173 3910 regni
1198 3835 1350 3908 acquiritur
1364 3850 1476 3892 census.
1498 3834 1528 3889 lu
1543 3833 1600 3890 hoc
1620 3834 1711 3906 gradu
1722 3849 1764 3891 ea·

116 3901 311 3958 tatiscoelestia
325 3913 463 3976 petuntur.
488 3905 566 3962 Unde
581 3914 608 3962 et
633 3906 660 3961 in
684 3907 785 3977 templo
804 3908 913 3964 Domini
967 3925 1050 3981 supp
1064 3925 1153 3980 anima
1172 3924 1304 3995 gloriosa,
1333 3922 1357 3978 si
1381 3929 1492 3977 nonest
1519 3921 1686 3988 ambitiosa,
1711 3921 1765 3994 qnia

116 3989 151 4044 ad
180 3993 345 4094 sanctarium
372 4009 410 4049 xv
442 3994 566 4066 pratibus
603 3995 810 4063 ascendebatur,
850 3998 914 4070 quia
967 4030 1235 4095 popenqegpoqenqer
1264 4019 1764 4094 papenqusqormenra(30p,v1)‚st

116 4080 254 4137 scandens
280 4099 307 4137 tn
336 4086 388 4139 hac
403 4083 476 4140 scala
491 4082 527 4139 ad
542 4085 661 4141 coelestis
676 4085 768 4157 templi
785 4095 912 4144 sanctua-
967 4121 1058 4168 ,mem
1074 4112 1192 4167 Domino
1207 4109 1342 4182 pqqeuerp
1356 4110 1458 4167 (1002oe
1473 4127 1481 4166 :
1499 4132 1511 4158 .
1527 4110 1637 4178 pmice,
1654 4109 1764 4168 mnia

114 4177 183 4235 rium
209 4181 346 4238 Christum
367 4184 535 4240 sublevatur.
562 4184 661 4240 Psalmi
677 4200 785 4258 quoque
800 4202 835 4240 xv
849 4202 913 4259 gra·
968 4200 1095 4272 superius
1111 4202 1188 4271 (Luc,
1204 4202 1275 4270 nv),
1303 4224 1314 4250 a
1336 4215 1390 4255 non
1405 4205 1501 4255 renuat
1517 4199 1614 4256 subire
1627 4199 1692 4257 leve
1717 4199 1763 4255 Do·

115 4268 166 4324 dus
181 4268 377 4341 inscribuntur,
394 4273 492 4345 quibus
505 4274 564 4330 haec
589 4275 704 4330 uirtutes
732 4275 912 4342 instruuntur,
967 4291 1126 4357 minimus,
1144 4299 1173 4345 qr
1202 4289 1290 4360 possit
1315 4287 1448 4360 prodesse
1478 4287 1567 4345 verbo
1600 4297 1629 4345 et
1650 4286 1762 4359 exemplo

115 4371 165 4426 W
180 4374 249 4428 quas
273 4361 376 4417 &them
399 4378 415 4417 ³
437 4363 523 4417 bellis
547 4363 714 4419 scandum&
736 4383 743 4429 3
767 4382 802 4420 ΧΥ
823 4374 913 4421 amem
968 4386 1112 4443 [ratribus.
1129 4386 1266 4458 Septimus
1281 4386 1383 4459 gradus
1406 4384 1518 4456 ponitur
1535 4386 1697 4445 voluntaria
1707 4402 1763 4459 pau·

115 4452 177 4500 suut
191 4456 232 4502 ter
246 4449 375 4522 quinque,
392 4452 456 4522 quia
476 4467 525 4522 per
546 4450 629 4507 iidem
654 4461 756 4509 sanctae
774 4454 913 4510 Trinitatis
966 4489 1071 4553 penas.
1091 4496 1142 4551 pro
1157 4495 1211 4552 qu,
1225 4479 1322 4550 glorqae
1345 4489 1373 4535 eq
1391 4479 1548 4535 divitiarum
1562 4479 1590 4535 1„
1607 4480 1693 4538 domo
1717 4481 1761 4536 pp

116 4548 223 4615 oportet
238 4561 287 4602 nos
303 4547 456 4603 usensibus
472 4549 573 4604 nostris
600 4565 684 4618 opera
704 4551 846 4608 charitatis
862 4553 913 4607 im·
967 4569 1033 4624 mini
1047 4569 1179 4640 accipitur
1192 4569 1311 4624 phonas,
1340 4570 1370 4623 ιη
1384 4569 1458 4624 hune
1471 4568 1591 4641 gradum
1615 4568 1680 4642 figit
1692 4571 1761 4628 borna

115 4633 201 4704 plera.
218 4634 325 4690 Primus
337 4636 427 4706 itaquo
442 4637 544 4709 gradus
557 4638 637 4708 hujus
652 4640 733 4695 scalae
748 4648 789 4694 ast
806 4641 913 4711 patien-
967 4663 1092 4735 ,esqquq'
1122 4663 1146 4719 sj
1163 4680 1216 4721 110„
1245 4663 1416 4735 quaesjqqqae
1444 4661 1702 4731 sibigolummp),
1722 4661 1761 4720 aad

114 4721 162 4789 tia,
177 4721 207 4777 in
223 4738 277 4794 qua
304 4724 410 4779 animas
431 4725 567 4797 possideri
582 4727 777 4784 docetaeterna
794 4729 842 4785 Dei
866 4746 913 4786 sa·
967 4778 1028 4833 quae
1047 4760 1178 4817 omnihus
1196 4766 1260 4816 sun,
1275 4760 1347 4816 milia
1368 4769 1394 4816 e,
1408 4760 1444 4815 ,d
1458 4760 1569 4816 laudem
1590 4761 1693 4818 Christi
1706 4778 1760 4835 pe„

114 4817 228 4888 pientia.
249 4819 911 4894 luhocqraduscandentesgressumlirmamus,
970 4850 1096 4906 quemi,
1113 4851 1162 4907 ffi,
1183 4850 1243 4905 „qs
1271 4850 1388 4907 mand„
1413 4848 1502 4916 ,ω’
1531 4850 1600 4922 quq,
1620 4851 1762 4924 ,mim

114 4907 137 4960 si
162 4907 277 4976 injurias
306 4916 332 4964 ct
362 4910 542 5010 contumelias
574 4912 710 5012 patienter
735 4929 785 4986 pro
814 4914 913 4971 Christi
969 4947 1623 5019 dulcedinewapwperffim(psal.um).
1655 4949 1762 5007 om,

114 5011 207 5052 amora
235 4997 403 5068 toleramus;
426 5015 484 5070 Jam
509 5001 658 5072 opprobria
688 5009 715 5058 et
744 5001 856 5076 flogella
886 5013 913 5059 et
967 5038 1128 5108 gradum
1148 5053 1210 5108 pax,
1227 5053 1287 5108 qua,
1310 5037 1561 5094 wemmam,
1581 5037 1638 5095 su·
1668 5041 1701 5096 ln
1720 5040 1763 5095 hm

113 5093 202 5194 {DQ
213 5102 327 5194 {mmm
349 5098 641 5170 llfs’lwbisl‘lfienter
665 5101 802 5169 ⁸⁰⁸²i¹¹l¹i²=
832 5109 858 5157 ⁰¹
884 5119 914 5158 ⁵⁰
968 5126 1147 5199 gradumcns
1171 5127 1327 5191 roboratur,
1344 5126 1367 5182 si
1388 5127 1548 5184 neoverhis
1574 5143 1629 5186 nec
1650 5125 1764 5186 taauaab

114 5184 278 5238 amitantibus
299 5187 411 5254 praemia
440 5189 625 5258 permanentis
653 5189 754 5261 gloriae
784 5191 912 5249 restituit.
968 5215 1208 5287 ,liquoqffpqqup'
1225 5215 1406 5286 epsicorpus
1428 5216 1570 5274 „nimiu
1594 5215 1765 5277 peisffiipo

115 5268 256 5378 Secundus
290 5273 392 5344 gradus
408 5277 538 5332 intexitur
566 5277 734 5351 benignitas,
760 5295 809 5350 por
834 5295 913 5352 quam
968 5311 1141 5383 subjugum,¹
1170 5312 1302 5366 ,lanima
1327 5310 1432 5382 spiritui
1457 5313 1636 5371 mmmm
1657 5313 1766 5371 Donintt

114 5368 247 5438 angelicae
261 5369 399 5426 societatis
413 5373 563 5446 acquiritur
579 5375 711 5449 dignitas.
731 5376 801 5432 Huic
816 5377 913 5449 gradui
970 5399 1028 5455 Deo
1050 5399 1151 5472 jugiter
1171 5401 1328 5456 famulatur,
1354 5399 1384 5455 ln
1400 5401 1453 5458 hoc
1477 5402 1565 5473 gradu
1593 5403 1687 5475 positi,
1701 5397 1765 5459 beati

112 5482 236 5538 grossum
251 5466 436 5535 imprimimus,
466 5470 488 5525 si
517 5473 660 5543 pramalis
682 5474 833 5542 nonmala,
864 5475 914 5532 sed
969 5487 1247 5561 dicuntur,quoniam
1265 5488 1313 5544 ulii
1337 5489 1387 5546 Dei
1402 5490 1575 5548 vocabuntur
1600 5489 1764 5562 illailla).

114 5563 186 5617 bona
200 5561 389 5629 retribuimus,
418 5575 442 5621 at
467 5567 600 5636 proximis
630 5570 911 5639 nostrisnecessaria,
969 5573 1065 5627 Nonus
1080 5574 1185 5646 gradus
1199 5574 1327 5631 scribitur
1354 5573 1644 5650 bonitas,perquam
1658 5576 1765 5634 intratur

114 5678 165 5733 pro
173 5676 256 5734 posse
264 5666 369 5727 nostro,
379 5660 498 5737 benigne
506 5663 687 5736 impendimus
700 5685 707 5732 ;
719 5669 782 5740 quia
792 5670 914 5727 Christus
969 5669 1030 5726 vitae
1045 5669 1164 5726 coelestis
1174 5671 1339 5741 jucunditas.
1356 5670 1387 5727 lo
1401 5672 1476 5730 hunc
1489 5674 1580 5732 homo
1592 5672 1765 5748 mataps·

104 5759 168 5817 ruis
185 5755 397 5819 crucifixoribus
412 5776 464 5835 pro
492 5760 565 5819 malo
580 5762 691 5834 bonum,
716 5764 819 5824 scilicet
833 5766 913 5827 eitam
968 5767 1043 5838 dum,
1059 5767 1082 5826 ai
1096 5785 1151 5827 non
1169 5769 1259 5828 solum
1281 5785 1335 5827 non
1351 5768 1424 5841 lacit,
1454 5770 1506 5829 aed
1519 5786 1575 5832 aaa
1595 5773 1764 5851 mutuans·
