3780 6038
102 330 1753 387 Μ

788 515 863 555 ΛΝΝΟ
881 514 979 556 voulut
993 514 1069 556 ttavu

648 692 1211 846 FOLCARDUS

780 963 889 1019 addas
903 960 1085 1020 [OBIENSlS

851 1140 1021 1158 ——n

330 1320 612 1416 NOTITIA
653 1320 992 1414 fltsrotttaa
1022 1322 1090 1413 IN
1137 1318 1542 1418 FOLGARDUM

668 1520 752 1592 (llist.
769 1519 827 1574 tttt.
845 1519 878 1575 de
893 1519 922 1575 lu
937 1519 1054 1586 Franco,
1064 1517 1112 1586 tx,
1130 1519 1191 1583 tlt)

143 1828 271 1897 Poleam,
283 1829 355 1888 abbi
368 1831 403 1887 de
417 1831 518 1899 lobes,
530 1846 565 1886 au
576 1830 684 1887 diocese
696 1830 729 1885 de
744 1829 880 1898 Cambmi,
894 1829 967 1884 avait
995 1828 1142 1886 succede'd
1160 1829 1264 1884 arnoul
1279 1830 1329 1885 des
1344 1832 1421 1885 tout.
1436 1829 1459 1885 ll
1473 1847 1490 1902 y
1505 1831 1577 1887 nvait
1600 1831 1675 1888 alors
1691 1834 1755 1890 dix·

106 1903 167 1957 liuit
181 1918 231 1957 ans
246 1918 300 1974 que
315 1918 346 1958 ce
357 1907 522 1966 monestere,
538 1901 667 1957 autrefois
683 1902 706 1955 si
716 1901 830 1967 illustre,
847 1900 988 1972 gemissait
1002 1901 1254 1972 sousl'oppression
1269 1901 1303 1957 de
1318 1917 1351 1956 ce
1366 1901 1476 1958 dernier
1493 1911 1520 1957 et
1534 1903 1570 1957 du
1586 1902 1650 1958 lnux
1665 1906 1757 1975 prieur

107 1972 237 2038 Oinalde,
256 1973 303 2045 qui
316 1974 444 2030 l'nvaient
459 1974 548 2028 reduit
562 1989 577 2027 a
592 1991 627 2027 un
639 1976 693 2028 etat
708 1971 879 2029 uentorante.
895 1972 933 2027 La
942 1971 1086 2040 discipline
1096 1972 1267 2043 monastique
1280 1988 1310 2027 se
1319 1973 1471 2040 resssentit,
1482 1988 1588 2029 comme
1602 1976 1669 2031 e'est
1683 1992 1757 2048 pres·

108 2060 164 2116 que
179 2043 304 2112 toujours
319 2044 485 2111 l'ordinaire,
500 2044 576 2100 dela
592 2044 689 2099 disette
704 2043 753 2098 des
768 2044 865 2098 choses
880 2043 1063 2112 temporeltes.

145 2114 331 2181 L‘hospitalite
347 2124 373 2170 et
388 2116 427 2171 les
441 2118 572 2171 aumdnes
586 2133 603 2186 y
618 2114 718 2169 etaient
732 2130 849 2185 presque
864 2113 977 2177 chuliae,
995 2130 1041 2182 par
1056 2114 1080 2167 la
1091 2111 1182 2166 raison
1193 2113 1274 2183 qu'un
1289 2112 1360 2168 avait
1370 2113 1472 2185 dissipe
1488 2114 1528 2171 les
1539 2113 1618 2170 londa
1632 2115 1755 2175 destines

108 2186 124 2240 d
139 2194 184 2242 cet
199 2183 272 2240 effet.
286 2185 323 2241 Ce
337 2185 377 2240 lut
391 2203 444 2241 une
459 2185 563 2258 grando
578 2186 706 2241 occasion
733 2185 885 2240 d'erercice
900 2199 969 2255 pour
992 2184 1017 2238 la
1031 2183 1151 2255 sagacite
1179 2196 1205 2239 et
1217 2185 1242 2239 le
1256 2184 1314 2239 sele
1336 2185 1371 2239 de
1388 2185 1510 2241 Folcard.
1526 2186 1549 2241 ll
1570 2186 1598 2241 tit
1614 2188 1756 2246 tellement

111 2271 202 2329 usage
217 2256 252 2312 de
267 2255 324 2311 l'un
337 2265 364 2312 et
379 2256 412 2312 de
426 2258 533 2323 luntre,
545 2273 607 2327 que,
624 2257 692 2309 dans
705 2255 824 2326 l'espaee
839 2256 873 2311 de
888 2256 969 2310 treiae
983 2271 1032 2309 ans
1042 2253 1107 2326 qu'il
1118 2269 1259 2324 guuverua
1271 2271 1301 2310 ce
1313 2259 1468 2311 monastere
1483 2272 1517 2311 en
1531 2257 1631 2329 qualite
1645 2258 1753 2328 d'abbti,

108 2327 129 2382 il
144 2328 270 2383 raussitd
283 2327 321 2383 lui
335 2329 435 2385 rendre
450 2329 567 2401 quelque
577 2329 663 2383 chose
678 2327 712 2381 de
726 2342 776 2381 son
791 2327 887 2382 ancien
911 2326 1004 2389 lustra.
1030 2339 1057 2380 et
1084 2335 1186 2379 mourut
1202 2341 1269 2381 avec
1283 2326 1309 2379 la
1324 2326 1475 2397 reputation
1491 2328 1557 2383 d'un
1572 2330 1706 2386 serviteur
1720 2330 1756 2387 da

109 2397 180 2454 Dieu
191 2406 269 2454 exunt
283 2407 310 2454 et
322 2398 378 2454 ze'ld
394 2400 497 2471 pourla
507 2399 596 2454 bonne
611 2397 767 2467 discipline,
784 2406 891 2452 surtout
904 2413 974 2477 pour
989 2395 1087 2453 l'office
1102 2397 1187 2451 divin.

147 2469 521 2541 llyadeluiunmemoire
538 2468 718 2524 surl‘etatoir
746 2484 776 2523 se
803 2472 923 2523 trouvart
949 2467 1025 2522 alors
1048 2482 1097 2522 son
1120 2470 1288 2523 monestere.
1322 2467 1344 2522 ll
1365 2468 1391 2524 le
1419 2467 1655 2539 prc'sentaal'em
1677 2488 1758 2529 ereur

111 2539 196 2595 llenri
210 2541 254 2606 lV,
271 2547 298 2595 et
308 2555 339 2595 ee
355 2540 449 2611 prinee
464 2559 481 2612 y
496 2539 524 2594 lit
538 2540 608 2595 droit
622 2555 671 2607 par
684 2555 721 2593 nn
737 2538 856 2609 diploma
870 2539 951 2609 qu'on
978 2553 994 2592 a
1017 2536 1142 2608 imprime
1157 2539 1174 2591 d
1188 2554 1216 2591 sa
1229 2538 1309 2606 suite,
1327 2555 1433 2595 comme
1449 2540 1466 2594 il
1482 2557 1512 2595 se
1537 2549 1633 2599 trouve
1648 2488 1716 2598 <Eos
1730 2543 1758 2599 la

110 2610 267 2683 chronique
280 2611 315 2666 de
328 2610 533 2684 LobeslSpier'l.
551 2612 595 2677 Vl,
611 2613 658 2665 601
679 2610 713 2675 l).
731 2610 767 2664 Le
783 2608 912 2664 memoire
927 2609 962 2663 de
973 2608 1089 2663 Fulcard
1099 2616 1143 2662 est
1157 2608 1322 2664 interessent
1336 2626 1407 2681 pour
1423 2611 1553 2667 l'tristoire
1568 2613 1603 2669 de
1616 2620 1689 2669 cette
1704 2616 1757 2669 ab·

108 2680 193 2752 haye,
206 2681 432 2752 principalemeur
447 2698 481 2738 en
496 2698 528 2738 cc
539 2683 585 2753 qui
600 2679 718 2751 regards
731 2680 758 2735 la
769 2680 896 2735 conduite
912 2679 961 2733 des
975 2680 1090 2734 enciens
1104 2683 1217 2735 avuues.
1234 2680 1276 2736 On
1292 2681 1343 2735 suit
1360 2681 1439 2753 qu'ils
1454 2683 1581 2738 devaient
1595 2684 1757 2740 etredeteu·

109 2768 188 2807 seurs
203 2761 229 2807 et
244 2761 419 2824 protecteurs
433 2753 482 2809 des
498 2755 677 2817 monasteres,
692 2766 799 2806 norume
814 2752 889 2804 leurs
904 2750 984 2821 peres
1000 2751 1148 2820 temporeis
1158 2758 1185 2804 et
1203 2751 1243 2806 les
1260 2753 1515 2809 conservateursde
1525 2754 1598 2809 leurs
1607 2755 1758 2826 privileges

109 2831 137 2878 et
151 2822 207 2878 l'on
222 2823 278 2878 voit
311 2833 398 2880 creet
413 2824 480 2880 ecrit
490 2824 568 2895 qu'ils
583 2839 616 2877 en
633 2823 733 2877 etaient
748 2821 918 2876 devenusles
935 2820 995 2890 plus
1010 2820 1115 2893 grands
1125 2820 1247 2890 pillards.
1260 2822 1296 2875 le
1307 2821 1388 2876 debut
1401 2824 1446 2893 qui
1458 2822 1697 2893 pre'oedeledetail
1708 2827 1758 2881 des

109 2893 227 2949 miseres
242 2895 277 2950 de
331 2895 388 2960 bes,
403 2903 429 2949 et
444 2895 469 2948 la
484 2893 520 2948 srn
531 2903 592 2949 sont
606 2893 669 2948 d'nn
685 2893 738 2946 bon
752 2893 830 2962 gout.
849 2891 977 2946 L'auteur
991 2908 1007 2962 y
1024 2890 1160 2959 temoigne
1176 2892 1200 2944 la
1215 2891 1355 2947 eonliance
1371 2893 1405 2946 de
1421 2902 1529 2949 trouver
1542 2911 1575 2949 au
1591 2896 1709 2951 tribunal
1720 2897 1758 2952 du

109 2964 205 3037 prinae
223 2965 248 3019 la
259 2966 357 3035 justice
373 2967 437 3037 qu'il
452 2966 598 3036 n'esperait
608 2980 657 3033 pas
667 2965 701 3017 de
711 2962 738 3016 la
752 2970 814 3033 part
828 2962 862 3016 de
875 2977 920 3016 ses
935 2961 1083 3016 ministres.
1101 2963 1122 3014 ll
1137 2962 1270 3032 yalaisse
1285 2963 1334 3016 des
1348 2978 1475 3036 marques
1487 2966 1522 3020 de
1536 2981 1567 3020 sa
1582 2967 1759 3024 modestiaet

109 3036 147 3093 tle
161 3052 213 3093 son
227 3038 358 3101 humilitas,
373 3053 406 3093 en
421 3038 462 3108 s'y
478 3036 616 3108 qualitiaut
629 3034 701 3091 abbe
716 3035 868 3089 seulement
879 3033 913 3089 de
927 3049 1001 3100 nom,
1015 3033 1140 3099 nornine,
1157 3049 1215 3088 noar
1230 3035 1344 3089 rucrito.

674 3422 1007 3536 EPISTOLA
1062 3417 1186 3530 XIV

505 3667 711 3732 FULCARDI
726 3666 903 3730 Assssn‘tls
917 3662 1100 3728 HENRIGO
1116 3663 1381 3731 lttPnltATORt.

807 3828 915 3901 (Spicil.
933 3828 979 3894 vt,
995 3826 1070 3897 (tot.)

154 4132 290 4203 lisaniae,
308 4133 397 4201 gratia
414 4133 465 4189 Dei
481 4131 711 4188 excellentissimo
727 4132 914 4187 Romanomm
930 4131 958 4192 Α
972 4127 1090 4183 dominae
1103 4135 1204 4182 uostrae
1219 4134 1319 4183 sanctae
1335 4125 1476 4184 lobiensis
1500 4129 1630 4190 licclesiae
1654 4150 1766 4193 oramus

116 4222 280 4294 imperatori
295 4224 429 4293 dragusto,
442 4222 614 4287 Fuacannus,
631 4220 718 4275 abbas
732 4219 852 4285 nomine,
863 4233 919 4273 nou
972 4216 1107 4287 patienter
1120 4230 1170 4270 nos
1185 4215 1281 4271 audias
1296 4232 1346 4286 pro
1363 4226 1408 4273 tua
1422 4217 1576 4282 clementia.
1592 4231 1618 4278 et
1633 4226 1767 4282 exaudias

118 4312 229 4376 meritc,
246 4319 272 4366 et
288 4311 402 4382 pusillus
417 4328 482 4384 grex
494 4311 611 4367 coenoltii
624 4310 774 4377 Lobiensis,
787 4323 920 4377 augmen·
972 4305 1000 4358 in
1016 4311 1057 4358 tua
1070 4304 1182 4372 justitia.

119 4408 179 4455 tum
195 4399 300 4458 caelitus
315 4399 436 4456 victoriae
451 4409 477 4455 et
492 4399 578 4470 pacis,
596 4399 630 4453 ud
646 4399 761 4453 salutem
777 4394 919 4468 utriusque
1008 4391 1133 4449 Ecclesia
1149 4401 1251 4460 nostra,
1268 4394 1295 4448 iu
1324 4395 1425 4467 angulo
1454 4397 1532 4469 regni
1559 4400 1597 4454 tui
1619 4402 1769 4472 penultimo

119 4488 250 4545 hominis.
975 4481 1097 4547 lundata,
1109 4481 1160 4536 sub
1172 4481 1247 4537 titulo
1263 4484 1455 4555 Apostolorum
1475 4487 1503 4541 B.
1516 4488 1584 4543 Petri
1597 4499 1624 4545 et
1635 4493 1709 4546 Pauli
1722 4495 1770 4548 de·

157 4577 287 4633 Salomon
301 4592 347 4634 rex
362 4576 499 4649 quondam
521 4575 650 4648 paciticus
665 4574 815 4646 primordia
841 4572 921 4646 regni
974 4570 1075 4638 dicata,
1085 4571 1144 4640 jam
1159 4571 1315 4645 quingentis
1327 4573 1407 4629 annis
1422 4575 1527 4647 optima
1546 4576 1672 4635 libertate
1686 4581 1771 4650 potita

120 4667 165 4722 sui
177 4665 400 4736 justitiaejudicio
419 4664 471 4720 sub
492 4665 664 4721 contentione
679 4665 824 4720 mulierum
839 4661 920 4719 dedi·
975 4666 1017 4715 est
1027 4658 1148 4731 priorum
1164 4674 1269 4732 regum,
1286 4668 1312 4715 et
1322 4676 1412 4734 regno
1427 4672 1454 4718 et
1476 4665 1631 4722 auctoritate
1659 4666 1773 4725 firmiter

121 4771 199 4822 cans,
219 4770 343 4825 supereo
354 4754 514 4810 seutentiam
525 4754 639 4824 pesteris
655 4753 792 4808 memoriae
807 4752 920 4824 dignam
975 4764 1120 4816 concessa,
1131 4766 1181 4804 nee
1196 4765 1249 4804 non
1268 4750 1436 4821 amplissima
1448 4753 1650 4821 praediorumac
1661 4772 1772 4826 posses·

119 4844 306 4910 commendat,
322 4843 432 4899 dicens:
448 4845 550 4898 Facere
565 4842 790 4897 misericordie-us
804 4840 919 4912 etjadl-
975 4836 1081 4892 sionum
1096 4836 1291 4904 muniliceutin,
1307 4854 1356 4908 pro
1380 4839 1477 4910 quibus
1493 4842 1619 4896 omnibus
1635 4859 1704 4912 pene
1719 4846 1772 4902 sibi

121 4931 753 5004 ciumanaqisplaeetllonriaoqanrntriclirnoe.
764 4931 921 5000 llujusprm
976 4926 1121 4981 subtractis
1136 4926 1234 4981 elamat
1249 4926 1283 4980 od
1299 4935 1335 4991 te,
1354 4935 1447 4996 utpote
1463 4928 1553 4991 vidua,
1571 4931 1699 5001 quoniam
1718 4951 1774 4992 non

122 5021 219 5093 scripti
235 5019 335 5077 liducia
345 5028 437 5091 etspe‚
447 5020 669 5075 misericordiaet
678 5018 780 5087 judicio
787 5017 921 5088 potiundi,
976 5013 1053 5079 atius,
1070 5014 1093 5068 si
1108 5029 1162 5068 non
1177 5028 1273 5068 eorum
1288 5022 1324 5081 te,
1341 5028 1357 5068 o
1373 5014 1474 5079 Cesar,
1489 5016 1601 5073 obviant
1612 5020 1774 5092 siltiveritas

122 5110 417 5181 cgol'ulcarduscum
440 5109 528 5164 delato
552 5123 668 5179 corpore
694 5107 800 5178 patroni
824 5105 920 5171 nostri,
976 5111 1002 5156 et
1031 5101 1230 5165 misericordia,
1259 5117 1346 5172 neque
1375 5101 1508 5157 ullatenus
1533 5106 1641 5176 justitia
1672 5119 1698 5165 et
1719 5128 1775 5184 pax

123 5199 249 5256 videlicet
262 5197 333 5254 etS.
349 5198 471 5254 Ursmari
483 5196 628 5268 pontilicis,
639 5194 921 5265 etfamiliapraasenti,
977 5190 1218 5246 ruuntinoscula.
1250 5189 1329 5244 Tales
1352 5190 1439 5263 igitur
1467 5191 1494 5245 in
1521 5194 1632 5251 abbatia
1648 5197 1776 5258 lobiensi

123 5305 212 5363 nsque
227 5287 399 5344 adthronum
410 5287 518 5359 regium
533 5303 596 5344 cum
610 5284 757 5342 temerario
772 5299 841 5339 ausu
854 5300 922 5355 pro·
977 5275 1084 5333 luerunt
1098 5278 1176 5347 leges
1190 5277 1336 5345 majorum.
1352 5295 1413 5351 quae
1432 5278 1548 5354 integrus
1563 5286 1776 5354 perduraverunt

123 5393 257 5448 rumpens
267 5376 378 5447 (etenim
394 5374 522 5431 subsellis
536 5372 722 5446 imperialibus
741 5386 873 5445 nusquam
888 5370 924 5427 lo
977 5382 1065 5439 usque
1081 5366 1115 5421 ud
1130 5365 1322 5422 Theoduinum
1338 5367 1508 5439 episcopum.
1525 5370 1695 5431 castellanes
1717 5380 1774 5437 Tu-

123 5482 186 5524 cum
198 5465 303 5522 obtinet
314 5464 430 5536 justitia,
440 5480 538 5520 omnes
548 5462 865 5536 quipperetributionem
880 5478 925 5517 sc-
978 5454 1122 5522 dimensis,
1138 5455 1210 5525 quod
1226 5454 1305 5510 nobis
1315 5456 1432 5526 adiacet,
1449 5461 1531 5515 castri
1547 5469 1626 5517 totam
1641 5465 1779 5534 praelecto.

124 5563 248 5628 quuntur
261 5563 288 5611 et
302 5555 434 5623 munera),
458 5570 540 5625 super
554 5552 712 5607 multimoda
737 5550 882 5607 aldirtioue
897 5557 923 5605 et
980 5559 1035 5597 ram
1051 5543 1170 5600 abbatim
1186 5543 1267 5598 debet
1282 5552 1376 5601 tenere
1391 5545 1418 5600 in
1438 5562 1519 5603 mann
1535 5564 1583 5605 aua
1608 5568 1658 5609 nec
1671 5553 1781 5627 sliquos

124 5650 256 5718 egestate
268 5650 374 5708 austra,
388 5650 416 5699 et
425 5641 574 5701 miserabili
583 5640 738 5713 direptione
746 5639 924 5710 praediorum,
978 5641 1060 5697 debet
1075 5643 1214 5699 sustinere
1228 5641 1394 5703 delsusores
1413 5645 1457 5702 vel
1478 5648 1637 5718 advocatos,
1664 5651 1722 5710 nisi
1736 5646 1787 5722 qui

126 5726 411 5807 uposmdouumet
423 5728 592 5801 facultatum,
606 5727 774 5803 acpristiuae
787 5726 923 5793 libertatis
978 5727 1148 5788 haereditarii
1177 5736 1241 5787 sunt
1281 5734 1439 5793 hereditate
1465 5736 1672 5801 antecessoria
1697 5735 1791 5795 modu
