<?xml version="1.0" encoding="UTF-8"?>
<!DOCTYPE html PUBLIC "-//W3C//DTD XHTML 1.0 Transitional//EN"
    "http://www.w3.org/TR/xhtml1/DTD/xhtml1-transitional.dtd">
<html xmlns="http://www.w3.org/1999/xhtml" xml:lang="en" lang="en">
 <head>
  <title>
</title>
<meta http-equiv="Content-Type" content="text/html;charset=utf-8" />
  <meta name='ocr-system' content='tesseract 3.04.00' />
  <meta name='ocr-capabilities' content='ocr_page ocr_carea ocr_par ocr_line ocrx_word'/>
</head>
<body>
  <div class='ocr_page' id='page_1' title='image "./patrologiaecurs60unkngoog_0618.png"; bbox 0 0 3780 6038; ppageno 0'>
   <div class='ocr_carea' id='block_1_1' title="bbox 55 217 126 272">
    <p class='ocr_par' dir='ltr' id='par_1_1' title="bbox 55 217 126 272">
     <span class='ocr_line' id='line_1_1' title="bbox 55 217 126 272; baseline 0.042 -3"><span class='ocrx_word' id='word_1_1' title='bbox 55 217 126 272; x_wconf 67' lang='lat' dir='ltr'><strong>teat</strong></span> 
     </span>
    </p>
   </div>
   <div class='ocr_carea' id='block_1_2' title="bbox 520 214 1242 275">
    <p class='ocr_par' dir='ltr' id='par_1_2' title="bbox 520 214 1242 275">
     <span class='ocr_line' id='line_1_2' title="bbox 520 214 1242 275; baseline 0.007 -6"><span class='ocrx_word' id='word_1_2' title='bbox 520 214 818 272; x_wconf 64' lang='lat' dir='ltr'><strong>narbonensibus</strong></span> <span class='ocrx_word' id='word_1_3' title='bbox 843 216 893 272; x_wconf 85' lang='lat' dir='ltr'><strong>SS.</strong></span> <span class='ocrx_word' id='word_1_4' title='bbox 915 216 1063 275; x_wconf 64' lang='lat' dir='ltr'><strong>ratmunt.</strong></span> <span class='ocrx_word' id='word_1_5' title='bbox 1078 249 1114 261; x_wconf 90' lang='lat'><em>-</em></span> <span class='ocrx_word' id='word_1_6' title='bbox 1127 218 1192 275; x_wconf 81' lang='lat' dir='ltr'><strong>tta.</strong></span> <span class='ocrx_word' id='word_1_7' title='bbox 1207 220 1242 274; x_wconf 97' lang='lat' dir='ltr'><strong>ll.</strong></span> 
     </span>
    </p>
   </div>
   <div class='ocr_carea' id='block_1_3' title="bbox 1637 227 1706 283">
    <p class='ocr_par' dir='ltr' id='par_1_3' title="bbox 1637 227 1706 283">
     <span class='ocr_line' id='line_1_3' title="bbox 1637 227 1706 283; baseline -0.043 0"><span class='ocrx_word' id='word_1_8' title='bbox 1637 227 1706 283; x_wconf 73' lang='lat' dir='ltr'><strong>laea</strong></span> 
     </span>
    </p>
   </div>
   <div class='ocr_carea' id='block_1_4' title="bbox 58 338 1708 424">
    <p class='ocr_par' dir='ltr' id='par_1_4' title="bbox 58 338 1708 424">
     <span class='ocr_line' id='line_1_4' title="bbox 58 338 1708 424; baseline 0.007 -27"><span class='ocrx_word' id='word_1_9' title='bbox 58 340 204 397; x_wconf 86' lang='lat' dir='ltr'><strong>solationis</strong></span> <span class='ocrx_word' id='word_1_10' title='bbox 224 339 372 395; x_wconf 88' lang='lat' dir='ltr'><strong>abutantur</strong></span> <span class='ocrx_word' id='word_1_11' title='bbox 392 338 501 410; x_wconf 87' lang='lat' dir='ltr'><strong>quidam</strong></span> <span class='ocrx_word' id='word_1_12' title='bbox 522 355 578 409; x_wconf 87' lang='lat' dir='ltr'><strong>prae</strong></span> <span class='ocrx_word' id='word_1_13' title='bbox 596 338 696 411; x_wconf 81' lang='lat' dir='ltr'><strong>garrdio</strong></span> <span class='ocrx_word' id='word_1_14' title='bbox 715 339 855 395; x_wconf 73' lang='lat' dir='ltr'><strong>vanitatis.</strong></span> <span class='ocrx_word' id='word_1_15' title='bbox 874 343 1192 413; x_wconf 84' lang='lat' dir='ltr'><strong>Aquotlretatematuri,</strong></span> <span class='ocrx_word' id='word_1_16' title='bbox 1207 354 1366 401; x_wconf 88' lang='lat' dir='ltr'><strong>nontamen</strong></span> <span class='ocrx_word' id='word_1_17' title='bbox 1387 347 1468 403; x_wconf 89' lang='lat' dir='ltr'><strong>nimia</strong></span> <span class='ocrx_word' id='word_1_18' title='bbox 1491 358 1708 424; x_wconf 74' lang='lat' dir='ltr'><strong>senectuteque</strong></span> 
     </span>
    </p>
   </div>
   <div class='ocr_carea' id='block_1_5' title="bbox 54 427 857 662">
    <p class='ocr_par' dir='ltr' id='par_1_5' title="bbox 54 427 857 662">
     <span class='ocr_line' id='line_1_5' title="bbox 55 427 857 485; baseline -0.002 0"><span class='ocrx_word' id='word_1_19' title='bbox 55 430 174 485; x_wconf 81' lang='lat' dir='ltr'><strong>Rursum</strong></span> <span class='ocrx_word' id='word_1_20' title='bbox 189 428 250 484; x_wconf 90' lang='lat' dir='ltr'><strong>aliis</strong></span> <span class='ocrx_word' id='word_1_21' title='bbox 265 429 344 485; x_wconf 85' lang='lat' dir='ltr'><strong>dolor</strong></span> <span class='ocrx_word' id='word_1_22' title='bbox 357 427 525 483; x_wconf 80' lang='lat' dir='ltr'><strong>contusionis</strong></span> <span class='ocrx_word' id='word_1_23' title='bbox 549 428 576 481; x_wconf 92' lang='lat' dir='ltr'><strong>in</strong></span> <span class='ocrx_word' id='word_1_24' title='bbox 601 428 723 482; x_wconf 86' lang='lat' dir='ltr'><strong>dolorem</strong></span> <span class='ocrx_word' id='word_1_25' title='bbox 749 428 857 485; x_wconf 85' lang='lat' dir='ltr'><strong>exerci-</strong></span> 
     </span>
     <span class='ocr_line' id='line_1_6' title="bbox 54 514 857 583; baseline -0.001 -11"><span class='ocrx_word' id='word_1_26' title='bbox 54 518 166 573; x_wconf 78' lang='lat' dir='ltr'><strong>tationis</strong></span> <span class='ocrx_word' id='word_1_27' title='bbox 181 518 304 583; x_wconf 88' lang='lat' dir='ltr'><strong>rertitur,</strong></span> <span class='ocrx_word' id='word_1_28' title='bbox 315 526 341 571; x_wconf 91' lang='lat' dir='ltr'><strong>et</strong></span> <span class='ocrx_word' id='word_1_29' title='bbox 353 517 418 571; x_wconf 89' lang='lat' dir='ltr'><strong>item</strong></span> <span class='ocrx_word' id='word_1_30' title='bbox 429 515 489 569; x_wconf 84' lang='lat' dir='ltr'><strong>aliis</strong></span> <span class='ocrx_word' id='word_1_31' title='bbox 507 514 586 570; x_wconf 90' lang='lat' dir='ltr'><strong>dolor</strong></span> <span class='ocrx_word' id='word_1_32' title='bbox 607 515 810 571; x_wconf 75' lang='lat' dir='ltr'><strong>exercitationis</strong></span> <span class='ocrx_word' id='word_1_33' title='bbox 829 517 857 571; x_wconf 91' lang='lat' dir='ltr'><strong>in</strong></span> 
     </span>
     <span class='ocr_line' id='line_1_7' title="bbox 54 604 575 662; baseline -0.01 0"><span class='ocrx_word' id='word_1_34' title='bbox 54 606 181 662; x_wconf 91' lang='lat' dir='ltr'><strong>dolorem</strong></span> <span class='ocrx_word' id='word_1_35' title='bbox 196 604 366 662; x_wconf 76' lang='lat' dir='ltr'><strong>confusionis</strong></span> <span class='ocrx_word' id='word_1_36' title='bbox 382 612 575 660; x_wconf 86' lang='lat' dir='ltr'><strong>commutator.</strong></span> 
     </span>
    </p>
   </div>
   <div class='ocr_carea' id='block_1_6' title="bbox 53 699 858 1485">
    <p class='ocr_par' dir='ltr' id='par_1_6' title="bbox 53 699 858 1485">
     <span class='ocr_line' id='line_1_8' title="bbox 91 699 857 774; baseline 0 -18"><span class='ocrx_word' id='word_1_37' title='bbox 91 702 140 756; x_wconf 91' lang='lat' dir='ltr'><strong>llis</strong></span> <span class='ocrx_word' id='word_1_38' title='bbox 155 703 247 774; x_wconf 88' lang='lat' dir='ltr'><strong>itaque</strong></span> <span class='ocrx_word' id='word_1_39' title='bbox 263 702 384 772; x_wconf 87' lang='lat' dir='ltr'><strong>quinque</strong></span> <span class='ocrx_word' id='word_1_40' title='bbox 395 701 512 756; x_wconf 88' lang='lat' dir='ltr'><strong>statibus</strong></span> <span class='ocrx_word' id='word_1_41' title='bbox 529 701 655 756; x_wconf 75' lang='lat' dir='ltr'><strong>humanae</strong></span> <span class='ocrx_word' id='word_1_42' title='bbox 674 699 857 756; x_wconf 87' lang='lat' dir='ltr'><strong>mutabilitatis</strong></span> 
     </span>
     <span class='ocr_line' id='line_1_9' title="bbox 54 788 858 862; baseline -0.001 -16"><span class='ocrx_word' id='word_1_43' title='bbox 54 800 230 862; x_wconf 89' lang='lat' dir='ltr'><strong>apponantur</strong></span> <span class='ocrx_word' id='word_1_44' title='bbox 243 790 368 862; x_wconf 90' lang='lat' dir='ltr'><strong>quinque</strong></span> <span class='ocrx_word' id='word_1_45' title='bbox 382 789 498 845; x_wconf 75' lang='lat' dir='ltr'><strong>virtutes</strong></span> <span class='ocrx_word' id='word_1_46' title='bbox 511 788 608 844; x_wconf 85' lang='lat' dir='ltr'><strong>animae</strong></span> <span class='ocrx_word' id='word_1_47' title='bbox 623 789 770 844; x_wconf 78' lang='lat' dir='ltr'><strong>naturales.</strong></span> <span class='ocrx_word' id='word_1_48' title='bbox 787 788 858 858; x_wconf 84' lang='lat' dir='ltr'><strong>Qua·</strong></span> 
     </span>
     <span class='ocr_line' id='line_1_10' title="bbox 54 877 857 951; baseline -0.004 -15"><span class='ocrx_word' id='word_1_49' title='bbox 54 896 116 936; x_wconf 90' lang='lat' dir='ltr'><strong>rum</strong></span> <span class='ocrx_word' id='word_1_50' title='bbox 132 879 217 951; x_wconf 89' lang='lat' dir='ltr'><strong>prima</strong></span> <span class='ocrx_word' id='word_1_51' title='bbox 232 877 369 950; x_wconf 88' lang='lat' dir='ltr'><strong>duplicem</strong></span> <span class='ocrx_word' id='word_1_52' title='bbox 385 879 466 933; x_wconf 89' lang='lat' dir='ltr'><strong>habet</strong></span> <span class='ocrx_word' id='word_1_53' title='bbox 482 877 608 933; x_wconf 75' lang='lat' dir='ltr'><strong>virtutem</strong></span> <span class='ocrx_word' id='word_1_54' title='bbox 625 893 632 932; x_wconf 92' lang='lat'><strong>:</strong></span> <span class='ocrx_word' id='word_1_55' title='bbox 649 886 675 932; x_wconf 92' lang='lat' dir='ltr'><strong>et</strong></span> <span class='ocrx_word' id='word_1_56' title='bbox 690 877 752 933; x_wconf 92' lang='lat' dir='ltr'><strong>ideo</strong></span> <span class='ocrx_word' id='word_1_57' title='bbox 766 879 857 933; x_wconf 87' lang='lat' dir='ltr'><strong>sensi·</strong></span> 
     </span>
     <span class='ocr_line' id='line_1_11' title="bbox 55 966 856 1040; baseline -0.002 -17"><span class='ocrx_word' id='word_1_58' title='bbox 55 968 117 1024; x_wconf 90' lang='lat' dir='ltr'><strong>bilis</strong></span> <span class='ocrx_word' id='word_1_59' title='bbox 131 969 158 1023; x_wconf 92' lang='lat' dir='ltr'><strong>in</strong></span> <span class='ocrx_word' id='word_1_60' title='bbox 172 976 287 1040; x_wconf 89' lang='lat' dir='ltr'><strong>utraque</strong></span> <span class='ocrx_word' id='word_1_61' title='bbox 303 975 380 1039; x_wconf 92' lang='lat' dir='ltr'><strong>parte</strong></span> <span class='ocrx_word' id='word_1_62' title='bbox 396 966 563 1038; x_wconf 87' lang='lat' dir='ltr'><strong>appellatur.</strong></span> <span class='ocrx_word' id='word_1_63' title='bbox 575 966 677 1021; x_wconf 89' lang='lat' dir='ltr'><strong>Tribuit</strong></span> <span class='ocrx_word' id='word_1_64' title='bbox 692 966 856 1023; x_wconf 89' lang='lat' dir='ltr'><strong>enimintel-</strong></span> 
     </span>
     <span class='ocr_line' id='line_1_12' title="bbox 54 1055 857 1130; baseline -0.002 -17"><span class='ocrx_word' id='word_1_65' title='bbox 54 1057 176 1130; x_wconf 64' lang='lat' dir='ltr'><strong>ligentiac</strong></span> <span class='ocrx_word' id='word_1_66' title='bbox 195 1066 298 1112; x_wconf 81' lang='lat' dir='ltr'><strong>nostrae</strong></span> <span class='ocrx_word' id='word_1_67' title='bbox 318 1072 441 1121; x_wconf 91' lang='lat' dir='ltr'><strong>sensum,</strong></span> <span class='ocrx_word' id='word_1_68' title='bbox 470 1070 524 1127; x_wconf 89' lang='lat' dir='ltr'><strong>quo</strong></span> <span class='ocrx_word' id='word_1_69' title='bbox 557 1056 751 1127; x_wconf 78' lang='lat' dir='ltr'><strong>imaginatione</strong></span> <span class='ocrx_word' id='word_1_70' title='bbox 784 1055 857 1111; x_wconf 86' lang='lat' dir='ltr'><strong>varia</strong></span> 
     </span>
     <span class='ocr_line' id='line_1_13' title="bbox 53 1142 855 1217; baseline -0.006 -15"><span class='ocrx_word' id='word_1_71' title='bbox 53 1144 238 1217; x_wconf 89' lang='lat' dir='ltr'><strong>incorporalia</strong></span> <span class='ocrx_word' id='word_1_72' title='bbox 254 1144 393 1201; x_wconf 85' lang='lat' dir='ltr'><strong>noscimus</strong></span> <span class='ocrx_word' id='word_1_73' title='bbox 410 1162 417 1209; x_wconf 88' lang='lat'>;</span> <span class='ocrx_word' id='word_1_74' title='bbox 436 1142 500 1199; x_wconf 88' lang='lat' dir='ltr'><strong>lacit</strong></span> <span class='ocrx_word' id='word_1_75' title='bbox 522 1143 604 1199; x_wconf 88' lang='lat' dir='ltr'><strong>etiam</strong></span> <span class='ocrx_word' id='word_1_76' title='bbox 632 1143 790 1214; x_wconf 81' lang='lat' dir='ltr'><strong>corporales</strong></span> <span class='ocrx_word' id='word_1_77' title='bbox 811 1143 855 1197; x_wconf 90' lang='lat' dir='ltr'><strong>vi·</strong></span> 
     </span>
     <span class='ocr_line' id='line_1_14' title="bbox 55 1232 856 1307; baseline -0.005 -16"><span class='ocrx_word' id='word_1_78' title='bbox 55 1250 123 1307; x_wconf 74' lang='lat' dir='ltr'><strong>gere</strong></span> <span class='ocrx_word' id='word_1_79' title='bbox 138 1250 247 1299; x_wconf 89' lang='lat' dir='ltr'><strong>sensus,</strong></span> <span class='ocrx_word' id='word_1_80' title='bbox 264 1234 291 1288; x_wconf 90' lang='lat' dir='ltr'><strong>id</strong></span> <span class='ocrx_word' id='word_1_81' title='bbox 306 1242 347 1289; x_wconf 88' lang='lat' dir='ltr'><strong>est</strong></span> <span class='ocrx_word' id='word_1_82' title='bbox 359 1233 463 1298; x_wconf 87' lang='lat' dir='ltr'><strong>risum,</strong></span> <span class='ocrx_word' id='word_1_83' title='bbox 475 1232 605 1297; x_wconf 87' lang='lat' dir='ltr'><strong>auditum,</strong></span> <span class='ocrx_word' id='word_1_84' title='bbox 618 1233 775 1300; x_wconf 88' lang='lat' dir='ltr'><strong>odoratum,</strong></span> <span class='ocrx_word' id='word_1_85' title='bbox 799 1248 856 1304; x_wconf 77' lang='lat' dir='ltr'><strong>gu-</strong></span> 
     </span>
     <span class='ocr_line' id='line_1_15' title="bbox 56 1321 857 1394; baseline -0.004 -15"><span class='ocrx_word' id='word_1_86' title='bbox 56 1331 286 1379; x_wconf 83' lang='lat' dir='ltr'><strong>stunrettactum</strong></span> <span class='ocrx_word' id='word_1_87' title='bbox 303 1339 309 1374; x_wconf 76' lang='grc' dir='ltr'>ε</span> <span class='ocrx_word' id='word_1_88' title='bbox 327 1328 470 1394; x_wconf 89' lang='lat' dir='ltr'><strong>quotaetu</strong></span> <span class='ocrx_word' id='word_1_89' title='bbox 498 1322 567 1375; x_wconf 89' lang='lat' dir='ltr'><strong>dura</strong></span> <span class='ocrx_word' id='word_1_90' title='bbox 596 1330 623 1376; x_wconf 89' lang='lat' dir='ltr'><strong>et</strong></span> <span class='ocrx_word' id='word_1_91' title='bbox 651 1321 754 1383; x_wconf 89' lang='lat' dir='ltr'><strong>mollia,</strong></span> <span class='ocrx_word' id='word_1_92' title='bbox 783 1321 857 1376; x_wconf 88' lang='lat' dir='ltr'><strong>leuia</strong></span> 
     </span>
     <span class='ocr_line' id='line_1_16' title="bbox 53 1409 854 1485; baseline -0.006 -16"><span class='ocrx_word' id='word_1_93' title='bbox 53 1428 205 1485; x_wconf 89' lang='lat' dir='ltr'><strong>asperaque</strong></span> <span class='ocrx_word' id='word_1_94' title='bbox 221 1412 366 1467; x_wconf 89' lang='lat' dir='ltr'><strong>sentimus.</strong></span> <span class='ocrx_word' id='word_1_95' title='bbox 391 1410 518 1466; x_wconf 86' lang='lat' dir='ltr'><strong>Secunda</strong></span> <span class='ocrx_word' id='word_1_96' title='bbox 542 1410 705 1480; x_wconf 80' lang='lat' dir='ltr'><strong>imperativa</strong></span> <span class='ocrx_word' id='word_1_97' title='bbox 732 1409 854 1472; x_wconf 82' lang='lat' dir='ltr'><strong>dicitur:</strong></span> 
     </span>
    </p>
   </div>
   <div class='ocr_carea' id='block_1_7' title="bbox 911 432 1710 772">
    <p class='ocr_par' dir='ltr' id='par_1_7' title="bbox 911 432 1710 772">
     <span class='ocr_line' id='line_1_17' title="bbox 912 432 1709 511; baseline 0.014 -26"><span class='ocrx_word' id='word_1_98' title='bbox 912 446 1023 485; x_wconf 88' lang='lat' dir='ltr'><strong>sensum</strong></span> <span class='ocrx_word' id='word_1_99' title='bbox 1038 432 1145 497; x_wconf 88' lang='lat' dir='ltr'><strong>minuit,</strong></span> <span class='ocrx_word' id='word_1_100' title='bbox 1160 433 1301 491; x_wconf 90' lang='lat' dir='ltr'><strong>debilitate</strong></span> <span class='ocrx_word' id='word_1_101' title='bbox 1317 436 1414 491; x_wconf 87' lang='lat' dir='ltr'><strong>melius</strong></span> <span class='ocrx_word' id='word_1_102' title='bbox 1428 453 1527 508; x_wconf 86' lang='lat' dir='ltr'><strong>sapere</strong></span> <span class='ocrx_word' id='word_1_103' title='bbox 1543 438 1709 511; x_wconf 87' lang='lat' dir='ltr'><strong>judicantur,</strong></span> 
     </span>
     <span class='ocr_line' id='line_1_18' title="bbox 911 519 1709 596; baseline 0.014 -23"><span class='ocrx_word' id='word_1_104' title='bbox 911 519 985 590; x_wconf 87' lang='lat' dir='ltr'><strong>quia,</strong></span> <span class='ocrx_word' id='word_1_105' title='bbox 1001 521 1211 576; x_wconf 79' lang='lat' dir='ltr'><strong>senescentibus</strong></span> <span class='ocrx_word' id='word_1_106' title='bbox 1224 524 1356 579; x_wconf 81' lang='lat' dir='ltr'><strong>membris</strong></span> <span class='ocrx_word' id='word_1_107' title='bbox 1370 533 1397 581; x_wconf 91' lang='grc' dir='ltr'><strong>ει</strong></span> <span class='ocrx_word' id='word_1_108' title='bbox 1411 525 1601 596; x_wconf 78' lang='lat' dir='ltr'><strong>corporalibus</strong></span> <span class='ocrx_word' id='word_1_109' title='bbox 1617 528 1709 584; x_wconf 83' lang='lat' dir='ltr'><strong>sensi·</strong></span> 
     </span>
     <span class='ocr_line' id='line_1_19' title="bbox 911 607 1710 683; baseline 0.014 -22"><span class='ocrx_word' id='word_1_110' title='bbox 911 607 963 662; x_wconf 90' lang='lat' dir='ltr'><strong>bus</strong></span> <span class='ocrx_word' id='word_1_111' title='bbox 974 608 1094 675; x_wconf 89' lang='lat' dir='ltr'><strong>mollitis,</strong></span> <span class='ocrx_word' id='word_1_112' title='bbox 1106 625 1156 680; x_wconf 92' lang='lat' dir='ltr'><strong>pro</strong></span> <span class='ocrx_word' id='word_1_113' title='bbox 1170 611 1288 667; x_wconf 82' lang='lat' dir='ltr'><strong>oraxima</strong></span> <span class='ocrx_word' id='word_1_114' title='bbox 1303 620 1380 683; x_wconf 88' lang='lat' dir='ltr'><strong>parte</strong></span> <span class='ocrx_word' id='word_1_115' title='bbox 1402 612 1430 668; x_wconf 88' lang='lat' dir='ltr'><strong>ia</strong></span> <span class='ocrx_word' id='word_1_116' title='bbox 1451 614 1595 670; x_wconf 87' lang='lat' dir='ltr'><strong>consilium</strong></span> <span class='ocrx_word' id='word_1_117' title='bbox 1620 622 1710 672; x_wconf 82' lang='lat' dir='ltr'><strong>treas·</strong></span> 
     </span>
     <span class='ocr_line' id='line_1_20' title="bbox 911 697 1709 772; baseline 0.011 -21"><span class='ocrx_word' id='word_1_118' title='bbox 911 701 987 766; x_wconf 84' lang='lat' dir='ltr'><strong>eunt,</strong></span> <span class='ocrx_word' id='word_1_119' title='bbox 1003 697 1047 751; x_wconf 93' lang='lat' dir='ltr'><strong>ubi</strong></span> <span class='ocrx_word' id='word_1_120' title='bbox 1062 698 1126 752; x_wconf 89' lang='lat' dir='ltr'><strong>dum</strong></span> <span class='ocrx_word' id='word_1_121' title='bbox 1148 714 1225 753; x_wconf 89' lang='lat' dir='ltr'><strong>mens</strong></span> <span class='ocrx_word' id='word_1_122' title='bbox 1246 700 1363 771; x_wconf 89' lang='lat' dir='ltr'><strong>amplius</strong></span> <span class='ocrx_word' id='word_1_123' title='bbox 1382 710 1541 772; x_wconf 74' lang='lat' dir='ltr'><strong>occupatur,</strong></span> <span class='ocrx_word' id='word_1_124' title='bbox 1570 703 1709 761; x_wconf 84' lang='lat' dir='ltr'><strong>robustior</strong></span> 
     </span>
    </p>
   </div>
   <div class='ocr_carea' id='block_1_8' title="bbox 909 792 1707 1487">
    <p class='ocr_par' dir='ltr' id='par_1_8' title="bbox 909 792 1707 1487">
     <span class='ocr_line' id='line_1_21' title="bbox 911 792 1704 869; baseline 0.014 -23"><span class='ocrx_word' id='word_1_125' title='bbox 911 792 1012 848; x_wconf 84' lang='lat' dir='ltr'><strong>virtute</strong></span> <span class='ocrx_word' id='word_1_126' title='bbox 1031 794 1202 851; x_wconf 84' lang='lat' dir='ltr'><strong>adunationis</strong></span> <span class='ocrx_word' id='word_1_127' title='bbox 1220 795 1348 852; x_wconf 80' lang='lat' dir='ltr'><strong>allicitur.</strong></span> <span class='ocrx_word' id='word_1_128' title='bbox 1372 797 1473 867; x_wconf 87' lang='lat' dir='ltr'><strong>Quarta</strong></span> <span class='ocrx_word' id='word_1_129' title='bbox 1484 806 1524 854; x_wconf 90' lang='lat' dir='ltr'><strong>est</strong></span> <span class='ocrx_word' id='word_1_130' title='bbox 1547 798 1646 869; x_wconf 86' lang='lat' dir='ltr'><strong>vitalis,</strong></span> <span class='ocrx_word' id='word_1_131' title='bbox 1675 800 1704 857; x_wconf 90' lang='lat' dir='ltr'><strong>id</strong></span> 
     </span>
     <span class='ocr_line' id='line_1_22' title="bbox 910 880 1706 958; baseline 0.011 -22"><span class='ocrx_word' id='word_1_132' title='bbox 910 889 952 936; x_wconf 87' lang='lat' dir='ltr'><strong>est</strong></span> <span class='ocrx_word' id='word_1_133' title='bbox 965 880 1041 937; x_wconf 85' lang='lat' dir='ltr'><strong>calor</strong></span> <span class='ocrx_word' id='word_1_134' title='bbox 1054 883 1153 937; x_wconf 74' lang='lat' dir='ltr'><strong>animae</strong></span> <span class='ocrx_word' id='word_1_135' title='bbox 1170 885 1312 950; x_wconf 90' lang='lat' dir='ltr'><strong>naturalis,</strong></span> <span class='ocrx_word' id='word_1_136' title='bbox 1329 885 1375 957; x_wconf 90' lang='lat' dir='ltr'><strong>qui</strong></span> <span class='ocrx_word' id='word_1_137' title='bbox 1390 886 1469 942; x_wconf 89' lang='lat' dir='ltr'><strong>nobis</strong></span> <span class='ocrx_word' id='word_1_138' title='bbox 1488 894 1601 958; x_wconf 89' lang='lat' dir='ltr'><strong>propter</strong></span> <span class='ocrx_word' id='word_1_139' title='bbox 1625 905 1706 945; x_wconf 89' lang='lat' dir='ltr'><strong>suum</strong></span> 
     </span>
     <span class='ocr_line' id='line_1_23' title="bbox 909 968 1707 1034; baseline 0.013 -10"><span class='ocrx_word' id='word_1_140' title='bbox 909 968 1045 1025; x_wconf 80' lang='lat' dir='ltr'><strong>fervorem</strong></span> <span class='ocrx_word' id='word_1_141' title='bbox 1060 972 1254 1027; x_wconf 87' lang='lat' dir='ltr'><strong>moderandum</strong></span> <span class='ocrx_word' id='word_1_142' title='bbox 1265 981 1294 1028; x_wconf 92' lang='lat' dir='ltr'><strong>ut</strong></span> <span class='ocrx_word' id='word_1_143' title='bbox 1304 989 1387 1030; x_wconf 88' lang='lat' dir='ltr'><strong>auras</strong></span> <span class='ocrx_word' id='word_1_144' title='bbox 1402 976 1537 1031; x_wconf 77' lang='lat' dir='ltr'><strong>aethereas</strong></span> <span class='ocrx_word' id='word_1_145' title='bbox 1554 976 1707 1034; x_wconf 86' lang='lat' dir='ltr'><strong>hauriendo</strong></span> 
     </span>
     <span class='ocr_line' id='line_1_24' title="bbox 909 1059 1706 1134; baseline 0.013 -22"><span class='ocrx_word' id='word_1_146' title='bbox 909 1065 991 1130; x_wconf 86' lang='lat' dir='ltr'><strong>atque</strong></span> <span class='ocrx_word' id='word_1_147' title='bbox 1004 1059 1147 1115; x_wconf 92' lang='lat' dir='ltr'><strong>reddendo</strong></span> <span class='ocrx_word' id='word_1_148' title='bbox 1162 1061 1246 1116; x_wconf 89' lang='lat' dir='ltr'><strong>vitam</strong></span> <span class='ocrx_word' id='word_1_149' title='bbox 1274 1062 1365 1117; x_wconf 88' lang='lat' dir='ltr'><strong>tribuit</strong></span> <span class='ocrx_word' id='word_1_150' title='bbox 1380 1072 1422 1119; x_wconf 88' lang='grc' dir='ltr'><strong>εει</strong></span> <span class='ocrx_word' id='word_1_151' title='bbox 1449 1062 1576 1119; x_wconf 87' lang='grc' dir='ltr'>εειιιιειιι.</span> <span class='ocrx_word' id='word_1_152' title='bbox 1603 1065 1706 1134; x_wconf 76' lang='lat' dir='ltr'><strong>Quinta</strong></span> 
     </span>
     <span class='ocr_line' id='line_1_25' title="bbox 910 1147 1705 1226; baseline 0.011 -23"><span class='ocrx_word' id='word_1_153' title='bbox 910 1157 951 1203; x_wconf 90' lang='lat' dir='ltr'><strong>est</strong></span> <span class='ocrx_word' id='word_1_154' title='bbox 961 1147 1115 1213; x_wconf 82' lang='lat' dir='ltr'><strong>delectatio,</strong></span> <span class='ocrx_word' id='word_1_155' title='bbox 1132 1149 1184 1205; x_wconf 91' lang='lat' dir='ltr'><strong>boc</strong></span> <span class='ocrx_word' id='word_1_156' title='bbox 1198 1158 1240 1204; x_wconf 90' lang='lat' dir='ltr'><strong>est</strong></span> <span class='ocrx_word' id='word_1_157' title='bbox 1255 1151 1397 1221; x_wconf 88' lang='lat' dir='ltr'><strong>appetitus</strong></span> <span class='ocrx_word' id='word_1_158' title='bbox 1411 1151 1475 1209; x_wconf 89' lang='lat' dir='ltr'><strong>honi</strong></span> <span class='ocrx_word' id='word_1_159' title='bbox 1489 1161 1516 1207; x_wconf 91' lang='lat' dir='ltr'><strong>et</strong></span> <span class='ocrx_word' id='word_1_160' title='bbox 1537 1152 1705 1226; x_wconf 67' lang='lat' dir='ltr'><strong>reliquam</strong></span> 
     </span>
     <span class='ocr_line' id='line_1_26' title="bbox 910 1235 1699 1314; baseline 0.01 -23"><span class='ocrx_word' id='word_1_161' title='bbox 910 1240 960 1291; x_wconf 90' lang='lat' dir='ltr'><strong>sub</strong></span> <span class='ocrx_word' id='word_1_162' title='bbox 970 1235 1138 1304; x_wconf 82' lang='lat' dir='ltr'><strong>jucunditate</strong></span> <span class='ocrx_word' id='word_1_163' title='bbox 1152 1237 1258 1293; x_wconf 89' lang='lat' dir='ltr'><strong>animas</strong></span> <span class='ocrx_word' id='word_1_164' title='bbox 1271 1239 1450 1308; x_wconf 81' lang='lat' dir='ltr'><strong>concupiscit.</strong></span> <span class='ocrx_word' id='word_1_165' title='bbox 1467 1241 1516 1295; x_wconf 86' lang='lat' dir='ltr'><strong>llic</strong></span> <span class='ocrx_word' id='word_1_166' title='bbox 1531 1257 1595 1297; x_wconf 87' lang='lat' dir='ltr'><strong>vero</strong></span> <span class='ocrx_word' id='word_1_167' title='bbox 1610 1258 1699 1314; x_wconf 87' lang='lat' dir='ltr'><strong>appe-</strong></span> 
     </span>
     <span class='ocr_line' id='line_1_27' title="bbox 909 1322 1702 1396; baseline 0.011 -20"><span class='ocrx_word' id='word_1_168' title='bbox 909 1322 974 1377; x_wconf 88' lang='lat' dir='ltr'><strong>titus</strong></span> <span class='ocrx_word' id='word_1_169' title='bbox 988 1324 1015 1378; x_wconf 93' lang='lat' dir='ltr'><strong>in</strong></span> <span class='ocrx_word' id='word_1_170' title='bbox 1031 1334 1149 1395; x_wconf 89' lang='lat' dir='ltr'><strong>quatuor</strong></span> <span class='ocrx_word' id='word_1_171' title='bbox 1160 1326 1268 1396; x_wconf 89' lang='lat' dir='ltr'><strong>speeies</strong></span> <span class='ocrx_word' id='word_1_172' title='bbox 1283 1325 1428 1381; x_wconf 73' lang='lat' dir='ltr'><strong>dividitur.</strong></span> <span class='ocrx_word' id='word_1_173' title='bbox 1446 1328 1534 1383; x_wconf 91' lang='lat' dir='ltr'><strong>Prima</strong></span> <span class='ocrx_word' id='word_1_174' title='bbox 1558 1337 1599 1384; x_wconf 90' lang='lat' dir='ltr'><strong>est</strong></span> <span class='ocrx_word' id='word_1_175' title='bbox 1619 1338 1702 1385; x_wconf 89' lang='lat' dir='ltr'><strong>attra-</strong></span> 
     </span>
     <span class='ocr_line' id='line_1_28' title="bbox 909 1411 1703 1487; baseline 0.01 -21"><span class='ocrx_word' id='word_1_176' title='bbox 909 1411 987 1481; x_wconf 74' lang='lat' dir='ltr'><strong>ctiva,</strong></span> <span class='ocrx_word' id='word_1_177' title='bbox 1005 1413 1114 1483; x_wconf 85' lang='lat' dir='ltr'><strong>rapiens</strong></span> <span class='ocrx_word' id='word_1_178' title='bbox 1132 1414 1167 1469; x_wconf 91' lang='lat' dir='ltr'><strong>de</strong></span> <span class='ocrx_word' id='word_1_179' title='bbox 1192 1415 1309 1471; x_wconf 83' lang='lat' dir='ltr'><strong>naturali</strong></span> <span class='ocrx_word' id='word_1_180' title='bbox 1336 1416 1408 1487; x_wconf 91' lang='lat' dir='ltr'><strong>qnod</strong></span> <span class='ocrx_word' id='word_1_181' title='bbox 1437 1416 1489 1470; x_wconf 88' lang='lat' dir='ltr'><strong>sibi</strong></span> <span class='ocrx_word' id='word_1_182' title='bbox 1516 1419 1703 1474; x_wconf 88' lang='lat' dir='ltr'><strong>necessarium</strong></span> 
     </span>
    </p>
   </div>
   <div class='ocr_carea' id='block_1_9' title="bbox 53 1498 1704 2017">
    <p class='ocr_par' dir='ltr' id='par_1_9' title="bbox 53 1498 1704 1927">
     <span class='ocr_line' id='line_1_29' title="bbox 54 1498 1704 1574; baseline 0.004 -18"><span class='ocrx_word' id='word_1_183' title='bbox 54 1500 201 1574; x_wconf 83' lang='lat' dir='ltr'><strong>quaejubet</strong></span> <span class='ocrx_word' id='word_1_184' title='bbox 211 1501 322 1573; x_wconf 78' lang='lat' dir='ltr'><strong>organis</strong></span> <span class='ocrx_word' id='word_1_185' title='bbox 333 1499 524 1570; x_wconf 86' lang='lat' dir='ltr'><strong>corporalibus</strong></span> <span class='ocrx_word' id='word_1_186' title='bbox 538 1507 629 1552; x_wconf 92' lang='lat' dir='ltr'><strong>motus</strong></span> <span class='ocrx_word' id='word_1_187' title='bbox 643 1498 771 1553; x_wconf 85' lang='lat' dir='ltr'><strong>diversos</strong></span> <span class='ocrx_word' id='word_1_188' title='bbox 786 1514 855 1569; x_wconf 88' lang='lat' dir='ltr'><strong>qnos</strong></span> <span class='ocrx_word' id='word_1_189' title='bbox 909 1500 990 1554; x_wconf 90' lang='lat' dir='ltr'><strong>sentit</strong></span> <span class='ocrx_word' id='word_1_190' title='bbox 1005 1519 1013 1567; x_wconf 67' lang='grc' dir='ltr'>ς</span> <span class='ocrx_word' id='word_1_191' title='bbox 1030 1501 1161 1567; x_wconf 87' lang='lat' dir='ltr'><strong>secunda,</strong></span> <span class='ocrx_word' id='word_1_192' title='bbox 1177 1502 1340 1567; x_wconf 83' lang='lat' dir='ltr'><strong>detentoria,</strong></span> <span class='ocrx_word' id='word_1_193' title='bbox 1357 1513 1498 1574; x_wconf 88' lang='lat' dir='ltr'><strong>assumpta</strong></span> <span class='ocrx_word' id='word_1_194' title='bbox 1512 1504 1630 1560; x_wconf 87' lang='lat' dir='ltr'><strong>retinens</strong></span> <span class='ocrx_word' id='word_1_195' title='bbox 1650 1507 1704 1563; x_wconf 90' lang='lat' dir='ltr'><strong>do·</strong></span> 
     </span>
     <span class='ocr_line' id='line_1_30' title="bbox 53 1585 1704 1662; baseline 0.003 -17"><span class='ocrx_word' id='word_1_196' title='bbox 53 1590 169 1661; x_wconf 87' lang='lat' dir='ltr'><strong>implere</strong></span> <span class='ocrx_word' id='word_1_197' title='bbox 189 1589 354 1653; x_wconf 80' lang='lat' dir='ltr'><strong>decreverit,</strong></span> <span class='ocrx_word' id='word_1_198' title='bbox 370 1588 422 1643; x_wconf 89' lang='lat' dir='ltr'><strong>lroc</strong></span> <span class='ocrx_word' id='word_1_199' title='bbox 437 1595 478 1642; x_wconf 87' lang='lat' dir='ltr'><strong>est</strong></span> <span class='ocrx_word' id='word_1_200' title='bbox 493 1586 639 1641; x_wconf 79' lang='lat' dir='ltr'><strong>transferri</strong></span> <span class='ocrx_word' id='word_1_201' title='bbox 655 1586 760 1642; x_wconf 89' lang='lat' dir='ltr'><strong>deloco</strong></span> <span class='ocrx_word' id='word_1_202' title='bbox 775 1585 856 1643; x_wconf 84' lang='lat' dir='ltr'><strong>adlo</strong></span> <span class='ocrx_word' id='word_1_203' title='bbox 909 1604 961 1644; x_wconf 88' lang='lat' dir='ltr'><strong>nae</strong></span> <span class='ocrx_word' id='word_1_204' title='bbox 979 1605 1012 1643; x_wconf 87' lang='lat' dir='ltr'><strong>ex</strong></span> <span class='ocrx_word' id='word_1_205' title='bbox 1032 1590 1075 1643; x_wconf 88' lang='lat' dir='ltr'><strong>bis</strong></span> <span class='ocrx_word' id='word_1_206' title='bbox 1094 1589 1167 1644; x_wconf 90' lang='lat' dir='ltr'><strong>utilis</strong></span> <span class='ocrx_word' id='word_1_207' title='bbox 1190 1591 1313 1647; x_wconf 86' lang='lat' dir='ltr'><strong>decoctio</strong></span> <span class='ocrx_word' id='word_1_208' title='bbox 1340 1600 1503 1662; x_wconf 89' lang='lat' dir='ltr'><strong>procuretur</strong></span> <span class='ocrx_word' id='word_1_209' title='bbox 1519 1609 1526 1655; x_wconf 90' lang='lat'>;</span> <span class='ocrx_word' id='word_1_210' title='bbox 1554 1592 1633 1649; x_wconf 88' lang='lat' dir='ltr'><strong>tertia</strong></span> <span class='ocrx_word' id='word_1_211' title='bbox 1660 1606 1704 1650; x_wconf 90' lang='grc' dir='ltr'><strong>εει</strong></span> 
     </span>
     <span class='ocr_line' id='line_1_31' title="bbox 54 1675 1703 1767; baseline 0.002 -33"><span class='ocrx_word' id='word_1_212' title='bbox 54 1695 128 1743; x_wconf 87' lang='lat' dir='ltr'><strong>etrm,</strong></span> <span class='ocrx_word' id='word_1_213' title='bbox 141 1693 224 1733; x_wconf 85' lang='lat' dir='ltr'><strong>voces</strong></span> <span class='ocrx_word' id='word_1_214' title='bbox 239 1678 332 1741; x_wconf 87' lang='lat' dir='ltr'><strong>edere,</strong></span> <span class='ocrx_word' id='word_1_215' title='bbox 349 1677 469 1731; x_wconf 87' lang='lat' dir='ltr'><strong>membra</strong></span> <span class='ocrx_word' id='word_1_216' title='bbox 486 1690 614 1731; x_wconf 86' lang='lat' dir='ltr'><strong>curvare.</strong></span> <span class='ocrx_word' id='word_1_217' title='bbox 634 1675 725 1730; x_wconf 84' lang='lat' dir='ltr'><strong>Tertia</strong></span> <span class='ocrx_word' id='word_1_218' title='bbox 749 1675 853 1746; x_wconf 91' lang='lat' dir='ltr'><strong>prinei·</strong></span> <span class='ocrx_word' id='word_1_219' title='bbox 867 1706 894 1767; x_wconf 77' lang='lat' dir='ltr'>B</span> <span class='ocrx_word' id='word_1_220' title='bbox 909 1675 1080 1743; x_wconf 80' lang='lat' dir='ltr'><strong>translativa,</strong></span> <span class='ocrx_word' id='word_1_221' title='bbox 1096 1694 1158 1748; x_wconf 75' lang='lat' dir='ltr'><strong>quae</strong></span> <span class='ocrx_word' id='word_1_222' title='bbox 1177 1688 1288 1749; x_wconf 84' lang='lat' dir='ltr'><strong>accepta</strong></span> <span class='ocrx_word' id='word_1_223' title='bbox 1308 1678 1336 1732; x_wconf 93' lang='lat' dir='ltr'><strong>in</strong></span> <span class='ocrx_word' id='word_1_224' title='bbox 1359 1679 1434 1734; x_wconf 92' lang='lat' dir='ltr'><strong>aliud</strong></span> <span class='ocrx_word' id='word_1_225' title='bbox 1459 1680 1595 1737; x_wconf 84' lang='lat' dir='ltr'><strong>conuertit</strong></span> <span class='ocrx_word' id='word_1_226' title='bbox 1620 1689 1703 1753; x_wconf 86' lang='lat' dir='ltr'><strong>alque</strong></span> 
     </span>
     <span class='ocr_line' id='line_1_32' title="bbox 55 1764 1704 1841; baseline 0.003 -20"><span class='ocrx_word' id='word_1_227' title='bbox 55 1767 125 1839; x_wconf 89' lang='lat' dir='ltr'><strong>palis</strong></span> <span class='ocrx_word' id='word_1_228' title='bbox 142 1775 264 1833; x_wconf 83' lang='lat' dir='ltr'><strong>vocetur,</strong></span> <span class='ocrx_word' id='word_1_229' title='bbox 281 1782 342 1823; x_wconf 89' lang='lat' dir='ltr'><strong>cum</strong></span> <span class='ocrx_word' id='word_1_230' title='bbox 356 1766 391 1820; x_wconf 92' lang='lat' dir='ltr'><strong>ab</strong></span> <span class='ocrx_word' id='word_1_231' title='bbox 405 1766 480 1819; x_wconf 85' lang='lat' dir='ltr'><strong>nnrni</strong></span> <span class='ocrx_word' id='word_1_232' title='bbox 503 1772 566 1821; x_wconf 90' lang='lat' dir='ltr'><strong>actu</strong></span> <span class='ocrx_word' id='word_1_233' title='bbox 590 1764 688 1819; x_wconf 91' lang='lat' dir='ltr'><strong>remoti</strong></span> <span class='ocrx_word' id='word_1_234' title='bbox 712 1764 740 1818; x_wconf 94' lang='lat' dir='ltr'><strong>in</strong></span> <span class='ocrx_word' id='word_1_235' title='bbox 768 1764 854 1820; x_wconf 91' lang='lat' dir='ltr'><strong>otium</strong></span> <span class='ocrx_word' id='word_1_236' title='bbox 909 1765 1061 1836; x_wconf 87' lang='lat' dir='ltr'><strong>transponit</strong></span> <span class='ocrx_word' id='word_1_237' title='bbox 1072 1782 1080 1835; x_wconf 92' lang='lat'>;</span> <span class='ocrx_word' id='word_1_238' title='bbox 1091 1775 1234 1837; x_wconf 90' lang='lat' dir='ltr'><strong>quartaest</strong></span> <span class='ocrx_word' id='word_1_239' title='bbox 1250 1767 1399 1837; x_wconf 81' lang='lat' dir='ltr'><strong>expletiva,</strong></span> <span class='ocrx_word' id='word_1_240' title='bbox 1416 1776 1518 1841; x_wconf 76' lang='lat' dir='ltr'><strong>quaeat</strong></span> <span class='ocrx_word' id='word_1_241' title='bbox 1535 1777 1630 1826; x_wconf 87' lang='lat' dir='ltr'><strong>natura</strong></span> <span class='ocrx_word' id='word_1_242' title='bbox 1656 1770 1704 1826; x_wconf 90' lang='lat' dir='ltr'><strong>liat</strong></span> 
     </span>
     <span class='ocr_line' id='line_1_33' title="bbox 55 1851 1332 1927; baseline 0.002 -17"><span class='ocrx_word' id='word_1_243' title='bbox 55 1856 225 1926; x_wconf 86' lang='lat' dir='ltr'><strong>reponimur,</strong></span> <span class='ocrx_word' id='word_1_244' title='bbox 250 1863 277 1911; x_wconf 88' lang='lat' dir='ltr'><strong>et</strong></span> <span class='ocrx_word' id='word_1_245' title='bbox 298 1854 490 1926; x_wconf 90' lang='lat' dir='ltr'><strong>corporalibus</strong></span> <span class='ocrx_word' id='word_1_246' title='bbox 514 1853 641 1908; x_wconf 88' lang='lat' dir='ltr'><strong>sensibus</strong></span> <span class='ocrx_word' id='word_1_247' title='bbox 666 1853 764 1924; x_wconf 89' lang='lat' dir='ltr'><strong>quietis</strong></span> <span class='ocrx_word' id='word_1_248' title='bbox 785 1868 853 1924; x_wconf 89' lang='lat' dir='ltr'><strong>prc-</strong></span> <span class='ocrx_word' id='word_1_249' title='bbox 907 1851 992 1910; x_wconf 90' lang='lat' dir='ltr'><strong>libera</strong></span> <span class='ocrx_word' id='word_1_250' title='bbox 1006 1854 1058 1909; x_wconf 89' lang='lat' dir='ltr'><strong>sibi</strong></span> <span class='ocrx_word' id='word_1_251' title='bbox 1073 1854 1197 1911; x_wconf 87' lang='lat' dir='ltr'><strong>nocitura</strong></span> <span class='ocrx_word' id='word_1_252' title='bbox 1211 1854 1332 1927; x_wconf 84' lang='lat' dir='ltr'><strong>depellit.</strong></span> 
     </span>
    </p>

    <p class='ocr_par' dir='ltr' id='par_1_10' title="bbox 55 1942 853 2017">
     <span class='ocr_line' id='line_1_34' title="bbox 55 1942 853 2017; baseline -0.001 -17"><span class='ocrx_word' id='word_1_253' title='bbox 55 1944 167 2001; x_wconf 88' lang='lat' dir='ltr'><strong>lundius</strong></span> <span class='ocrx_word' id='word_1_254' title='bbox 197 1944 298 2017; x_wconf 91' lang='lat' dir='ltr'><strong>aliquid</strong></span> <span class='ocrx_word' id='word_1_255' title='bbox 326 1943 485 2016; x_wconf 79' lang='lat' dir='ltr'><strong>firmiusque</strong></span> <span class='ocrx_word' id='word_1_256' title='bbox 513 1950 674 1999; x_wconf 87' lang='lat' dir='ltr'><strong>tractamus.</strong></span> <span class='ocrx_word' id='word_1_257' title='bbox 709 1942 779 1999; x_wconf 85' lang='lat' dir='ltr'><strong>iliae</strong></span> <span class='ocrx_word' id='word_1_258' title='bbox 811 1950 853 1999; x_wconf 87' lang='lat' dir='ltr'><strong>ast</strong></span> 
     </span>
    </p>
   </div>
   <div class='ocr_carea' id='block_1_10' title="bbox 409 2335 1328 2443">
    <p class='ocr_par' dir='ltr' id='par_1_11' title="bbox 409 2335 1328 2443">
     <span class='ocr_line' id='line_1_35' title="bbox 409 2335 1328 2443; baseline -0.002 0"><span class='ocrx_word' id='word_1_259' title='bbox 409 2339 472 2443; x_wconf 89' lang='lat' dir='ltr'><strong>lN</strong></span> <span class='ocrx_word' id='word_1_260' title='bbox 511 2337 947 2443; x_wconf 75' lang='lat' dir='ltr'><strong>bbbfflartbba</strong></span> <span class='ocrx_word' id='word_1_261' title='bbox 986 2335 1328 2442; x_wconf 82' lang='lat' dir='ltr'><strong>ECCLESIAE.</strong></span> 
     </span>
    </p>
   </div>
   <div class='ocr_carea' id='block_1_11' title="bbox 697 2581 1149 2649">
    <p class='ocr_par' dir='ltr' id='par_1_12' title="bbox 697 2581 1149 2649">
     <span class='ocr_line' id='line_1_36' title="bbox 697 2581 1149 2649; baseline -0.007 0"><span class='ocrx_word' id='word_1_262' title='bbox 697 2581 896 2649; x_wconf 86' lang='lat' dir='ltr'><strong>Secundum</strong></span> <span class='ocrx_word' id='word_1_263' title='bbox 920 2581 1058 2648; x_wconf 88' lang='lat' dir='ltr'><strong>Lucam.</strong></span> <span class='ocrx_word' id='word_1_264' title='bbox 1146 2611 1149 2616; x_wconf 41' lang='grc'>’</span> 
     </span>
    </p>
   </div>
   <div class='ocr_carea' id='block_1_12' title="bbox 55 2766 1703 3483">
    <p class='ocr_par' dir='ltr' id='par_1_13' title="bbox 55 2766 1703 3483">
     <span class='ocr_line' id='line_1_37' title="bbox 94 2766 1701 2847; baseline -0.004 -15"><span class='ocrx_word' id='word_1_265' title='bbox 94 2800 106 2823; x_wconf 71' lang='lat' dir='ltr'><strong>u</strong></span> <span class='ocrx_word' id='word_1_266' title='bbox 124 2776 270 2847; x_wconf 84' lang='lat' dir='ltr'><strong>Ingressus</strong></span> <span class='ocrx_word' id='word_1_267' title='bbox 283 2773 363 2829; x_wconf 84' lang='lat' dir='ltr'><strong>lesus</strong></span> <span class='ocrx_word' id='word_1_268' title='bbox 377 2768 584 2842; x_wconf 86' lang='lat' dir='ltr'><strong>perambulabat</strong></span> <span class='ocrx_word' id='word_1_269' title='bbox 597 2766 721 2825; x_wconf 84' lang='lat' dir='ltr'><strong>Jericlro.</strong></span> <span class='ocrx_word' id='word_1_270' title='bbox 740 2770 773 2824; x_wconf 90' lang='grc' dir='ltr'><strong>ιιι</strong></span> <span class='ocrx_word' id='word_1_271' title='bbox 787 2783 853 2824; x_wconf 88' lang='lat' dir='ltr'><strong>ecce</strong></span> <span class='ocrx_word' id='word_1_272' title='bbox 907 2769 1033 2826; x_wconf 80' lang='lat' dir='ltr'><strong>virtutem</strong></span> <span class='ocrx_word' id='word_1_273' title='bbox 1043 2777 1068 2825; x_wconf 92' lang='lat' dir='ltr'><strong>at</strong></span> <span class='ocrx_word' id='word_1_274' title='bbox 1077 2768 1128 2826; x_wconf 88' lang='lat' dir='ltr'><strong>Dei</strong></span> <span class='ocrx_word' id='word_1_275' title='bbox 1138 2767 1300 2841; x_wconf 88' lang='lat' dir='ltr'><strong>sapientiam</strong></span> <span class='ocrx_word' id='word_1_276' title='bbox 1310 2769 1325 2825; x_wconf 94' lang='lat' dir='ltr'><strong>l</strong></span> <span class='ocrx_word' id='word_1_277' title='bbox 1332 2769 1392 2827; x_wconf 84' lang='lat' dir='ltr'><strong>Cor.</strong></span> <span class='ocrx_word' id='word_1_278' title='bbox 1404 2772 1436 2843; x_wconf 91' lang='lat'><strong>1).</strong></span> <span class='ocrx_word' id='word_1_279' title='bbox 1450 2795 1462 2821; x_wconf 70' lang='grc' dir='ltr'><strong>ι</strong></span> <span class='ocrx_word' id='word_1_280' title='bbox 1474 2771 1562 2842; x_wconf 84' lang='lat' dir='ltr'><strong>Quam</strong></span> <span class='ocrx_word' id='word_1_281' title='bbox 1572 2773 1701 2832; x_wconf 83' lang='lat' dir='ltr'><strong>arborem</strong></span> 
     </span>
     <span class='ocr_line' id='line_1_38' title="bbox 55 2866 1703 2943; baseline 0 -13"><span class='ocrx_word' id='word_1_282' title='bbox 55 2873 99 2932; x_wconf 86' lang='lat' dir='ltr'><strong>rir</strong></span> <span class='ocrx_word' id='word_1_283' title='bbox 112 2872 222 2929; x_wconf 90' lang='lat' dir='ltr'><strong>nomine</strong></span> <span class='ocrx_word' id='word_1_284' title='bbox 236 2871 379 2926; x_wconf 80' lang='lat' dir='ltr'><strong>zacheus.</strong></span> <span class='ocrx_word' id='word_1_285' title='bbox 399 2868 432 2922; x_wconf 87' lang='lat' dir='ltr'><strong>Et</strong></span> <span class='ocrx_word' id='word_1_286' title='bbox 447 2867 490 2925; x_wconf 90' lang='lat' dir='ltr'><strong>bic</strong></span> <span class='ocrx_word' id='word_1_287' title='bbox 504 2874 565 2923; x_wconf 88' lang='lat' dir='ltr'><strong>erat</strong></span> <span class='ocrx_word' id='word_1_288' title='bbox 588 2867 715 2939; x_wconf 89' lang='lat' dir='ltr'><strong>princeps</strong></span> <span class='ocrx_word' id='word_1_289' title='bbox 736 2866 854 2937; x_wconf 88' lang='lat' dir='ltr'><strong>publica·</strong></span> <span class='ocrx_word' id='word_1_290' title='bbox 907 2868 1021 2940; x_wconf 87' lang='lat' dir='ltr'><strong>pusillus</strong></span> <span class='ocrx_word' id='word_1_291' title='bbox 1036 2868 1169 2936; x_wconf 87' lang='lat' dir='ltr'><strong>aseendit,</strong></span> <span class='ocrx_word' id='word_1_292' title='bbox 1185 2868 1249 2923; x_wconf 89' lang='lat' dir='ltr'><strong>dum</strong></span> <span class='ocrx_word' id='word_1_293' title='bbox 1265 2868 1396 2940; x_wconf 87' lang='lat' dir='ltr'><strong>quislibet</strong></span> <span class='ocrx_word' id='word_1_294' title='bbox 1415 2870 1524 2926; x_wconf 88' lang='lat' dir='ltr'><strong>humilis</strong></span> <span class='ocrx_word' id='word_1_295' title='bbox 1538 2879 1565 2927; x_wconf 90' lang='grc' dir='ltr'><strong>ει</strong></span> <span class='ocrx_word' id='word_1_296' title='bbox 1581 2872 1703 2943; x_wconf 75' lang='lat' dir='ltr'><strong>proprie</strong></span> 
     </span>
     <span class='ocr_line' id='line_1_39' title="bbox 55 2956 1702 3032; baseline -0.001 -14"><span class='ocrx_word' id='word_1_297' title='bbox 55 2978 166 3032; x_wconf 92' lang='lat' dir='ltr'><strong>norum,</strong></span> <span class='ocrx_word' id='word_1_298' title='bbox 187 2962 293 3031; x_wconf 88' lang='lat' dir='ltr'><strong>etipse</strong></span> <span class='ocrx_word' id='word_1_299' title='bbox 320 2959 410 3014; x_wconf 82' lang='lat' dir='ltr'><strong>dives.</strong></span> <span class='ocrx_word' id='word_1_300' title='bbox 430 2957 461 3011; x_wconf 89' lang='grc' dir='ltr'><strong>Ιιι</strong></span> <span class='ocrx_word' id='word_1_301' title='bbox 478 2957 571 3012; x_wconf 88' lang='lat' dir='ltr'><strong>videre</strong></span> <span class='ocrx_word' id='word_1_302' title='bbox 595 2957 738 3028; x_wconf 73' lang='lat' dir='ltr'><strong>(querebat</strong></span> <span class='ocrx_word' id='word_1_303' title='bbox 760 2957 851 3010; x_wconf 86' lang='lat' dir='ltr'><strong>lesum</strong></span> <span class='ocrx_word' id='word_1_304' title='bbox 907 2957 1072 3012; x_wconf 87' lang='lat' dir='ltr'><strong>infirmitatis</strong></span> <span class='ocrx_word' id='word_1_305' title='bbox 1086 2957 1213 3013; x_wconf 88' lang='lat' dir='ltr'><strong>conscius</strong></span> <span class='ocrx_word' id='word_1_306' title='bbox 1237 2956 1360 3012; x_wconf 85' lang='lat' dir='ltr'><strong>clamet:</strong></span> <span class='ocrx_word' id='word_1_307' title='bbox 1391 2959 1487 3013; x_wconf 67' lang='lat' dir='ltr'><strong>ullibi</strong></span> <span class='ocrx_word' id='word_1_308' title='bbox 1514 2968 1604 3015; x_wconf 85' lang='lat' dir='ltr'><strong>autem</strong></span> <span class='ocrx_word' id='word_1_309' title='bbox 1630 2962 1702 3017; x_wconf 92' lang='lat' dir='ltr'><strong>absit</strong></span> 
     </span>
     <span class='ocr_line' id='line_1_40' title="bbox 56 3045 1703 3156; baseline 0 -50"><span class='ocrx_word' id='word_1_310' title='bbox 56 3053 118 3124; x_wconf 91' lang='lat' dir='ltr'><strong>quis</strong></span> <span class='ocrx_word' id='word_1_311' title='bbox 135 3059 219 3115; x_wconf 89' lang='lat' dir='ltr'><strong>essct,</strong></span> <span class='ocrx_word' id='word_1_312' title='bbox 235 3057 262 3104; x_wconf 87' lang='lat' dir='ltr'><strong>et</strong></span> <span class='ocrx_word' id='word_1_313' title='bbox 277 3064 331 3103; x_wconf 91' lang='lat' dir='ltr'><strong>non</strong></span> <span class='ocrx_word' id='word_1_314' title='bbox 346 3054 454 3118; x_wconf 86' lang='lat' dir='ltr'><strong>poterat</strong></span> <span class='ocrx_word' id='word_1_315' title='bbox 469 3062 525 3117; x_wconf 79' lang='lat' dir='ltr'><strong>prae</strong></span> <span class='ocrx_word' id='word_1_316' title='bbox 549 3046 637 3112; x_wconf 91' lang='lat' dir='ltr'><strong>turba,</strong></span> <span class='ocrx_word' id='word_1_317' title='bbox 663 3045 725 3116; x_wconf 90' lang='lat' dir='ltr'><strong>quia</strong></span> <span class='ocrx_word' id='word_1_318' title='bbox 747 3053 853 3099; x_wconf 90' lang='lat' dir='ltr'><strong>statura</strong></span> <span class='ocrx_word' id='word_1_319' title='bbox 868 3090 893 3156; x_wconf 75' lang='lat' dir='ltr'>c</span> <span class='ocrx_word' id='word_1_320' title='bbox 907 3045 1020 3119; x_wconf 79' lang='lat' dir='ltr'><strong>gloriari</strong></span> <span class='ocrx_word' id='word_1_321' title='bbox 1034 3045 1085 3099; x_wconf 85' lang='lat' dir='ltr'><strong>nisi</strong></span> <span class='ocrx_word' id='word_1_322' title='bbox 1104 3046 1132 3100; x_wconf 94' lang='lat' dir='ltr'><strong>in</strong></span> <span class='ocrx_word' id='word_1_323' title='bbox 1150 3061 1233 3103; x_wconf 89' lang='lat' dir='ltr'><strong>cruce</strong></span> <span class='ocrx_word' id='word_1_324' title='bbox 1261 3046 1369 3102; x_wconf 85' lang='lat' dir='ltr'><strong>Domini</strong></span> <span class='ocrx_word' id='word_1_325' title='bbox 1398 3047 1481 3101; x_wconf 90' lang='lat' dir='ltr'><strong>nostri</strong></span> <span class='ocrx_word' id='word_1_326' title='bbox 1504 3048 1571 3103; x_wconf 83' lang='lat' dir='ltr'><strong>lesu</strong></span> <span class='ocrx_word' id='word_1_327' title='bbox 1599 3050 1703 3106; x_wconf 89' lang='lat' dir='ltr'><strong>Christi</strong></span> 
     </span>
     <span class='ocr_line' id='line_1_41' title="bbox 56 3133 1701 3216; baseline -0.005 -22"><span class='ocrx_word' id='word_1_328' title='bbox 56 3140 170 3213; x_wconf 87' lang='lat' dir='ltr'><strong>pusillus</strong></span> <span class='ocrx_word' id='word_1_329' title='bbox 185 3146 257 3193; x_wconf 87' lang='lat' dir='ltr'><strong>erat.</strong></span> <span class='ocrx_word' id='word_1_330' title='bbox 276 3139 310 3192; x_wconf 87' lang='grc' dir='ltr'><strong>[ιι</strong></span> <span class='ocrx_word' id='word_1_331' title='bbox 324 3151 496 3206; x_wconf 76' lang='lat' dir='ltr'><strong>praecurrens</strong></span> <span class='ocrx_word' id='word_1_332' title='bbox 524 3135 645 3189; x_wconf 91' lang='lat' dir='ltr'><strong>ascendit</strong></span> <span class='ocrx_word' id='word_1_333' title='bbox 673 3134 700 3187; x_wconf 93' lang='lat' dir='ltr'><strong>in</strong></span> <span class='ocrx_word' id='word_1_334' title='bbox 724 3133 853 3188; x_wconf 89' lang='lat' dir='ltr'><strong>arborem</strong></span> <span class='ocrx_word' id='word_1_335' title='bbox 909 3146 985 3216; x_wconf 65' lang='lat' dir='ltr'><strong>anl.</strong></span> <span class='ocrx_word' id='word_1_336' title='bbox 1016 3148 1068 3213; x_wconf 69' lang='grc' dir='ltr'><strong>ῃ),</strong></span> <span class='ocrx_word' id='word_1_337' title='bbox 1101 3144 1186 3213; x_wconf 62' lang='lat' dir='ltr'><strong>Quasi</strong></span> <span class='ocrx_word' id='word_1_338' title='bbox 1215 3152 1400 3200; x_wconf 61' lang='lat' dir='ltr'><strong>transeuntem</strong></span> <span class='ocrx_word' id='word_1_339' title='bbox 1434 3144 1579 3200; x_wconf 71' lang='lat' dir='ltr'><strong>nominum</strong></span> <span class='ocrx_word' id='word_1_340' title='bbox 1612 3148 1701 3202; x_wconf 63' lang='lat' dir='ltr'><strong>00qu</strong></span> 
     </span>
     <span class='ocr_line' id='line_1_42' title="bbox 58 3223 1702 3306; baseline -0.005 -7"><span class='ocrx_word' id='word_1_341' title='bbox 58 3244 233 3299; x_wconf 67' lang='grc' dir='ltr'><strong>8ιθθῐῐιῡιῑῑῑῑι</strong></span> <span class='ocrx_word' id='word_1_342' title='bbox 248 3234 277 3281; x_wconf 74' lang='lat' dir='ltr'><strong>ul</strong></span> <span class='ocrx_word' id='word_1_343' title='bbox 293 3225 397 3281; x_wconf 58' lang='lat' dir='ltr'><strong>lidssfel</strong></span> <span class='ocrx_word' id='word_1_344' title='bbox 412 3241 483 3293; x_wconf 56' lang='lat'><strong>⁰⁰³¹,</strong></span> <span class='ocrx_word' id='word_1_345' title='bbox 510 3225 574 3294; x_wconf 64' lang='lat' dir='ltr'><strong>‘lull</strong></span> <span class='ocrx_word' id='word_1_346' title='bbox 595 3223 660 3278; x_wconf 56' lang='lat' dir='ltr'><strong>inde</strong></span> <span class='ocrx_word' id='word_1_347' title='bbox 679 3230 738 3277; x_wconf 65' lang='lat' dir='ltr'><strong>elfll</strong></span> <span class='ocrx_word' id='word_1_348' title='bbox 762 3230 853 3276; x_wconf 68' lang='lat'><strong>“³¹¹⁵-</strong></span> <span class='ocrx_word' id='word_1_349' title='bbox 908 3233 954 3305; x_wconf 90' lang='lat' dir='ltr'><strong>qui</strong></span> <span class='ocrx_word' id='word_1_350' title='bbox 969 3233 996 3287; x_wconf 92' lang='lat' dir='ltr'><strong>in</strong></span> <span class='ocrx_word' id='word_1_351' title='bbox 1010 3232 1098 3288; x_wconf 88' lang='lat' dir='ltr'><strong>crucis</strong></span> <span class='ocrx_word' id='word_1_352' title='bbox 1112 3233 1243 3304; x_wconf 80' lang='lat' dir='ltr'><strong>mysterio</strong></span> <span class='ocrx_word' id='word_1_353' title='bbox 1267 3233 1374 3290; x_wconf 84' lang='lat' dir='ltr'><strong>coelesti</strong></span> <span class='ocrx_word' id='word_1_354' title='bbox 1401 3233 1544 3303; x_wconf 81' lang='lat' dir='ltr'><strong>sapientire</strong></span> <span class='ocrx_word' id='word_1_355' title='bbox 1569 3242 1702 3306; x_wconf 88' lang='lat' dir='ltr'><strong>quantum</strong></span> 
     </span>
     <span class='ocr_line' id='line_1_43' title="bbox 56 3317 1703 3394; baseline 0 -14"><span class='ocrx_word' id='word_1_356' title='bbox 56 3325 143 3380; x_wconf 92' lang='lat' dir='ltr'><strong>iturus</strong></span> <span class='ocrx_word' id='word_1_357' title='bbox 158 3326 236 3394; x_wconf 84' lang='lat' dir='ltr'><strong>(luc.</strong></span> <span class='ocrx_word' id='word_1_358' title='bbox 253 3324 319 3394; x_wconf 80' lang='grc' dir='ltr'>ιιι).</span> <span class='ocrx_word' id='word_1_359' title='bbox 336 3343 349 3369; x_wconf 73' lang='grc' dir='ltr'><strong>ε</strong></span> <span class='ocrx_word' id='word_1_360' title='bbox 375 3321 447 3375; x_wconf 85' lang='grc' dir='ltr'>ιιεεε</span> <span class='ocrx_word' id='word_1_361' title='bbox 469 3319 600 3381; x_wconf 82' lang='grc' dir='ltr'>εειιιειυε,</span> <span class='ocrx_word' id='word_1_362' title='bbox 626 3319 751 3389; x_wconf 90' lang='lat' dir='ltr'><strong>deposita</strong></span> <span class='ocrx_word' id='word_1_363' title='bbox 776 3317 854 3390; x_wconf 81' lang='lat' dir='ltr'><strong>gibbi</strong></span> <span class='ocrx_word' id='word_1_364' title='bbox 906 3330 1006 3393; x_wconf 88' lang='lat' dir='ltr'><strong>potest,</strong></span> <span class='ocrx_word' id='word_1_365' title='bbox 1022 3321 1148 3377; x_wconf 90' lang='lat' dir='ltr'><strong>intendit.</strong></span> <span class='ocrx_word' id='word_1_366' title='bbox 1164 3322 1288 3393; x_wconf 86' lang='lat' dir='ltr'><strong>Denique</strong></span> <span class='ocrx_word' id='word_1_367' title='bbox 1302 3321 1376 3389; x_wconf 88' lang='lat' dir='ltr'><strong>inde,</strong></span> <span class='ocrx_word' id='word_1_368' title='bbox 1392 3320 1419 3377; x_wconf 92' lang='lat' dir='ltr'><strong>id</strong></span> <span class='ocrx_word' id='word_1_369' title='bbox 1434 3329 1477 3377; x_wconf 85' lang='grc' dir='ltr'><strong>εει</strong></span> <span class='ocrx_word' id='word_1_370' title='bbox 1502 3322 1529 3377; x_wconf 93' lang='lat' dir='ltr'><strong>in</strong></span> <span class='ocrx_word' id='word_1_371' title='bbox 1554 3322 1601 3378; x_wconf 87' lang='lat' dir='ltr'><strong>illa</strong></span> <span class='ocrx_word' id='word_1_372' title='bbox 1624 3333 1703 3394; x_wconf 88' lang='lat' dir='ltr'><strong>parte</strong></span> 
     </span>
     <span class='ocr_line' id='line_1_44' title="bbox 57 3406 1702 3483; baseline -0.001 -14"><span class='ocrx_word' id='word_1_373' title='bbox 57 3413 177 3479; x_wconf 83' lang='lat' dir='ltr'><strong>sarcina,</strong></span> <span class='ocrx_word' id='word_1_374' title='bbox 193 3428 244 3483; x_wconf 91' lang='lat' dir='ltr'><strong>per</strong></span> <span class='ocrx_word' id='word_1_375' title='bbox 259 3410 380 3465; x_wconf 80' lang='lat' dir='ltr'><strong>toramen</strong></span> <span class='ocrx_word' id='word_1_376' title='bbox 395 3422 461 3463; x_wconf 90' lang='lat' dir='ltr'><strong>acus</strong></span> <span class='ocrx_word' id='word_1_377' title='bbox 476 3408 581 3476; x_wconf 85' lang='lat' dir='ltr'><strong>transit,</strong></span> <span class='ocrx_word' id='word_1_378' title='bbox 596 3408 648 3462; x_wconf 93' lang='lat' dir='ltr'><strong>boc</strong></span> <span class='ocrx_word' id='word_1_379' title='bbox 664 3415 705 3461; x_wconf 88' lang='lat' dir='ltr'><strong>cst</strong></span> <span class='ocrx_word' id='word_1_380' title='bbox 727 3406 804 3461; x_wconf 85' lang='lat' dir='ltr'><strong>dives</strong></span> <span class='ocrx_word' id='word_1_381' title='bbox 827 3412 854 3460; x_wconf 90' lang='lat' dir='ltr'><strong>et</strong></span> <span class='ocrx_word' id='word_1_382' title='bbox 907 3411 1067 3466; x_wconf 87' lang='lat' dir='ltr'><strong>transiturus</strong></span> <span class='ocrx_word' id='word_1_383' title='bbox 1081 3418 1151 3476; x_wconf 88' lang='lat' dir='ltr'><strong>erat,</strong></span> <span class='ocrx_word' id='word_1_384' title='bbox 1167 3410 1220 3466; x_wconf 89' lang='lat' dir='ltr'><strong>&#39;ubi</strong></span> <span class='ocrx_word' id='word_1_385' title='bbox 1247 3426 1418 3481; x_wconf 83' lang='lat' dir='ltr'><strong>sycomorus,</strong></span> <span class='ocrx_word' id='word_1_386' title='bbox 1447 3409 1476 3466; x_wconf 94' lang='lat' dir='ltr'><strong>id</strong></span> <span class='ocrx_word' id='word_1_387' title='bbox 1503 3418 1545 3466; x_wconf 87' lang='grc' dir='ltr'><strong>εει</strong></span> <span class='ocrx_word' id='word_1_388' title='bbox 1572 3411 1702 3468; x_wconf 78' lang='lat' dir='ltr'><strong>iudaicus</strong></span> 
     </span>
    </p>
   </div>
   <div class='ocr_carea' id='block_1_13' title="bbox 54 3495 854 4018">
    <p class='ocr_par' dir='ltr' id='par_1_14' title="bbox 54 3495 854 4018">
     <span class='ocr_line' id='line_1_45' title="bbox 56 3495 853 3574; baseline -0.009 -17"><span class='ocrx_word' id='word_1_389' title='bbox 56 3501 231 3574; x_wconf 89' lang='lat' dir='ltr'><strong>publicanus,</strong></span> <span class='ocrx_word' id='word_1_390' title='bbox 263 3499 358 3554; x_wconf 91' lang='lat' dir='ltr'><strong>relicto</strong></span> <span class='ocrx_word' id='word_1_391' title='bbox 385 3512 470 3552; x_wconf 90' lang='lat' dir='ltr'><strong>onere</strong></span> <span class='ocrx_word' id='word_1_392' title='bbox 497 3495 664 3563; x_wconf 84' lang='lat' dir='ltr'><strong>divitiarum,</strong></span> <span class='ocrx_word' id='word_1_393' title='bbox 698 3500 853 3565; x_wconf 90' lang='lat' dir='ltr'><strong>contempto</strong></span> 
     </span>
     <span class='ocr_line' id='line_1_46' title="bbox 55 3589 853 3655; baseline -0.011 -8"><span class='ocrx_word' id='word_1_394' title='bbox 55 3607 141 3648; x_wconf 89' lang='lat' dir='ltr'><strong>censu</strong></span> <span class='ocrx_word' id='word_1_395' title='bbox 174 3589 331 3655; x_wconf 89' lang='lat' dir='ltr'><strong>lraadium,</strong></span> <span class='ocrx_word' id='word_1_396' title='bbox 365 3596 511 3655; x_wconf 72' lang='lat' dir='ltr'><strong>angustam</strong></span> <span class='ocrx_word' id='word_1_397' title='bbox 545 3594 652 3654; x_wconf 89' lang='lat' dir='ltr'><strong>portam</strong></span> <span class='ocrx_word' id='word_1_398' title='bbox 697 3594 853 3654; x_wconf 88' lang='lat' dir='ltr'><strong>arctamque</strong></span> 
     </span>
     <span class='ocr_line' id='line_1_47' title="bbox 56 3671 853 3751; baseline -0.01 -16"><span class='ocrx_word' id='word_1_399' title='bbox 56 3680 129 3736; x_wconf 84' lang='lat' dir='ltr'><strong>riam</strong></span> <span class='ocrx_word' id='word_1_400' title='bbox 144 3696 205 3751; x_wconf 86' lang='lat' dir='ltr'><strong>quae</strong></span> <span class='ocrx_word' id='word_1_401' title='bbox 219 3678 293 3732; x_wconf 90' lang='lat' dir='ltr'><strong>ducit</strong></span> <span class='ocrx_word' id='word_1_402' title='bbox 305 3675 340 3731; x_wconf 88' lang='lat' dir='ltr'><strong>ad</strong></span> <span class='ocrx_word' id='word_1_403' title='bbox 354 3675 437 3729; x_wconf 85' lang='lat' dir='ltr'><strong>ritem</strong></span> <span class='ocrx_word' id='word_1_404' title='bbox 460 3672 596 3729; x_wconf 90' lang='lat' dir='ltr'><strong>aseendit.</strong></span> <span class='ocrx_word' id='word_1_405' title='bbox 623 3673 654 3726; x_wconf 85' lang='lat' dir='ltr'><strong>Et</strong></span> <span class='ocrx_word' id='word_1_406' title='bbox 676 3673 739 3743; x_wconf 83' lang='lat' dir='ltr'><strong>quia</strong></span> <span class='ocrx_word' id='word_1_407' title='bbox 765 3671 853 3728; x_wconf 85' lang='lat' dir='ltr'><strong>dero-</strong></span> 
     </span>
     <span class='ocr_line' id='line_1_48' title="bbox 56 3759 854 3832; baseline -0.011 -8"><span class='ocrx_word' id='word_1_408' title='bbox 56 3768 132 3824; x_wconf 82' lang='lat' dir='ltr'><strong>tione</strong></span> <span class='ocrx_word' id='word_1_409' title='bbox 146 3766 210 3822; x_wconf 88' lang='lat' dir='ltr'><strong>lidei</strong></span> <span class='ocrx_word' id='word_1_410' title='bbox 226 3765 260 3820; x_wconf 90' lang='lat' dir='ltr'><strong>ad</strong></span> <span class='ocrx_word' id='word_1_411' title='bbox 277 3764 424 3821; x_wconf 89' lang='lat' dir='ltr'><strong>videndum</strong></span> <span class='ocrx_word' id='word_1_412' title='bbox 450 3762 631 3827; x_wconf 86' lang='lat' dir='ltr'><strong>Salvatorenr,</strong></span> <span class='ocrx_word' id='word_1_413' title='bbox 656 3759 729 3832; x_wconf 89' lang='lat' dir='ltr'><strong>quod</strong></span> <span class='ocrx_word' id='word_1_414' title='bbox 756 3769 854 3815; x_wconf 86' lang='lat' dir='ltr'><strong>natura</strong></span> 
     </span>
     <span class='ocr_line' id='line_1_49' title="bbox 54 3848 853 3922; baseline -0.011 -10"><span class='ocrx_word' id='word_1_415' title='bbox 54 3858 146 3912; x_wconf 87' lang='lat' dir='ltr'><strong>minus</strong></span> <span class='ocrx_word' id='word_1_416' title='bbox 162 3854 288 3919; x_wconf 87' lang='lat' dir='ltr'><strong>habebat,</strong></span> <span class='ocrx_word' id='word_1_417' title='bbox 304 3867 420 3908; x_wconf 89' lang='lat' dir='ltr'><strong>ascensu</strong></span> <span class='ocrx_word' id='word_1_418' title='bbox 435 3850 543 3922; x_wconf 85' lang='lat' dir='ltr'><strong>supplet</strong></span> <span class='ocrx_word' id='word_1_419' title='bbox 558 3849 673 3905; x_wconf 91' lang='lat' dir='ltr'><strong>arboris.</strong></span> <span class='ocrx_word' id='word_1_420' title='bbox 688 3849 766 3904; x_wconf 84' lang='lat' dir='ltr'><strong>lusto</strong></span> <span class='ocrx_word' id='word_1_421' title='bbox 781 3848 853 3920; x_wconf 91' lang='lat' dir='ltr'><strong>qaod</strong></span> 
     </span>
     <span class='ocr_line' id='line_1_50' title="bbox 55 3935 854 4018; baseline -0.009 -18"><span class='ocrx_word' id='word_1_422' title='bbox 55 3960 154 4018; x_wconf 78' lang='lat' dir='ltr'><strong>rogare</strong></span> <span class='ocrx_word' id='word_1_423' title='bbox 167 3959 222 3999; x_wconf 92' lang='lat' dir='ltr'><strong>non</strong></span> <span class='ocrx_word' id='word_1_424' title='bbox 237 3941 358 3998; x_wconf 90' lang='lat' dir='ltr'><strong>audebat</strong></span> <span class='ocrx_word' id='word_1_425' title='bbox 372 3939 522 3995; x_wconf 78' lang='lat' dir='ltr'><strong>Dominicre</strong></span> <span class='ocrx_word' id='word_1_426' title='bbox 537 3935 718 4010; x_wconf 89' lang='lat' dir='ltr'><strong>susceptionis</strong></span> <span class='ocrx_word' id='word_1_427' title='bbox 740 3935 854 3993; x_wconf 90' lang='lat' dir='ltr'><strong>benedi·</strong></span> 
     </span>
    </p>
   </div>
   <div class='ocr_carea' id='block_1_14' title="bbox 49 4034 854 4557">
    <p class='ocr_par' dir='ltr' id='par_1_15' title="bbox 49 4034 854 4557">
     <span class='ocr_line' id='line_1_51' title="bbox 55 4034 853 4111; baseline -0.01 -13"><span class='ocrx_word' id='word_1_428' title='bbox 55 4041 174 4100; x_wconf 88' lang='lat' dir='ltr'><strong>ctionem</strong></span> <span class='ocrx_word' id='word_1_429' title='bbox 187 4039 287 4111; x_wconf 89' lang='lat' dir='ltr'><strong>accipit</strong></span> <span class='ocrx_word' id='word_1_430' title='bbox 300 4054 382 4111; x_wconf 88' lang='lat' dir='ltr'><strong>qnam</strong></span> <span class='ocrx_word' id='word_1_431' title='bbox 392 4036 574 4093; x_wconf 88' lang='lat' dir='ltr'><strong>desiderabat.</strong></span> <span class='ocrx_word' id='word_1_432' title='bbox 592 4035 662 4104; x_wconf 79' lang='lat' dir='ltr'><strong>Quia</strong></span> <span class='ocrx_word' id='word_1_433' title='bbox 677 4035 757 4091; x_wconf 89' lang='lat' dir='ltr'><strong>etiam</strong></span> <span class='ocrx_word' id='word_1_434' title='bbox 771 4034 853 4091; x_wconf 88' lang='lat' dir='ltr'><strong>turba</strong></span> 
     </span>
     <span class='ocr_line' id='line_1_52' title="bbox 55 4124 854 4201; baseline -0.014 -14"><span class='ocrx_word' id='word_1_435' title='bbox 55 4130 189 4201; x_wconf 77' lang='lat' dir='ltr'><strong>imperitre</strong></span> <span class='ocrx_word' id='word_1_436' title='bbox 217 4126 342 4184; x_wconf 90' lang='lat' dir='ltr'><strong>conlusio</strong></span> <span class='ocrx_word' id='word_1_437' title='bbox 365 4125 603 4181; x_wconf 86' lang='lat' dir='ltr'><strong>multitudinisest</strong></span> <span class='ocrx_word' id='word_1_438' title='bbox 630 4141 692 4196; x_wconf 85' lang='lat' dir='ltr'><strong>quae</strong></span> <span class='ocrx_word' id='word_1_439' title='bbox 723 4124 854 4180; x_wconf 88' lang='lat' dir='ltr'><strong>verticem</strong></span> 
     </span>
     <span class='ocr_line' id='line_1_53' title="bbox 56 4210 852 4289; baseline -0.013 -15"><span class='ocrx_word' id='word_1_440' title='bbox 56 4218 199 4289; x_wconf 86' lang='lat' dir='ltr'><strong>sapientiae</strong></span> <span class='ocrx_word' id='word_1_441' title='bbox 213 4217 308 4274; x_wconf 83' lang='lat' dir='ltr'><strong>videre</strong></span> <span class='ocrx_word' id='word_1_442' title='bbox 321 4216 426 4286; x_wconf 87' lang='lat' dir='ltr'><strong>nequit,</strong></span> <span class='ocrx_word' id='word_1_443' title='bbox 442 4214 538 4269; x_wconf 88' lang='lat' dir='ltr'><strong>merito</strong></span> <span class='ocrx_word' id='word_1_444' title='bbox 558 4229 614 4268; x_wconf 91' lang='lat' dir='ltr'><strong>non</strong></span> <span class='ocrx_word' id='word_1_445' title='bbox 634 4214 661 4266; x_wconf 94' lang='lat' dir='ltr'><strong>in</strong></span> <span class='ocrx_word' id='word_1_446' title='bbox 684 4212 773 4275; x_wconf 87' lang='lat' dir='ltr'><strong>turha,</strong></span> <span class='ocrx_word' id='word_1_447' title='bbox 803 4210 852 4266; x_wconf 84' lang='lat' dir='ltr'><strong>sed</strong></span> 
     </span>
     <span class='ocr_line' id='line_1_54' title="bbox 56 4298 853 4378; baseline -0.009 -18"><span class='ocrx_word' id='word_1_448' title='bbox 56 4306 166 4378; x_wconf 87' lang='lat' dir='ltr'><strong>plebem</strong></span> <span class='ocrx_word' id='word_1_449' title='bbox 181 4314 367 4375; x_wconf 79' lang='lat' dir='ltr'><strong>transgressus</strong></span> <span class='ocrx_word' id='word_1_450' title='bbox 382 4302 506 4369; x_wconf 89' lang='lat' dir='ltr'><strong>insciam,</strong></span> <span class='ocrx_word' id='word_1_451' title='bbox 531 4317 612 4373; x_wconf 90' lang='lat' dir='ltr'><strong>quam</strong></span> <span class='ocrx_word' id='word_1_452' title='bbox 632 4298 853 4355; x_wconf 87' lang='lat' dir='ltr'><strong>benedictionem</strong></span> 
     </span>
     <span class='ocr_line' id='line_1_55' title="bbox 55 4388 851 4463; baseline -0.01 -15"><span class='ocrx_word' id='word_1_453' title='bbox 55 4394 197 4449; x_wconf 87' lang='lat' dir='ltr'><strong>desiderat</strong></span> <span class='ocrx_word' id='word_1_454' title='bbox 223 4392 333 4463; x_wconf 92' lang='lat' dir='ltr'><strong>accipit.</strong></span> <span class='ocrx_word' id='word_1_455' title='bbox 371 4391 499 4447; x_wconf 73' lang='lat' dir='ltr'><strong>Zachaeus</strong></span> <span class='ocrx_word' id='word_1_456' title='bbox 533 4397 624 4444; x_wconf 88' lang='lat' dir='ltr'><strong>autem</strong></span> <span class='ocrx_word' id='word_1_457' title='bbox 655 4388 851 4458; x_wconf 87' lang='lat' dir='ltr'><strong>interpretetur</strong></span> 
     </span>
     <span class='ocr_line' id='line_1_56' title="bbox 49 4475 852 4557; baseline -0.01 -18"><span class='ocrx_word' id='word_1_458' title='bbox 49 4484 240 4557; x_wconf 79' lang='lat' dir='ltr'><strong>justificatus.</strong></span> <span class='ocrx_word' id='word_1_459' title='bbox 268 4488 295 4535; x_wconf 89' lang='lat' dir='ltr'><strong>et</strong></span> <span class='ocrx_word' id='word_1_460' title='bbox 309 4477 445 4552; x_wconf 75' lang='lat' dir='ltr'><strong>significat</strong></span> <span class='ocrx_word' id='word_1_461' title='bbox 459 4478 604 4534; x_wconf 88' lang='lat' dir='ltr'><strong>credentes</strong></span> <span class='ocrx_word' id='word_1_462' title='bbox 616 4492 650 4532; x_wconf 85' lang='lat' dir='ltr'><strong>ex</strong></span> <span class='ocrx_word' id='word_1_463' title='bbox 664 4475 792 4548; x_wconf 76' lang='lat' dir='ltr'><strong>gentibus</strong></span> <span class='ocrx_word' id='word_1_464' title='bbox 803 4491 852 4546; x_wconf 89' lang='lat' dir='ltr'><strong>per</strong></span> 
     </span>
    </p>
   </div>
   <div class='ocr_carea' id='block_1_15' title="bbox 54 4575 854 5725">
    <p class='ocr_par' dir='ltr' id='par_1_16' title="bbox 54 4575 854 5725">
     <span class='ocr_line' id='line_1_57' title="bbox 56 4575 851 4653; baseline -0.01 -15"><span class='ocrx_word' id='word_1_465' title='bbox 56 4581 264 4653; x_wconf 90' lang='lat' dir='ltr'><strong>occupationem</strong></span> <span class='ocrx_word' id='word_1_466' title='bbox 279 4578 470 4651; x_wconf 89' lang='lat' dir='ltr'><strong>temporalium</strong></span> <span class='ocrx_word' id='word_1_467' title='bbox 484 4577 633 4648; x_wconf 87' lang='lat' dir='ltr'><strong>depressos</strong></span> <span class='ocrx_word' id='word_1_468' title='bbox 656 4591 689 4632; x_wconf 90' lang='lat' dir='ltr'><strong>ac</strong></span> <span class='ocrx_word' id='word_1_469' title='bbox 709 4575 851 4640; x_wconf 89' lang='lat' dir='ltr'><strong>minimos,</strong></span> 
     </span>
     <span class='ocr_line' id='line_1_58' title="bbox 56 4663 852 4737; baseline -0.013 -9"><span class='ocrx_word' id='word_1_470' title='bbox 56 4672 104 4728; x_wconf 88' lang='lat' dir='ltr'><strong>sed</strong></span> <span class='ocrx_word' id='word_1_471' title='bbox 120 4671 268 4727; x_wconf 76' lang='lat' dir='ltr'><strong>ebornino</strong></span> <span class='ocrx_word' id='word_1_472' title='bbox 283 4665 478 4724; x_wconf 84' lang='lat' dir='ltr'><strong>sanctificatos.</strong></span> <span class='ocrx_word' id='word_1_473' title='bbox 496 4667 653 4737; x_wconf 77' lang='lat' dir='ltr'><strong>Ingressum</strong></span> <span class='ocrx_word' id='word_1_474' title='bbox 667 4665 775 4721; x_wconf 79' lang='lat' dir='ltr'><strong>iericho</strong></span> <span class='ocrx_word' id='word_1_475' title='bbox 791 4663 852 4719; x_wconf 78' lang='lat' dir='ltr'><strong>bal-</strong></span> 
     </span>
     <span class='ocr_line' id='line_1_59' title="bbox 56 4754 853 4830; baseline -0.013 -14"><span class='ocrx_word' id='word_1_476' title='bbox 56 4772 180 4817; x_wconf 85' lang='lat' dir='ltr'><strong>retorem</strong></span> <span class='ocrx_word' id='word_1_477' title='bbox 195 4765 330 4830; x_wconf 70' lang='lat' dir='ltr'><strong>quaeruut,</strong></span> <span class='ocrx_word' id='word_1_478' title='bbox 346 4757 411 4813; x_wconf 91' lang='lat' dir='ltr'><strong>dum</strong></span> <span class='ocrx_word' id='word_1_479' title='bbox 425 4755 523 4829; x_wconf 76' lang='lat' dir='ltr'><strong>gratiae</strong></span> <span class='ocrx_word' id='word_1_480' title='bbox 536 4754 600 4809; x_wconf 87' lang='lat' dir='ltr'><strong>fidei</strong></span> <span class='ocrx_word' id='word_1_481' title='bbox 621 4769 705 4826; x_wconf 89' lang='lat' dir='ltr'><strong>quarn</strong></span> <span class='ocrx_word' id='word_1_482' title='bbox 728 4754 853 4810; x_wconf 81' lang='lat' dir='ltr'><strong>Salvator</strong></span> 
     </span>
     <span class='ocr_line' id='line_1_60' title="bbox 54 4841 852 4920; baseline -0.01 -16"><span class='ocrx_word' id='word_1_483' title='bbox 54 4850 143 4905; x_wconf 86' lang='lat' dir='ltr'><strong>attulit</strong></span> <span class='ocrx_word' id='word_1_484' title='bbox 157 4847 324 4920; x_wconf 87' lang='lat' dir='ltr'><strong>participare</strong></span> <span class='ocrx_word' id='word_1_485' title='bbox 339 4845 462 4915; x_wconf 90' lang='lat' dir='ltr'><strong>cupiunt,</strong></span> <span class='ocrx_word' id='word_1_486' title='bbox 478 4844 528 4900; x_wconf 89' lang='lat' dir='ltr'><strong>sed</strong></span> <span class='ocrx_word' id='word_1_487' title='bbox 548 4843 628 4899; x_wconf 92' lang='lat' dir='ltr'><strong>turba</strong></span> <span class='ocrx_word' id='word_1_488' title='bbox 655 4841 744 4899; x_wconf 83' lang='lat' dir='ltr'><strong>noxiae</strong></span> <span class='ocrx_word' id='word_1_489' title='bbox 773 4841 852 4897; x_wconf 87' lang='lat' dir='ltr'><strong>ritio-</strong></span> 
     </span>
     <span class='ocr_line' id='line_1_61' title="bbox 55 4933 854 5005; baseline -0.014 -10"><span class='ocrx_word' id='word_1_490' title='bbox 55 4956 115 4995; x_wconf 91' lang='lat' dir='ltr'><strong>rum</strong></span> <span class='ocrx_word' id='word_1_491' title='bbox 131 4935 334 4995; x_wconf 88' lang='lat' dir='ltr'><strong>consuetudinis</strong></span> <span class='ocrx_word' id='word_1_492' title='bbox 349 4933 451 4989; x_wconf 90' lang='lat' dir='ltr'><strong>tardat.</strong></span> <span class='ocrx_word' id='word_1_493' title='bbox 471 4934 565 5005; x_wconf 88' lang='lat' dir='ltr'><strong>ltaque</strong></span> <span class='ocrx_word' id='word_1_494' title='bbox 579 4948 694 4988; x_wconf 88' lang='lat' dir='ltr'><strong>neeesse</strong></span> <span class='ocrx_word' id='word_1_495' title='bbox 709 4939 751 4988; x_wconf 87' lang='grc' dir='ltr'><strong>εει</strong></span> <span class='ocrx_word' id='word_1_496' title='bbox 763 4939 793 4985; x_wconf 94' lang='lat' dir='ltr'><strong>ut</strong></span> <span class='ocrx_word' id='word_1_497' title='bbox 806 4947 854 5002; x_wconf 90' lang='lat' dir='ltr'><strong>pu·</strong></span> 
     </span>
     <span class='ocr_line' id='line_1_62' title="bbox 55 5020 853 5090; baseline -0.011 -7"><span class='ocrx_word' id='word_1_498' title='bbox 55 5029 132 5084; x_wconf 90' lang='lat' dir='ltr'><strong>sillus</strong></span> <span class='ocrx_word' id='word_1_499' title='bbox 147 5026 231 5082; x_wconf 80' lang='lat' dir='ltr'><strong>turbe</strong></span> <span class='ocrx_word' id='word_1_500' title='bbox 245 5023 416 5081; x_wconf 87' lang='lat' dir='ltr'><strong>obstaculum</strong></span> <span class='ocrx_word' id='word_1_501' title='bbox 430 5022 613 5090; x_wconf 86' lang='lat' dir='ltr'><strong>transcendat,</strong></span> <span class='ocrx_word' id='word_1_502' title='bbox 636 5029 745 5076; x_wconf 89' lang='lat' dir='ltr'><strong>terrena</strong></span> <span class='ocrx_word' id='word_1_503' title='bbox 769 5020 853 5076; x_wconf 90' lang='lat' dir='ltr'><strong>relin-</strong></span> 
     </span>
     <span class='ocr_line' id='line_1_63' title="bbox 56 5109 853 5187; baseline -0.009 -17"><span class='ocrx_word' id='word_1_504' title='bbox 56 5124 131 5187; x_wconf 91' lang='lat' dir='ltr'><strong>quat,</strong></span> <span class='ocrx_word' id='word_1_505' title='bbox 147 5115 276 5169; x_wconf 90' lang='lat' dir='ltr'><strong>arborem</strong></span> <span class='ocrx_word' id='word_1_506' title='bbox 300 5112 391 5169; x_wconf 89' lang='lat' dir='ltr'><strong>crucis</strong></span> <span class='ocrx_word' id='word_1_507' title='bbox 419 5110 562 5167; x_wconf 90' lang='lat' dir='ltr'><strong>ascendat.</strong></span> <span class='ocrx_word' id='word_1_508' title='bbox 592 5112 757 5181; x_wconf 73' lang='lat' dir='ltr'><strong>Syeernorus</strong></span> <span class='ocrx_word' id='word_1_509' title='bbox 785 5109 853 5164; x_wconf 86' lang='lat' dir='ltr'><strong>licus</strong></span> 
     </span>
     <span class='ocr_line' id='line_1_64' title="bbox 55 5196 853 5269; baseline -0.009 -10"><span class='ocrx_word' id='word_1_510' title='bbox 55 5202 248 5269; x_wconf 90' lang='lat' dir='ltr'><strong>latuadicitur,</strong></span> <span class='ocrx_word' id='word_1_511' title='bbox 265 5200 347 5256; x_wconf 90' lang='lat' dir='ltr'><strong>arbor</strong></span> <span class='ocrx_word' id='word_1_512' title='bbox 362 5198 434 5255; x_wconf 89' lang='lat' dir='ltr'><strong>loliis</strong></span> <span class='ocrx_word' id='word_1_513' title='bbox 450 5216 529 5255; x_wconf 89' lang='lat' dir='ltr'><strong>moro</strong></span> <span class='ocrx_word' id='word_1_514' title='bbox 552 5198 661 5265; x_wconf 89' lang='lat' dir='ltr'><strong>similis,</strong></span> <span class='ocrx_word' id='word_1_515' title='bbox 686 5196 736 5254; x_wconf 89' lang='lat' dir='ltr'><strong>sed</strong></span> <span class='ocrx_word' id='word_1_516' title='bbox 759 5196 853 5252; x_wconf 90' lang='lat' dir='ltr'><strong>altitu-</strong></span> 
     </span>
     <span class='ocr_line' id='line_1_65' title="bbox 56 5286 851 5361; baseline -0.009 -15"><span class='ocrx_word' id='word_1_517' title='bbox 56 5291 119 5346; x_wconf 92' lang='lat' dir='ltr'><strong>dine</strong></span> <span class='ocrx_word' id='word_1_518' title='bbox 134 5294 278 5361; x_wconf 80' lang='lat' dir='ltr'><strong>prsestans.</strong></span> <span class='ocrx_word' id='word_1_519' title='bbox 294 5289 372 5346; x_wconf 86' lang='lat' dir='ltr'><strong>Unde</strong></span> <span class='ocrx_word' id='word_1_520' title='bbox 388 5296 442 5344; x_wconf 87' lang='lat' dir='ltr'><strong>eta</strong></span> <span class='ocrx_word' id='word_1_521' title='bbox 456 5287 562 5343; x_wconf 83' lang='lat' dir='ltr'><strong>Latinis</strong></span> <span class='ocrx_word' id='word_1_522' title='bbox 580 5286 657 5344; x_wconf 86' lang='lat' dir='ltr'><strong>celsa</strong></span> <span class='ocrx_word' id='word_1_523' title='bbox 671 5294 851 5358; x_wconf 88' lang='lat' dir='ltr'><strong>nuncupatur.</strong></span> 
     </span>
     <span class='ocr_line' id='line_1_66' title="bbox 55 5382 853 5453; baseline -0.006 -9"><span class='ocrx_word' id='word_1_524' title='bbox 55 5389 90 5444; x_wconf 86' lang='grc' dir='ltr'><strong>ιιι</strong></span> <span class='ocrx_word' id='word_1_525' title='bbox 104 5386 247 5443; x_wconf 79' lang='lat' dir='ltr'><strong>[lominica</strong></span> <span class='ocrx_word' id='word_1_526' title='bbox 260 5400 326 5441; x_wconf 85' lang='lat' dir='ltr'><strong>crux</strong></span> <span class='ocrx_word' id='word_1_527' title='bbox 341 5385 488 5442; x_wconf 83' lang='lat' dir='ltr'><strong>credontes</strong></span> <span class='ocrx_word' id='word_1_528' title='bbox 500 5384 547 5439; x_wconf 90' lang='lat' dir='ltr'><strong>alit</strong></span> <span class='ocrx_word' id='word_1_529' title='bbox 565 5392 595 5440; x_wconf 91' lang='lat' dir='ltr'><strong>ut</strong></span> <span class='ocrx_word' id='word_1_530' title='bbox 604 5382 681 5453; x_wconf 84' lang='lat' dir='ltr'><strong>ficus,</strong></span> <span class='ocrx_word' id='word_1_531' title='bbox 705 5384 741 5439; x_wconf 93' lang='lat' dir='ltr'><strong>ab</strong></span> <span class='ocrx_word' id='word_1_532' title='bbox 764 5382 853 5439; x_wconf 87' lang='lat' dir='ltr'><strong>inere·</strong></span> 
     </span>
     <span class='ocr_line' id='line_1_67' title="bbox 55 5472 853 5547; baseline -0.006 -15"><span class='ocrx_word' id='word_1_533' title='bbox 55 5475 128 5532; x_wconf 89' lang='lat' dir='ltr'><strong>dalis</strong></span> <span class='ocrx_word' id='word_1_534' title='bbox 142 5472 272 5531; x_wconf 88' lang='lat' dir='ltr'><strong>irridetur</strong></span> <span class='ocrx_word' id='word_1_535' title='bbox 286 5482 315 5529; x_wconf 93' lang='lat' dir='ltr'><strong>ut</strong></span> <span class='ocrx_word' id='word_1_536' title='bbox 327 5472 411 5529; x_wconf 88' lang='lat' dir='ltr'><strong>latua.</strong></span> <span class='ocrx_word' id='word_1_537' title='bbox 426 5472 596 5543; x_wconf 78' lang='lat' dir='ltr'><strong>«Nosenim,</strong></span> <span class='ocrx_word' id='word_1_538' title='bbox 610 5497 621 5523; x_wconf 85' lang='grc' dir='ltr'><strong>ι</strong></span> <span class='ocrx_word' id='word_1_539' title='bbox 635 5472 723 5547; x_wconf 88' lang='lat' dir='ltr'><strong>inquit</strong></span> <span class='ocrx_word' id='word_1_540' title='bbox 732 5472 853 5545; x_wconf 83' lang='lat' dir='ltr'><strong>Aposto-</strong></span> 
     </span>
     <span class='ocr_line' id='line_1_68' title="bbox 55 5559 853 5636; baseline -0.009 -14"><span class='ocrx_word' id='word_1_541' title='bbox 55 5565 109 5635; x_wconf 91' lang='lat' dir='ltr'><strong>lus,</strong></span> <span class='ocrx_word' id='word_1_542' title='bbox 127 5588 138 5613; x_wconf 73' lang='grc' dir='ltr'><strong>ι</strong></span> <span class='ocrx_word' id='word_1_543' title='bbox 153 5562 335 5636; x_wconf 81' lang='lat' dir='ltr'><strong>praedicamus</strong></span> <span class='ocrx_word' id='word_1_544' title='bbox 344 5562 482 5619; x_wconf 83' lang='lat' dir='ltr'><strong>Christum</strong></span> <span class='ocrx_word' id='word_1_545' title='bbox 491 5560 662 5629; x_wconf 82' lang='lat' dir='ltr'><strong>crucifixum,</strong></span> <span class='ocrx_word' id='word_1_546' title='bbox 670 5560 773 5617; x_wconf 82' lang='lat' dir='ltr'><strong>ludreis</strong></span> <span class='ocrx_word' id='word_1_547' title='bbox 788 5559 853 5633; x_wconf 91' lang='lat' dir='ltr'><strong>qui·</strong></span> 
     </span>
     <span class='ocr_line' id='line_1_69' title="bbox 56 5648 854 5725; baseline -0.01 -12"><span class='ocrx_word' id='word_1_548' title='bbox 56 5656 118 5713; x_wconf 90' lang='lat' dir='ltr'><strong>dem</strong></span> <span class='ocrx_word' id='word_1_549' title='bbox 134 5650 303 5718; x_wconf 87' lang='lat' dir='ltr'><strong>scandalum,</strong></span> <span class='ocrx_word' id='word_1_550' title='bbox 328 5650 461 5725; x_wconf 71' lang='lat' dir='ltr'><strong>gentibus</strong></span> <span class='ocrx_word' id='word_1_551' title='bbox 482 5660 573 5709; x_wconf 87' lang='lat' dir='ltr'><strong>autem</strong></span> <span class='ocrx_word' id='word_1_552' title='bbox 596 5649 763 5721; x_wconf 73' lang='lat' dir='ltr'><strong>stultitiam,</strong></span> <span class='ocrx_word' id='word_1_553' title='bbox 786 5648 854 5720; x_wconf 84' lang='lat' dir='ltr'><strong>ipsis</strong></span> 
     </span>
    </p>
   </div>
   <div class='ocr_carea' id='block_1_16' title="bbox 907 3496 1705 3834">
    <p class='ocr_par' dir='ltr' id='par_1_17' title="bbox 907 3496 1705 3834">
     <span class='ocr_line' id='line_1_70' title="bbox 907 3496 1705 3571; baseline 0.004 -16"><span class='ocrx_word' id='word_1_554' title='bbox 907 3500 1032 3571; x_wconf 91' lang='lat' dir='ltr'><strong>populus,</strong></span> <span class='ocrx_word' id='word_1_555' title='bbox 1049 3497 1092 3554; x_wconf 87' lang='lat' dir='ltr'><strong>rel</strong></span> <span class='ocrx_word' id='word_1_556' title='bbox 1107 3499 1154 3553; x_wconf 92' lang='lat' dir='ltr'><strong>ubi</strong></span> <span class='ocrx_word' id='word_1_557' title='bbox 1168 3498 1277 3570; x_wconf 76' lang='lat' dir='ltr'><strong>gentilis</strong></span> <span class='ocrx_word' id='word_1_558' title='bbox 1292 3496 1406 3569; x_wconf 90' lang='lat' dir='ltr'><strong>populus</strong></span> <span class='ocrx_word' id='word_1_559' title='bbox 1420 3498 1573 3555; x_wconf 87' lang='lat' dir='ltr'><strong>crediturus</strong></span> <span class='ocrx_word' id='word_1_560' title='bbox 1588 3509 1657 3569; x_wconf 88' lang='lat' dir='ltr'><strong>erat,</strong></span> <span class='ocrx_word' id='word_1_561' title='bbox 1676 3509 1705 3557; x_wconf 91' lang='lat' dir='ltr'><strong>ut</strong></span> 
     </span>
     <span class='ocr_line' id='line_1_71' title="bbox 907 3587 1705 3661; baseline 0.003 -16"><span class='ocrx_word' id='word_1_562' title='bbox 907 3597 933 3646; x_wconf 90' lang='lat' dir='ltr'><strong>et</strong></span> <span class='ocrx_word' id='word_1_563' title='bbox 946 3588 1110 3661; x_wconf 81' lang='lat' dir='ltr'><strong>mysterium</strong></span> <span class='ocrx_word' id='word_1_564' title='bbox 1124 3594 1257 3653; x_wconf 83' lang='lat' dir='ltr'><strong>seruaret,</strong></span> <span class='ocrx_word' id='word_1_565' title='bbox 1273 3595 1300 3642; x_wconf 88' lang='lat' dir='ltr'><strong>et</strong></span> <span class='ocrx_word' id='word_1_566' title='bbox 1322 3587 1442 3660; x_wconf 75' lang='lat' dir='ltr'><strong>gratiam</strong></span> <span class='ocrx_word' id='word_1_567' title='bbox 1468 3588 1629 3645; x_wconf 82' lang='lat' dir='ltr'><strong>seminaret.</strong></span> <span class='ocrx_word' id='word_1_568' title='bbox 1657 3590 1705 3647; x_wconf 83' lang='lat' dir='ltr'><strong>Sic</strong></span> 
     </span>
     <span class='ocr_line' id='line_1_72' title="bbox 907 3676 1699 3750; baseline 0.001 -16"><span class='ocrx_word' id='word_1_569' title='bbox 907 3677 979 3734; x_wconf 89' lang='lat' dir='ltr'><strong>enirn</strong></span> <span class='ocrx_word' id='word_1_570' title='bbox 995 3684 1117 3745; x_wconf 82' lang='lat' dir='ltr'><strong>venerat,</strong></span> <span class='ocrx_word' id='word_1_571' title='bbox 1131 3685 1161 3732; x_wconf 92' lang='lat' dir='ltr'><strong>ut</strong></span> <span class='ocrx_word' id='word_1_572' title='bbox 1175 3691 1226 3748; x_wconf 88' lang='lat' dir='ltr'><strong>per</strong></span> <span class='ocrx_word' id='word_1_573' title='bbox 1239 3676 1348 3731; x_wconf 79' lang='lat' dir='ltr'><strong>Jndeeoa</strong></span> <span class='ocrx_word' id='word_1_574' title='bbox 1370 3676 1499 3732; x_wconf 87' lang='lat' dir='ltr'><strong>transiret</strong></span> <span class='ocrx_word' id='word_1_575' title='bbox 1527 3677 1562 3733; x_wconf 90' lang='lat' dir='ltr'><strong>ad</strong></span> <span class='ocrx_word' id='word_1_576' title='bbox 1588 3687 1699 3750; x_wconf 74' lang='lat' dir='ltr'><strong>gentes.</strong></span> 
     </span>
     <span class='ocr_line' id='line_1_73' title="bbox 910 3762 1705 3834; baseline 0.008 -17"><span class='ocrx_word' id='word_1_577' title='bbox 910 3790 921 3817; x_wconf 75' lang='grc' dir='ltr'><strong>ι</strong></span> <span class='ocrx_word' id='word_1_578' title='bbox 938 3767 972 3822; x_wconf 95' lang='grc' dir='ltr'><strong>ιιι</strong></span> <span class='ocrx_word' id='word_1_579' title='bbox 986 3781 1049 3823; x_wconf 93' lang='lat' dir='ltr'><strong>cum</strong></span> <span class='ocrx_word' id='word_1_580' title='bbox 1063 3764 1184 3821; x_wconf 87' lang='lat' dir='ltr'><strong>renissct</strong></span> <span class='ocrx_word' id='word_1_581' title='bbox 1198 3763 1233 3820; x_wconf 89' lang='lat' dir='ltr'><strong>ad</strong></span> <span class='ocrx_word' id='word_1_582' title='bbox 1247 3762 1349 3830; x_wconf 90' lang='lat' dir='ltr'><strong>locum,</strong></span> <span class='ocrx_word' id='word_1_583' title='bbox 1365 3764 1519 3834; x_wconf 90' lang='lat' dir='ltr'><strong>suspiciens</strong></span> <span class='ocrx_word' id='word_1_584' title='bbox 1531 3767 1612 3822; x_wconf 88' lang='lat' dir='ltr'><strong>Jesas</strong></span> <span class='ocrx_word' id='word_1_585' title='bbox 1637 3766 1705 3823; x_wconf 85' lang='lat' dir='ltr'><strong>vidit</strong></span> 
     </span>
    </p>
   </div>
   <div class='ocr_carea' id='block_1_17' title="bbox 906 3859 1703 4557">
    <p class='ocr_par' dir='ltr' id='par_1_18' title="bbox 906 3859 1703 4557">
     <span class='ocr_line' id='line_1_74' title="bbox 906 3859 1703 3920; baseline 0.001 -1"><span class='ocrx_word' id='word_1_586' title='bbox 906 3864 995 3920; x_wconf 89' lang='lat' dir='ltr'><strong>illum.</strong></span> <span class='ocrx_word' id='word_1_587' title='bbox 1017 3864 1104 3919; x_wconf 81' lang='lat' dir='ltr'><strong>»lam</strong></span> <span class='ocrx_word' id='word_1_588' title='bbox 1123 3861 1196 3917; x_wconf 89' lang='lat' dir='ltr'><strong>enim</strong></span> <span class='ocrx_word' id='word_1_589' title='bbox 1222 3861 1383 3916; x_wconf 87' lang='lat' dir='ltr'><strong>sublimitate</strong></span> <span class='ocrx_word' id='word_1_590' title='bbox 1410 3859 1474 3917; x_wconf 87' lang='lat' dir='ltr'><strong>fidei</strong></span> <span class='ocrx_word' id='word_1_591' title='bbox 1502 3862 1572 3916; x_wconf 88' lang='lat' dir='ltr'><strong>inter</strong></span> <span class='ocrx_word' id='word_1_592' title='bbox 1598 3862 1703 3920; x_wconf 83' lang='lat' dir='ltr'><strong>lructus</strong></span> 
     </span>
     <span class='ocr_line' id='line_1_75' title="bbox 906 3947 1702 4021; baseline -0.003 -12"><span class='ocrx_word' id='word_1_593' title='bbox 906 3969 1038 4011; x_wconf 81' lang='lat' dir='ltr'><strong>novorum</strong></span> <span class='ocrx_word' id='word_1_594' title='bbox 1052 3967 1166 4021; x_wconf 90' lang='lat' dir='ltr'><strong>operam</strong></span> <span class='ocrx_word' id='word_1_595' title='bbox 1181 3948 1296 4004; x_wconf 87' lang='lat' dir='ltr'><strong>velutin</strong></span> <span class='ocrx_word' id='word_1_596' title='bbox 1316 3947 1432 4004; x_wconf 79' lang='lat' dir='ltr'><strong>secunda</strong></span> <span class='ocrx_word' id='word_1_597' title='bbox 1455 3948 1596 4005; x_wconf 89' lang='lat' dir='ltr'><strong>altitudine</strong></span> <span class='ocrx_word' id='word_1_598' title='bbox 1619 3951 1702 4007; x_wconf 86' lang='lat' dir='ltr'><strong>arbe·</strong></span> 
     </span>
     <span class='ocr_line' id='line_1_76' title="bbox 907 4030 1703 4106; baseline -0.003 -9"><span class='ocrx_word' id='word_1_599' title='bbox 907 4043 945 4097; x_wconf 89' lang='lat' dir='ltr'><strong>ris</strong></span> <span class='ocrx_word' id='word_1_600' title='bbox 964 4040 1112 4097; x_wconf 87' lang='lat' dir='ltr'><strong>enrinebat.</strong></span> <span class='ocrx_word' id='word_1_601' title='bbox 1137 4040 1189 4093; x_wconf 87' lang='lat' dir='ltr'><strong>Per</strong></span> <span class='ocrx_word' id='word_1_602' title='bbox 1209 4037 1355 4093; x_wconf 83' lang='lat' dir='ltr'><strong>Praeeones</strong></span> <span class='ocrx_word' id='word_1_603' title='bbox 1372 4043 1462 4091; x_wconf 86' lang='lat' dir='ltr'><strong>autem</strong></span> <span class='ocrx_word' id='word_1_604' title='bbox 1488 4036 1566 4092; x_wconf 79' lang='lat' dir='ltr'><strong>serbi</strong></span> <span class='ocrx_word' id='word_1_605' title='bbox 1580 4030 1582 4034; x_wconf 44' lang='lat'><em>⁴</em></span> <span class='ocrx_word' id='word_1_606' title='bbox 1594 4036 1645 4106; x_wconf 88' lang='lat' dir='ltr'><strong>soi,</strong></span> <span class='ocrx_word' id='word_1_607' title='bbox 1673 4039 1703 4095; x_wconf 89' lang='lat' dir='ltr'><strong>io</strong></span> 
     </span>
     <span class='ocr_line' id='line_1_77' title="bbox 906 4124 1702 4203; baseline -0.004 -18"><span class='ocrx_word' id='word_1_608' title='bbox 906 4130 1004 4203; x_wconf 87' lang='lat' dir='ltr'><strong>quibus</strong></span> <span class='ocrx_word' id='word_1_609' title='bbox 1020 4137 1080 4184; x_wconf 88' lang='lat' dir='ltr'><strong>erat</strong></span> <span class='ocrx_word' id='word_1_610' title='bbox 1093 4128 1182 4191; x_wconf 90' lang='lat' dir='ltr'><strong>lesus,</strong></span> <span class='ocrx_word' id='word_1_611' title='bbox 1198 4134 1225 4180; x_wconf 89' lang='lat' dir='ltr'><strong>et</strong></span> <span class='ocrx_word' id='word_1_612' title='bbox 1239 4124 1412 4196; x_wconf 87' lang='lat' dir='ltr'><strong>loquebatur,</strong></span> <span class='ocrx_word' id='word_1_613' title='bbox 1428 4125 1503 4180; x_wconf 78' lang='lat' dir='ltr'><strong>venit</strong></span> <span class='ocrx_word' id='word_1_614' title='bbox 1516 4124 1552 4180; x_wconf 91' lang='lat' dir='ltr'><strong>ad</strong></span> <span class='ocrx_word' id='word_1_615' title='bbox 1571 4124 1702 4197; x_wconf 89' lang='lat' dir='ltr'><strong>populum</strong></span> 
     </span>
     <span class='ocr_line' id='line_1_78' title="bbox 906 4212 1703 4287; baseline -0.003 -12"><span class='ocrx_word' id='word_1_616' title='bbox 906 4219 1057 4281; x_wconf 90' lang='lat' dir='ltr'><strong>nationum,</strong></span> <span class='ocrx_word' id='word_1_617' title='bbox 1078 4214 1138 4287; x_wconf 90' lang='lat' dir='ltr'><strong>qaia</strong></span> <span class='ocrx_word' id='word_1_618' title='bbox 1157 4212 1295 4285; x_wconf 86' lang='lat' dir='ltr'><strong>passionis</strong></span> <span class='ocrx_word' id='word_1_619' title='bbox 1323 4212 1384 4283; x_wconf 89' lang='lat' dir='ltr'><strong>ejus</strong></span> <span class='ocrx_word' id='word_1_620' title='bbox 1412 4212 1466 4268; x_wconf 89' lang='lat' dir='ltr'><strong>lide</strong></span> <span class='ocrx_word' id='word_1_621' title='bbox 1492 4214 1548 4282; x_wconf 89' lang='lat' dir='ltr'><strong>jam</strong></span> <span class='ocrx_word' id='word_1_622' title='bbox 1576 4213 1703 4273; x_wconf 86' lang='lat' dir='ltr'><strong>sublimis</strong></span> 
     </span>
     <span class='ocr_line' id='line_1_79' title="bbox 906 4300 1703 4375; baseline -0.003 -13"><span class='ocrx_word' id='word_1_623' title='bbox 906 4308 986 4362; x_wconf 89' lang='lat' dir='ltr'><strong>etiarn</strong></span> <span class='ocrx_word' id='word_1_624' title='bbox 1000 4303 1166 4360; x_wconf 82' lang='lat' dir='ltr'><strong>divinitatem</strong></span> <span class='ocrx_word' id='word_1_625' title='bbox 1181 4300 1241 4371; x_wconf 89' lang='lat' dir='ltr'><strong>ejus</strong></span> <span class='ocrx_word' id='word_1_626' title='bbox 1261 4317 1412 4375; x_wconf 75' lang='lat' dir='ltr'><strong>agnoscere</strong></span> <span class='ocrx_word' id='word_1_627' title='bbox 1432 4300 1519 4357; x_wconf 88' lang='lat' dir='ltr'><strong>ardet.</strong></span> <span class='ocrx_word' id='word_1_628' title='bbox 1544 4300 1703 4373; x_wconf 83' lang='lat' dir='ltr'><strong>Suspiciens</strong></span> 
     </span>
     <span class='ocr_line' id='line_1_80' title="bbox 906 4388 1703 4466; baseline -0.001 -16"><span class='ocrx_word' id='word_1_629' title='bbox 906 4396 988 4463; x_wconf 89' lang='lat' dir='ltr'><strong>videt,</strong></span> <span class='ocrx_word' id='word_1_630' title='bbox 1005 4392 1069 4466; x_wconf 90' lang='lat' dir='ltr'><strong>quia</strong></span> <span class='ocrx_word' id='word_1_631' title='bbox 1082 4407 1132 4464; x_wconf 89' lang='lat' dir='ltr'><strong>per</strong></span> <span class='ocrx_word' id='word_1_632' title='bbox 1146 4390 1227 4445; x_wconf 88' lang='lat' dir='ltr'><strong>iidem</strong></span> <span class='ocrx_word' id='word_1_633' title='bbox 1242 4405 1257 4445; x_wconf 90' lang='lat' dir='ltr'><strong>a</strong></span> <span class='ocrx_word' id='word_1_634' title='bbox 1272 4388 1388 4445; x_wconf 88' lang='lat' dir='ltr'><strong>terrenis</strong></span> <span class='ocrx_word' id='word_1_635' title='bbox 1403 4390 1538 4446; x_wconf 81' lang='lat' dir='ltr'><strong>elevatum</strong></span> <span class='ocrx_word' id='word_1_636' title='bbox 1553 4390 1631 4463; x_wconf 74' lang='lat' dir='ltr'><strong>eripit</strong></span> <span class='ocrx_word' id='word_1_637' title='bbox 1646 4391 1703 4449; x_wconf 92' lang='lat' dir='ltr'><strong>eri-</strong></span> 
     </span>
     <span class='ocr_line' id='line_1_81' title="bbox 908 4486 1414 4557; baseline -0.012 -18"><span class='ocrx_word' id='word_1_638' title='bbox 908 4491 1017 4557; x_wconf 81' lang='lat' dir='ltr'><strong>gentem</strong></span> <span class='ocrx_word' id='word_1_639' title='bbox 1031 4497 1072 4547; x_wconf 92' lang='lat' dir='ltr'><strong>se,</strong></span> <span class='ocrx_word' id='word_1_640' title='bbox 1093 4487 1123 4535; x_wconf 91' lang='grc' dir='ltr'><strong>ει</strong></span> <span class='ocrx_word' id='word_1_641' title='bbox 1135 4487 1210 4535; x_wconf 85' lang='lat' dir='ltr'><strong>amul</strong></span> <span class='ocrx_word' id='word_1_642' title='bbox 1225 4486 1360 4533; x_wconf 90' lang='lat' dir='ltr'><strong>amantem</strong></span> <span class='ocrx_word' id='word_1_643' title='bbox 1374 4494 1414 4533; x_wconf 88' lang='lat' dir='ltr'><strong>se.</strong></span> 
     </span>
    </p>
   </div>
   <div class='ocr_carea' id='block_1_18' title="bbox 904 4574 1705 5717">
    <p class='ocr_par' dir='ltr' id='par_1_19' title="bbox 904 4574 1705 5717">
     <span class='ocr_line' id='line_1_82' title="bbox 943 4574 1700 4647; baseline 0.005 -17"><span class='ocrx_word' id='word_1_644' title='bbox 943 4606 954 4630; x_wconf 72' lang='lat' dir='ltr'><strong>a</strong></span> <span class='ocrx_word' id='word_1_645' title='bbox 972 4582 1005 4635; x_wconf 86' lang='lat' dir='ltr'><strong>Et</strong></span> <span class='ocrx_word' id='word_1_646' title='bbox 1019 4579 1087 4635; x_wconf 83' lang='lat' dir='ltr'><strong>dixit</strong></span> <span class='ocrx_word' id='word_1_647' title='bbox 1101 4578 1135 4633; x_wconf 90' lang='lat' dir='ltr'><strong>ad</strong></span> <span class='ocrx_word' id='word_1_648' title='bbox 1149 4593 1209 4633; x_wconf 89' lang='lat' dir='ltr'><strong>eum</strong></span> <span class='ocrx_word' id='word_1_649' title='bbox 1228 4594 1234 4631; x_wconf 92' lang='lat'>:</span> <span class='ocrx_word' id='word_1_650' title='bbox 1249 4575 1373 4643; x_wconf 72' lang='lat' dir='ltr'><strong>Zaclrree,</strong></span> <span class='ocrx_word' id='word_1_651' title='bbox 1388 4574 1532 4631; x_wconf 90' lang='lat' dir='ltr'><strong>lestimans</strong></span> <span class='ocrx_word' id='word_1_652' title='bbox 1553 4575 1700 4647; x_wconf 88' lang='lat' dir='ltr'><strong>descende,</strong></span> 
     </span>
     <span class='ocr_line' id='line_1_83' title="bbox 905 4666 1704 4744; baseline -0.005 -18"><span class='ocrx_word' id='word_1_653' title='bbox 905 4670 968 4744; x_wconf 89' lang='lat' dir='ltr'><strong>quia</strong></span> <span class='ocrx_word' id='word_1_654' title='bbox 987 4669 1067 4725; x_wconf 88' lang='lat' dir='ltr'><strong>bodie</strong></span> <span class='ocrx_word' id='word_1_655' title='bbox 1082 4668 1109 4722; x_wconf 92' lang='lat' dir='ltr'><strong>in</strong></span> <span class='ocrx_word' id='word_1_656' title='bbox 1124 4667 1206 4721; x_wconf 90' lang='lat' dir='ltr'><strong>domo</strong></span> <span class='ocrx_word' id='word_1_657' title='bbox 1216 4673 1262 4720; x_wconf 91' lang='lat' dir='ltr'><strong>tua</strong></span> <span class='ocrx_word' id='word_1_658' title='bbox 1272 4671 1570 4735; x_wconf 85' lang='lat' dir='ltr'><strong>oportetmemanere.</strong></span> <span class='ocrx_word' id='word_1_659' title='bbox 1581 4666 1614 4720; x_wconf 87' lang='grc' dir='ltr'><strong>ιιι</strong></span> <span class='ocrx_word' id='word_1_660' title='bbox 1630 4666 1704 4722; x_wconf 86' lang='grc' dir='ltr'>ιεειι-</span> 
     </span>
     <span class='ocr_line' id='line_1_84' title="bbox 905 4752 1701 4825; baseline -0.005 -9"><span class='ocrx_word' id='word_1_661' title='bbox 905 4776 983 4816; x_wconf 85' lang='grc' dir='ltr'>ιιιειιε</span> <span class='ocrx_word' id='word_1_662' title='bbox 996 4755 1148 4823; x_wconf 84' lang='lat' dir='ltr'><strong>descendit,</strong></span> <span class='ocrx_word' id='word_1_663' title='bbox 1160 4763 1188 4811; x_wconf 89' lang='lat' dir='ltr'><strong>et</strong></span> <span class='ocrx_word' id='word_1_664' title='bbox 1197 4752 1304 4825; x_wconf 79' lang='lat' dir='ltr'><strong>excepit</strong></span> <span class='ocrx_word' id='word_1_665' title='bbox 1313 4752 1531 4825; x_wconf 78' lang='lat' dir='ltr'><strong>illumgaudeus.</strong></span> <span class='ocrx_word' id='word_1_666' title='bbox 1544 4775 1556 4801; x_wconf 75' lang='lat' dir='ltr'><strong>a</strong></span> <span class='ocrx_word' id='word_1_667' title='bbox 1569 4753 1701 4812; x_wconf 86' lang='lat' dir='ltr'><strong>Inritatus</strong></span> 
     </span>
     <span class='ocr_line' id='line_1_85' title="bbox 907 4840 1700 4919; baseline -0.009 -14"><span class='ocrx_word' id='word_1_668' title='bbox 907 4849 1010 4913; x_wconf 86' lang='lat' dir='ltr'><strong>inritat,</strong></span> <span class='ocrx_word' id='word_1_669' title='bbox 1026 4844 1128 4919; x_wconf 86' lang='lat' dir='ltr'><strong>quiesi</strong></span> <span class='ocrx_word' id='word_1_670' title='bbox 1143 4843 1264 4899; x_wconf 89' lang='lat' dir='ltr'><strong>nondum</strong></span> <span class='ocrx_word' id='word_1_671' title='bbox 1287 4841 1410 4897; x_wconf 87' lang='lat' dir='ltr'><strong>andierat</strong></span> <span class='ocrx_word' id='word_1_672' title='bbox 1431 4855 1528 4897; x_wconf 83' lang='lat' dir='ltr'><strong>rocem</strong></span> <span class='ocrx_word' id='word_1_673' title='bbox 1552 4840 1700 4911; x_wconf 82' lang='lat' dir='ltr'><strong>inritantis,</strong></span> 
     </span>
     <span class='ocr_line' id='line_1_86' title="bbox 905 4928 1701 5002; baseline -0.009 -8"><span class='ocrx_word' id='word_1_674' title='bbox 905 4938 1030 4995; x_wconf 83' lang='lat' dir='ltr'><strong>audierat</strong></span> <span class='ocrx_word' id='word_1_675' title='bbox 1044 4932 1180 4990; x_wconf 84' lang='lat' dir='ltr'><strong>allectum.</strong></span> <span class='ocrx_word' id='word_1_676' title='bbox 1197 4932 1292 5002; x_wconf 88' lang='lat' dir='ltr'><strong>ltaque</strong></span> <span class='ocrx_word' id='word_1_677' title='bbox 1305 4929 1423 4986; x_wconf 88' lang='lat' dir='ltr'><strong>hodieia</strong></span> <span class='ocrx_word' id='word_1_678' title='bbox 1439 4928 1523 4985; x_wconf 92' lang='lat' dir='ltr'><strong>domo</strong></span> <span class='ocrx_word' id='word_1_679' title='bbox 1539 4928 1632 5000; x_wconf 91' lang='lat' dir='ltr'><strong>pusilli</strong></span> <span class='ocrx_word' id='word_1_680' title='bbox 1647 4932 1701 4987; x_wconf 86' lang='lat' dir='ltr'><strong>Za-</strong></span> 
     </span>
     <span class='ocr_line' id='line_1_87' title="bbox 904 5016 1702 5096; baseline -0.011 -12"><span class='ocrx_word' id='word_1_681' title='bbox 904 5026 973 5084; x_wconf 78' lang='lat' dir='ltr'><strong>cbrei</strong></span> <span class='ocrx_word' id='word_1_682' title='bbox 987 5031 1095 5096; x_wconf 86' lang='lat' dir='ltr'><strong>oportet</strong></span> <span class='ocrx_word' id='word_1_683' title='bbox 1109 5021 1185 5076; x_wconf 90' lang='lat' dir='ltr'><strong>illum</strong></span> <span class='ocrx_word' id='word_1_684' title='bbox 1199 5034 1321 5085; x_wconf 89' lang='lat' dir='ltr'><strong>manere,</strong></span> <span class='ocrx_word' id='word_1_685' title='bbox 1336 5017 1364 5073; x_wconf 90' lang='lat' dir='ltr'><strong>id</strong></span> <span class='ocrx_word' id='word_1_686' title='bbox 1379 5023 1423 5073; x_wconf 88' lang='grc' dir='ltr'><strong>εει</strong></span> <span class='ocrx_word' id='word_1_687' title='bbox 1436 5032 1509 5073; x_wconf 85' lang='lat' dir='ltr'><strong>nova</strong></span> <span class='ocrx_word' id='word_1_688' title='bbox 1522 5016 1592 5073; x_wconf 84' lang='lat' dir='ltr'><strong>lucis</strong></span> <span class='ocrx_word' id='word_1_689' title='bbox 1612 5019 1702 5091; x_wconf 69' lang='lat' dir='ltr'><strong>gratie</strong></span> 
     </span>
     <span class='ocr_line' id='line_1_88' title="bbox 904 5105 1702 5174; baseline -0.011 0"><span class='ocrx_word' id='word_1_690' title='bbox 904 5120 1094 5174; x_wconf 74' lang='lat' dir='ltr'><strong>eoruscantem</strong></span> <span class='ocrx_word' id='word_1_691' title='bbox 1109 5109 1136 5164; x_wconf 91' lang='lat' dir='ltr'><strong>in</strong></span> <span class='ocrx_word' id='word_1_692' title='bbox 1151 5107 1246 5165; x_wconf 91' lang='lat' dir='ltr'><strong>humili</strong></span> <span class='ocrx_word' id='word_1_693' title='bbox 1258 5105 1427 5164; x_wconf 85' lang='lat' dir='ltr'><strong>credentiam</strong></span> <span class='ocrx_word' id='word_1_694' title='bbox 1449 5105 1591 5162; x_wconf 74' lang='lat' dir='ltr'><strong>pauonum</strong></span> <span class='ocrx_word' id='word_1_695' title='bbox 1616 5108 1702 5165; x_wconf 87' lang='lat' dir='ltr'><strong>eorda</strong></span> 
     </span>
     <span class='ocr_line' id='line_1_89' title="bbox 905 5193 1703 5278; baseline -0.009 -18"><span class='ocrx_word' id='word_1_696' title='bbox 905 5204 1060 5278; x_wconf 88' lang='lat' dir='ltr'><strong>quiescere.</strong></span> <span class='ocrx_word' id='word_1_697' title='bbox 1075 5198 1155 5268; x_wconf 85' lang='lat' dir='ltr'><strong>Quod</strong></span> <span class='ocrx_word' id='word_1_698' title='bbox 1170 5205 1260 5252; x_wconf 85' lang='lat' dir='ltr'><strong>autern</strong></span> <span class='ocrx_word' id='word_1_699' title='bbox 1274 5194 1309 5251; x_wconf 91' lang='grc' dir='ltr'><strong>ιιε</strong></span> <span class='ocrx_word' id='word_1_700' title='bbox 1323 5208 1469 5267; x_wconf 73' lang='lat' dir='ltr'><strong>sycomoro</strong></span> <span class='ocrx_word' id='word_1_701' title='bbox 1479 5193 1658 5263; x_wconf 84' lang='lat' dir='ltr'><strong>descendere,</strong></span> <span class='ocrx_word' id='word_1_702' title='bbox 1673 5203 1703 5253; x_wconf 88' lang='grc' dir='ltr'><strong>ει</strong></span> 
     </span>
     <span class='ocr_line' id='line_1_90' title="bbox 904 5280 1702 5355; baseline -0.01 -6"><span class='ocrx_word' id='word_1_703' title='bbox 904 5293 946 5351; x_wconf 87' lang='lat' dir='ltr'><strong>sio</strong></span> <span class='ocrx_word' id='word_1_704' title='bbox 959 5291 988 5346; x_wconf 90' lang='lat' dir='ltr'><strong>in</strong></span> <span class='ocrx_word' id='word_1_705' title='bbox 1002 5290 1085 5345; x_wconf 89' lang='lat' dir='ltr'><strong>domo</strong></span> <span class='ocrx_word' id='word_1_706' title='bbox 1098 5285 1268 5341; x_wconf 86' lang='lat' dir='ltr'><strong>mansionem</strong></span> <span class='ocrx_word' id='word_1_707' title='bbox 1282 5281 1389 5339; x_wconf 83' lang='lat' dir='ltr'><strong>Christo</strong></span> <span class='ocrx_word' id='word_1_708' title='bbox 1403 5297 1500 5355; x_wconf 87' lang='lat' dir='ltr'><strong>parare</strong></span> <span class='ocrx_word' id='word_1_709' title='bbox 1509 5280 1633 5354; x_wconf 86' lang='lat' dir='ltr'><strong>jubetur,</strong></span> <span class='ocrx_word' id='word_1_710' title='bbox 1649 5282 1702 5341; x_wconf 85' lang='lat' dir='ltr'><strong>boc</strong></span> 
     </span>
     <span class='ocr_line' id='line_1_91' title="bbox 905 5370 1702 5453; baseline -0.01 -15"><span class='ocrx_word' id='word_1_711' title='bbox 905 5388 948 5439; x_wconf 90' lang='grc' dir='ltr'><strong>εει</strong></span> <span class='ocrx_word' id='word_1_712' title='bbox 956 5372 1247 5453; x_wconf 77' lang='lat' dir='ltr'><strong>quodaitbpostolus:</strong></span> <span class='ocrx_word' id='word_1_713' title='bbox 1258 5395 1270 5421; x_wconf 80' lang='grc' dir='ltr'><strong>ι</strong></span> <span class='ocrx_word' id='word_1_714' title='bbox 1282 5372 1317 5427; x_wconf 87' lang='grc' dir='ltr'><strong>ιιι</strong></span> <span class='ocrx_word' id='word_1_715' title='bbox 1325 5371 1349 5427; x_wconf 87' lang='lat' dir='ltr'><strong>si</strong></span> <span class='ocrx_word' id='word_1_716' title='bbox 1359 5370 1540 5445; x_wconf 70' lang='lat' dir='ltr'><strong>eognovimus</strong></span> <span class='ocrx_word' id='word_1_717' title='bbox 1549 5371 1702 5430; x_wconf 87' lang='lat' dir='ltr'><strong>secundum</strong></span> 
     </span>
     <span class='ocr_line' id='line_1_92' title="bbox 905 5459 1701 5533; baseline -0.01 -6"><span class='ocrx_word' id='word_1_718' title='bbox 905 5484 1017 5529; x_wconf 87' lang='lat' dir='ltr'><strong>carnem</strong></span> <span class='ocrx_word' id='word_1_719' title='bbox 1031 5464 1182 5530; x_wconf 83' lang='lat' dir='ltr'><strong>Christum,</strong></span> <span class='ocrx_word' id='word_1_720' title='bbox 1198 5461 1248 5518; x_wconf 87' lang='lat' dir='ltr'><strong>sed</strong></span> <span class='ocrx_word' id='word_1_721' title='bbox 1259 5460 1319 5533; x_wconf 86' lang='lat' dir='ltr'><strong>jum</strong></span> <span class='ocrx_word' id='word_1_722' title='bbox 1345 5475 1401 5517; x_wconf 90' lang='lat' dir='ltr'><strong>noa</strong></span> <span class='ocrx_word' id='word_1_723' title='bbox 1424 5459 1551 5517; x_wconf 84' lang='lat' dir='ltr'><strong>norimus</strong></span> <span class='ocrx_word' id='word_1_724' title='bbox 1569 5459 1614 5533; x_wconf 89' lang='grc' dir='ltr'><strong>(ιι</strong></span> <span class='ocrx_word' id='word_1_725' title='bbox 1634 5460 1701 5523; x_wconf 79' lang='lat' dir='ltr'><strong>Cor.</strong></span> 
     </span>
     <span class='ocr_line' id='line_1_93' title="bbox 906 5546 1705 5631; baseline -0.004 -24"><span class='ocrx_word' id='word_1_726' title='bbox 906 5562 947 5631; x_wconf 78' lang='lat' dir='ltr'><strong>v),</strong></span> <span class='ocrx_word' id='word_1_727' title='bbox 961 5580 1040 5607; x_wconf 74' lang='lat'><strong>»-«</strong></span> <span class='ocrx_word' id='word_1_728' title='bbox 1054 5556 1086 5611; x_wconf 85' lang='lat' dir='ltr'><strong>Et</strong></span> <span class='ocrx_word' id='word_1_729' title='bbox 1097 5552 1119 5609; x_wconf 93' lang='lat' dir='ltr'><strong>si</strong></span> <span class='ocrx_word' id='word_1_730' title='bbox 1130 5551 1204 5609; x_wconf 88' lang='lat' dir='ltr'><strong>enirn</strong></span> <span class='ocrx_word' id='word_1_731' title='bbox 1221 5560 1345 5606; x_wconf 89' lang='lat' dir='ltr'><strong>mortuus</strong></span> <span class='ocrx_word' id='word_1_732' title='bbox 1356 5556 1399 5605; x_wconf 91' lang='grc' dir='ltr'><strong>εει</strong></span> <span class='ocrx_word' id='word_1_733' title='bbox 1414 5563 1452 5605; x_wconf 79' lang='lat' dir='ltr'><strong>ex</strong></span> <span class='ocrx_word' id='word_1_734' title='bbox 1470 5546 1625 5606; x_wconf 88' lang='lat' dir='ltr'><strong>iulirmitate</strong></span> <span class='ocrx_word' id='word_1_735' title='bbox 1639 5564 1705 5606; x_wconf 86' lang='lat' dir='ltr'><strong>car·</strong></span> 
     </span>
     <span class='ocr_line' id='line_1_94' title="bbox 907 5636 1668 5717; baseline -0.025 -11"><span class='ocrx_word' id='word_1_736' title='bbox 907 5647 962 5715; x_wconf 88' lang='lat' dir='ltr'><strong>uis,</strong></span> <span class='ocrx_word' id='word_1_737' title='bbox 978 5648 1027 5705; x_wconf 89' lang='lat' dir='ltr'><strong>sed</strong></span> <span class='ocrx_word' id='word_1_738' title='bbox 1038 5644 1099 5717; x_wconf 76' lang='lat' dir='ltr'><strong>jrrn</strong></span> <span class='ocrx_word' id='word_1_739' title='bbox 1116 5639 1182 5698; x_wconf 91' lang='lat' dir='ltr'><strong>ririt</strong></span> <span class='ocrx_word' id='word_1_740' title='bbox 1196 5655 1231 5697; x_wconf 82' lang='lat' dir='ltr'><strong>es</strong></span> <span class='ocrx_word' id='word_1_741' title='bbox 1246 5637 1347 5697; x_wconf 84' lang='lat' dir='ltr'><strong>virtute</strong></span> <span class='ocrx_word' id='word_1_742' title='bbox 1360 5636 1411 5695; x_wconf 88' lang='lat' dir='ltr'><strong>Dei</strong></span> <span class='ocrx_word' id='word_1_743' title='bbox 1425 5638 1466 5711; x_wconf 91' lang='lat' dir='ltr'><strong>(ll</strong></span> <span class='ocrx_word' id='word_1_744' title='bbox 1479 5640 1542 5697; x_wconf 79' lang='lat' dir='ltr'><strong>Gor.</strong></span> <span class='ocrx_word' id='word_1_745' title='bbox 1560 5638 1635 5707; x_wconf 84' lang='grc' dir='ltr'>ιιιιι).</span> <span class='ocrx_word' id='word_1_746' title='bbox 1656 5660 1668 5687; x_wconf 71' lang='grc' dir='ltr'><strong>ι</strong></span> 
     </span>
    </p>
   </div>
   <div class='ocr_carea' id='block_1_19' title="bbox 56 5718 1877 5865">
    <p class='ocr_par' dir='ltr' id='par_1_20' title="bbox 56 5718 1877 5865">
     <span class='ocr_line' id='line_1_95' title="bbox 56 5718 1877 5865; baseline -0.021 -61"><span class='ocrx_word' id='word_1_747' title='bbox 56 5758 123 5804; x_wconf 88' lang='lat' dir='ltr'><strong>roro</strong></span> <span class='ocrx_word' id='word_1_748' title='bbox 137 5740 355 5801; x_wconf 79' lang='lat' dir='ltr'><strong>rocastudaeis</strong></span> <span class='ocrx_word' id='word_1_749' title='bbox 371 5748 453 5812; x_wconf 90' lang='lat' dir='ltr'><strong>atque</strong></span> <span class='ocrx_word' id='word_1_750' title='bbox 480 5740 612 5815; x_wconf 72' lang='lat' dir='ltr'><strong>pentibus</strong></span> <span class='ocrx_word' id='word_1_751' title='bbox 639 5736 777 5797; x_wconf 85' lang='lat' dir='ltr'><strong>Christum</strong></span> <span class='ocrx_word' id='word_1_752' title='bbox 804 5736 855 5795; x_wconf 86' lang='lat' dir='ltr'><strong>llei</strong></span> <span class='ocrx_word' id='word_1_753' title='bbox 944 5734 1067 5792; x_wconf 84' lang='lat' dir='ltr'><strong>Etcum</strong></span> <span class='ocrx_word' id='word_1_754' title='bbox 1094 5718 1741 5787; x_wconf 59' lang='lat' dir='ltr'><strong>riderentomesnamexossseseesu</strong></span> <span class='ocrx_word' id='word_1_755' title='bbox 1853 5772 1877 5865; x_wconf 53' lang='lat'><em>³</em></span> 
     </span>
    </p>
   </div>
   <div class='ocr_carea' id='block_1_20' title="bbox 214 5804 1615 5905">
    <p class='ocr_par' dir='ltr' id='par_1_21' title="bbox 214 5804 1615 5905">
     <span class='ocr_line' id='line_1_96' title="bbox 214 5804 1615 5905; baseline -0.004 -2"><span class='ocrx_word' id='word_1_756' title='bbox 214 5838 346 5904; x_wconf 82' lang='lat' dir='ltr'><strong>Pareat..</strong></span> <span class='ocrx_word' id='word_1_757' title='bbox 361 5838 483 5905; x_wconf 75' lang='lat' dir='ltr'><strong>cuvu.</strong></span> <span class='ocrx_word' id='word_1_758' title='bbox 1564 5804 1615 5862; x_wconf 42' lang='grc' dir='ltr'>Ἦ</span> 
     </span>
    </p>
   </div>
   <div class='ocr_carea' id='block_1_21' title="bbox 0 0 1894 6038">
    <p class='ocr_par' dir='ltr' id='par_1_22' title="bbox 0 0 1894 6038">
     <span class='ocr_line' id='line_1_97' title="bbox 0 0 1894 6038; baseline 0 0"><span class='ocrx_word' id='word_1_759' title='bbox 0 0 1894 6038; x_wconf 95' lang='lat' dir='ltr'><strong> </strong></span> 
     </span>
    </p>
   </div>
   <div class='ocr_carea' id='block_1_22' title="bbox 1841 5970 1877 5985">
    <p class='ocr_par' dir='ltr' id='par_1_23' title="bbox 1841 5970 1877 5985">
     <span class='ocr_line' id='line_1_98' title="bbox 1841 5970 1877 5985; baseline 0 -6"><span class='ocrx_word' id='word_1_760' title='bbox 1841 5970 1877 5985; x_wconf 72' lang='grc'>,...</span> 
     </span>
    </p>
   </div>
  </div>
 </body>
</html>
