3780 6038
106 214 174 273 tttt

668 205 837 264 weltNttttt
857 205 1002 262 annuus
1022 204 1054 258 S.
1078 202 1189 258 neustr

105 347 133 397 et
147 340 235 395 statim
250 355 329 396 error
342 337 487 400 abscessit,
511 335 587 408 pulsa
612 343 651 392 est
668 332 788 407 negatio,
805 337 897 387 secuta
912 329 940 390 Α
953 326 1115 383 medicinam
1132 324 1264 397 suggerit,
1275 333 1300 381 et
1316 342 1391 398 sape
1406 324 1518 382 eadem
1544 340 1613 398 quae
1633 323 1686 380 tibi
1709 325 1779 380 notia

106 427 253 483 consessio.
270 425 387 496 Respice
402 441 453 481 uos
469 438 589 495 quoque,
606 421 721 477 Domine
744 419 820 484 lesu,
838 426 865 472 ut
881 424 907 472 ct

107 526 159 567 nos
172 510 282 582 propria
302 525 536 583 recognoscamus
560 515 657 574 errata,
688 505 826 561 sulcamus
856 500 908 572 piis

108 608 217 665 tletibus
244 608 363 680 culpam.
391 623 548 664 mereamur
572 604 766 676 indulgentiam
781 609 909 672 peccato·

109 713 183 752 rum.
202 698 267 752 llaec
291 698 326 752 de
344 696 440 751 aritus
459 695 531 750 dicta
561 692 704 749 sufficiunt.
733 689 802 759 Quid
818 697 908 743 nutem

107 795 143 851 de
163 794 253 850 herbis
267 794 498 851 considerandum
515 793 560 858 sit,
577 791 670 862 aliqua
686 789 854 844 intimemus.

362 893 499 963 Exempla
514 891 546 946 de
561 888 665 946 barbis.

144 992 281 1047 Admonet
307 1008 358 1046 nos
390 992 485 1046 heatus
513 987 676 1045 Ambrosius
707 986 734 1040 in
754 985 909 1039 Exameron

108 1080 283 1136 considerare
299 1079 355 1135 lilia
371 1080 429 1149 agri
443 1097 450 1134 :
466 1087 584 1150 quantus
599 1076 634 1129 sit
652 1073 759 1130 candor
780 1072 806 1125 iu
827 1070 909 1138 loliis,

961 422 1036 482 sunt,
1065 425 1110 470 aut
1139 415 1248 480 nvibus,
1272 415 1400 471 autieris
1428 414 1592 470 innoxium
1621 413 1777 469 ministrant

960 504 1104 576 pabutum.
1132 505 1255 576 Denique
1282 504 1371 559 sturni
1400 513 1569 560 vescuntur
1595 502 1708 559 conio:
1737 520 1779 559 nec

961 597 1048 656 iraudi
1063 612 1104 657 ost
1119 603 1172 666 eis,
1188 604 1312 674 quoniam
1328 604 1466 676 qualitate
1482 603 1531 657 sui
1548 601 1689 672 conponis
1706 617 1780 656 rene

962 705 1027 744 num
1042 691 1116 746 succi
1140 690 1247 747 lethalis
1273 693 1402 747 eradunt:
1436 691 1563 763 Frigida
1580 690 1660 745 enirn
1676 690 1717 744 ris
1731 692 1780 759 ejus

963 788 1005 835 est
1020 780 1106 845 succi,
1123 797 1204 852 quam
1220 780 1455 852 subtilibuspnris
1473 780 1619 836 incordis
1635 780 1683 834 sui
1698 781 1780 834 sedeur

962 875 1135 942 ducentibus,
1152 877 1268 946 praecoci
1295 877 1455 948 digestione
1471 877 1674 948 praeveniunt,
1700 877 1780 946 prins·

964 978 1047 1036 quam
1071 964 1164 1020 vitalia
1192 966 1251 1037 ipsa
1281 974 1432 1037 pertentet.
1470 966 1670 1021 Helleborum
1701 973 1780 1019 autem

964 1053 1046 1125 periti
1061 1053 1207 1125 locarentur
1240 1071 1330 1110 escam
1352 1071 1416 1110 esse
1440 1055 1651 1117 coturnicum,
1668 1069 1703 1108 so
1717 1058 1779 1125 qnod

106 1161 911 1241 quomadmodumstipataipsaioliaabimoadsummurn
964 1150 1083 1206 naturali
1098 1152 1215 1223 quodam
1244 1160 1471 1224 temperamento
1496 1152 1547 1208 sui
1578 1152 1714 1224 corporis
1736 1153 1781 1206 rin

110 1257 255 1314 uideantur
265 1272 422 1328 assurgere,
438 1264 466 1310 ut
489 1253 585 1326 scyphi
610 1251 764 1322 exprimant
787 1247 911 1303 formam,
966 1239 1056 1312 pabuli
1070 1241 1193 1296 nocentis
1208 1241 1319 1299 evitent.
1336 1243 1444 1298 Etenim
1467 1242 1493 1297 si
1511 1242 1630 1298 ratione
1647 1241 1782 1298 medicina

109 1355 139 1402 ut
153 1346 212 1402 auri
227 1346 352 1418 quadam
376 1345 482 1416 species
511 1343 585 1398 intus
614 1339 765 1412 effulgeat:
796 1352 856 1408 quae
873 1339 912 1390 ta·
965 1337 1128 1412 plerumque
1154 1340 1188 1396 ed
1217 1341 1402 1398 salubritatem
1431 1341 1558 1397 humani
1589 1357 1708 1415 quoque
1732 1356 1784 1396 sor·

116 1461 179 1501 men
198 1445 271 1501 uallo
291 1445 319 1499 in
343 1443 457 1500 circuitu
488 1441 564 1497 lloris
590 1440 705 1508 obsepta
724 1436 789 1492 nulli
812 1441 902 1506 pateat
967 1427 1042 1498 poris
1070 1434 1248 1500 temperatur,
1280 1430 1326 1487 cui
1352 1431 1463 1487 ridetur
1493 1447 1566 1487 esse
1609 1429 1781 1495 contrarium,

109 1532 231 1604 injuriae.
251 1532 355 1605 siquis
371 1533 443 1587 huuc
465 1531 561 1586 florem
589 1530 729 1599 decerpet.
747 1533 773 1581 et
788 1539 838 1579 sua
853 1523 909 1579 sol·
967 1519 1167 1590 quantomagis
1195 1519 1354 1590 proprietati
1381 1529 1492 1576 naturae
1514 1520 1556 1575 ad
1573 1521 1674 1576 cibum
1690 1517 1785 1590 prolicit

111 1631 157 1678 vat
171 1623 199 1678 in
215 1621 289 1688 lolia,
302 1621 445 1693 quaetanti
459 1629 500 1676 est
516 1618 631 1675 artificis
645 1632 743 1672 manus
758 1610 914 1686 quaepossit
969 1613 1161 1684 qarodmedica
1191 1631 1272 1672 mauu
1300 1618 1476 1673 convertitur
1499 1617 1716 1673 adsalutem?
1741 1617 1787 1671 Per

110 1717 159 1773 lilii
173 1717 292 1789 speciem
312 1718 484 1773 reformaret
500 1715 568 1786 Quis
600 1723 690 1770 tantus
714 1711 836 1768 imitator
864 1679 1183 1772 na-Bmtndragoram
1209 1722 1315 1778 qnoque
1348 1721 1466 1762 somnus
1493 1706 1676 1779 frequenter
1699 1720 1786 1763 accer-

111 1812 188 1872 tura,
209 1815 238 1862 ut
266 1806 359 1863 florem
375 1807 447 1862 hunc
480 1806 671 1878 redintegrare
693 1807 852 1874 prasumat,
872 1801 916 1855 cui
970 1799 1038 1855 nitur
1061 1800 1107 1855 ubi
1129 1801 1283 1875 vigiliarum
1306 1803 1377 1874 aegri
1396 1802 1579 1860 afflictentur
1597 1803 1784 1860 incommodo.

113 1894 246 1952 Dominus
274 1902 378 1951 tantum
408 1894 593 1952 testimoninm
612 1892 697 1958 dedit,
729 1898 757 1946 ut
784 1889 913 1944 diceret:
969 1888 1099 1961 Numqui
1115 1890 1227 1962 deopio
1243 1890 1368 1963 loquar?
1392 1893 1469 1964 quod
1496 1893 1787 1963 etiamnobisqnoti·

118 2016 129 2043 ι
150 1994 209 2049 Nec
227 1992 357 2049 Salomon
377 1992 405 2047 iu
425 1993 518 2048 omnia
536 1990 624 2062 gloria
650 2003 702 2045 sua
721 1988 760 2044 sic
780 1985 916 2043 vestieba-
969 1976 1050 2032 diano
1061 1995 1198 2050 propensu
1210 1981 1334 2046 innotuit,
1349 1992 1489 2052 (tumtum
1502 1980 1630 2038 dolores
1638 1998 1675 2037 eo
1685 1981 1786 2053 snut·

113 2089 167 2151 tur,
183 2082 339 2138 sicutunus
354 2098 387 2137 ex
403 2081 461 2135 istis
491 2079 601 2146 tentet,
630 2080 682 2148 tv).
710 2078 770 2133 Rex
799 2074 916 2146 opulen-
970 2073 1031 2128 simi
1044 2075 1214 2131 internorum
1230 2092 1302 2147 sape
1314 2076 1456 2133 viscerum
1471 2077 1642 2148 sopiuntur.
1656 2078 1718 2133 Nec
1730 2075 1787 2131 illud

115 2171 238 2229 tissimus
278 2179 305 2226 et
347 2168 568 2241 sapientissimus
612 2166 727 2222 interior
756 2163 915 2234 judicatum
969 2163 1094 2236 praeterit
1110 2165 1183 2237 quod
1202 2165 1281 2221 conio
1309 2164 1475 2236 plerumque
1505 2165 1629 2222 furores
1652 2166 1787 2222 libidinum

115 2286 251 2346 quamque
279 2270 358 2338 liujus
385 2267 459 2323 lloris
484 2265 646 2335 puchritudo
673 2271 726 2319 est.
744 2261 817 2331 Quid
845 2276 916 2315 enu-
970 2261 1152 2320 marcuerunt,
1163 2261 1190 2309 et
1200 2253 1340 2309 helleboro
1354 2261 1474 2310 vetustae
1485 2255 1786 2329 passionesaegrioor·

117 2373 334 2417 meremaucoos
363 2357 505 2412 herbarum
534 2350 763 2424 salubrestquid
779 2346 913 2422 virgulto-
969 2351 1043 2423 poris
1062 2359 1125 2406 sunt
1154 2351 1263 2408 solutae.
1295 2352 1358 2408 Nou
1381 2352 1474 2408 solum
1506 2352 1786 2425 igiturnullainbis

118 2464 182 2505 rum
210 2461 244 2503 ao
268 2445 398 2501 loliorum
431 2441 578 2498 remediat
607 2443 711 2497 Cervus
733 2453 916 2512 aegerrcmu-
970 2440 1150 2511 reprehensio
1166 2440 1313 2507 creatoris,
1344 2441 1393 2496 scd
1417 2441 1508 2496 etiam
1527 2443 1787 2498 incrementumest

118 2535 294 2594 sculosoleae
323 2533 434 2600 mandit,
466 2528 628 2588 etsanustit
645 2548 651 2584 ι
668 2530 787 2586 locustas
809 2542 917 2599 qrroque
970 2529 1303 2603 gratiarumsiquidem
1323 2529 1397 2601 quod
1425 2530 1464 2585 ad
1492 2531 1664 2602 periculum
1679 2531 1786 2603 putabas

119 2633 186 2690 folia
201 2632 269 2688 olere
287 2646 382 2686 arrosa
401 2629 517 2685 liberant
532 2627 567 2682 ab
583 2625 756 2699 aegritudine.
772 2623 842 2680 liubi
856 2621 917 2677 lolia
970 2644 1032 2686 aare
1047 2637 1216 2701 generatum,
1244 2629 1279 2685 gd
1306 2628 1430 2684 remedia
1444 2628 1495 2684 gibi
1514 2629 1623 2686 „lupis
1640 2638 1784 2702 operm,

119 2723 271 2795 superjecta
299 2719 418 2793 serpenti
441 2718 600 2773 interimunt
627 2731 699 2771 eum.
723 2713 831 2769 Calices
862 2726 916 2766 non
969 2719 1040 2775 Nam
1056 2726 1083 2774 at
1096 2718 1125 2774 id
1140 2719 1210 2790 quad
1226 2718 1340 2790 periculi
1355 2726 1397 2774 ρει
1411 2734 1465 2790 pe,-
1479 2719 1702 2790 providem
1716 2719 1788 2776 deep

118 2818 235 2885 tangunt
251 2818 286 2875 te,
302 2809 326 2864 si
343 2807 481 2880 absynthii
509 2804 622 2860 herbam
636 2821 698 2860 oum
723 2802 785 2858 oleo
801 2815 917 2871 coquas,
970 2815 1059 2875 natur,
1074 2814 1100 2861 et
1115 2806 1143 2861 id
1156 2807 1232 2878 quod
1246 2806 1340 2862 salutis
1353 2821 1403 2878 per
1422 2805 1602 2862 industriam
1618 2823 1678 2865 non
1695 2807 1788 2864 admit·

118 2917 145 2968 et
159 2916 229 2965 eote
245 2906 420 2978 perunxeris.
440 2903 493 2960 Sed
509 2902 580 2958 lorte
596 2902 687 2958 dicant
700 2899 784 2971 aliqui
801 2917 807 2952 :
824 2896 917 2966 Quid?
971 2904 1043 2960 fitur,
1073 2908 1114 2960 An
1133 2919 1201 2960 oven
1229 2911 1255 2960 et
1282 2919 1372 2975 aspre
1400 2918 1432 2959 ea
1460 2920 1528 2976 quae
1546 2914 1617 2961 snut
1643 2905 1702 2960 sibi
1716 2904 1788 2961 nox'n

118 2997 267 3073 quodcum
282 2995 392 3051 utilibus
407 2993 488 3048 etiarn
518 2990 629 3046 lethalia
647 2987 845 3060 etperuiciosa
865 3001 917 3056 ge·
933 2992 1110 3095 caecilianae
1142 2992 1307 3061 didicemnt,
1338 2999 1364 3048 et
1387 2991 1452 3048 solo
1467 2992 1563 3050 odore
1584 3010 1639 3065 per
1654 2992 1789 3067 quoddam

120 3093 264 3150 nerantur,
281 3100 343 3140 cum
358 3083 446 3138 tritico
476 3080 581 3144 lolium,
606 3077 679 3149 quod
702 3077 772 3132 iuter
787 3075 918 3131 alimenta

120 3177 184 3235 vita
209 3173 319 3229 noxium
348 3171 494 3242 reperitur,
516 3176 543 3224 et
568 3167 620 3223 nisi
654 3165 801 3237 praevisum
830 3161 919 3229 luerit,

121 3272 262 3332 consuevit
277 3270 354 3327 saluti
368 3268 560 3325 nocerelnter
573 3265 626 3321 alia
637 3279 746 3336 quoque
758 3261 921 3318 nutrimenta

120 3363 183 3422 vitre
200 3361 372 3417 helleborum
387 3356 608 3428 deprehenditur,
623 3353 732 3409 aconita
747 3366 855 3425 quoque
874 3347 922 3405 ial-

121 3452 180 3508 luut
194 3450 350 3521 frequenter
365 3455 391 3502 et
402 3445 541 3517 decipiunt
555 3443 745 3515 colligentem,
755 3443 804 3496 sed
820 3440 872 3495 hoc
887 3437 922 3492 ita

124 3556 168 3604 ost
196 3562 230 3602 ac
257 3545 280 3599 si
310 3542 497 3615 reprehendas
526 3550 635 3609 terram,
662 3539 725 3612 quia
748 3554 804 3594 non
827 3551 923 3592 ornnes

124 3634 250 3694 homines
266 3633 331 3688 boni
348 3646 354 3686 :
372 3632 419 3686 sed
440 3630 513 3702 quod
528 3629 589 3700 plus
603 3636 648 3685 est
663 3628 767 3697 accipe,
790 3625 923 3697 quianon

124 3740 222 3782 omncs
238 3721 301 3778 boni
315 3719 406 3793 angeli
420 3720 447 3773 in
463 3718 545 3774 creto.
570 3718 642 3772 Num
657 3716 739 3790 igitur
753 3715 865 3787 dignum
881 3722 924 3768 est

125 3829 154 3877 ut
168 3821 195 3876 in
213 3819 255 3874 his
279 3834 339 3891 quae
363 3815 439 3871 utilia
467 3822 529 3870 sunt
558 3812 755 3885 posthabentes
776 3809 924 3866 conditoris

124 3909 242 3984 gratiam
256 3905 392 3974 confiteri,
409 3919 490 3977 quam
505 3911 616 3976 propter
630 3901 723 3973 aliqua
736 3900 923 3954 alimentorum

126 3998 209 4056 noxia
238 3995 377 4052 Creatoris
406 3988 610 4065 prospicientiae
644 3990 818 4062 derogemus,
846 3984 926 4056 quasi

125 4089 216 4145 omnis
236 4085 308 4158 gulae
336 4097 420 4140 causa
446 4081 570 4138 debuerit
597 4077 749 4150 procreari.
765 4084 811 4132 aut
826 4075 925 4146 exigua

125 4187 187 4253 sint,
205 4200 266 4257 quae
282 4182 370 4237 ventri
401 4189 494 4236 nostro
520 4178 613 4234 divina
641 4175 812 4249 indulgentia
827 4173 924 4228 minis·

125 4273 263 4331 trerorit‘?
279 4269 493 4326 Dellnitaenobis
508 4284 579 4324 escae
594 4275 656 4322 sunt
671 4275 697 4322 et
711 4273 782 4322 notae
796 4262 925 4319 omnibus

973 3083 1099 3138 naturale
1127 3082 1296 3154 mysterium,
1324 3096 1385 3137 cum
1414 3081 1471 3136 sint
1496 3083 1626 3139 rationis
1654 3093 1788 3155 expertes,

974 3172 1107 3227 rationem
1124 3179 1215 3226 tumen
1229 3169 1363 3226 evadendi
1372 3169 1490 3240 periculi
1505 3171 1557 3227 vel
1569 3172 1689 3228 tuendas
1702 3171 1790 3227 ιιιιιίι

975 3283 1139 3341 agnoscunt.
1169 3269 1308 3340 noxiaque
1331 3267 1433 3339 pariter
1461 3283 1495 3324 ac
1528 3267 1790 3340 protuturadistin·

976 3368 1043 3432 gunt
1060 3376 1066 3412 :
1083 3359 1122 3414 ita
1135 3366 1163 3412 ut
1178 3358 1341 3429 plerumque
1365 3372 1427 3412 cum
1453 3365 1572 3413 armata
1594 3358 1716 3415 venenis
1742 3357 1791 3413 tela

976 3447 1122 3513 senserint,
1139 3455 1217 3503 notas
1232 3455 1325 3518 petere
1343 3444 1455 3509 herbas,
1470 3452 1562 3518 atque
1578 3447 1626 3503 his
1643 3447 1789 3504 remedium

977 3544 1085 3600 vulneri
1101 3543 1227 3599 dicantur
1242 3542 1382 3599 adhibere.
1396 3540 1480 3597 Cibus
1490 3542 1574 3599 illius
1584 3545 1731 3601 medicina
1742 3552 1788 3609 est,

976 3642 1004 3689 ut
1021 3632 1127 3689 resilire
1143 3633 1259 3703 sagittas
1272 3631 1366 3687 rideas
1378 3647 1393 3687 e
1403 3629 1789 3706 vuluereetiugere,reneut

977 3739 1033 3779 non
1067 3737 1189 3793 serpere.
1219 3721 1342 3792 Denique
1365 3719 1556 3776 cerriscibns
1577 3739 1725 3778 venenum
1736 3729 1784 3778 est.

978 3821 1097 3878 coluber
1111 3836 1228 3876 cerrum
1242 3819 1321 3892 fugit,
1338 3818 1446 3875 leonem
1460 3817 1611 3877 interficit.
1629 3821 1724 3878 Draco
1735 3820 1787 3876 els-

978 3911 1109 3983 phantem
1138 3910 1212 3980 ligat,
1238 3911 1317 3978 cujus
1340 3907 1417 3962 ruina
1437 3922 1514 3962 mors
1546 3908 1670 3966 victoris
1690 3918 1731 3966 est
1744 3915 1787 3963 :et

976 3999 1041 4055 ideo
1056 4014 1161 4053 summe
1186 3997 1311 4070 utrinqne
1331 4003 1461 4053 certent:
1484 3995 1534 4052 ille
1550 4005 1582 4052 ut
1597 3999 1706 4070 pedem
1731 3996 1786 4053 dti-

979 4097 1037 4162 get,
1052 4087 1079 4143 in
1095 4103 1149 4160 quo
1163 4103 1243 4142 casus
1257 4086 1319 4142 victi
1343 4085 1395 4141 sibi
1424 4100 1528 4142 nocere
1539 4101 1599 4142 non
1624 4089 1728 4160 possit;
1743 4086 1786 4141 iste

978 4194 1013 4233 ne
1040 4176 1193 4248 posteriore
1221 4185 1359 4231 extremus
1396 4174 1542 4246 pudeant
1566 4174 1645 4232 calle
1670 4176 1786 4247 capiatur

979 4284 1108 4349 angusto,
1123 4275 1171 4330 ubi
1198 4273 1241 4329 vel
1266 4273 1324 4345 ipse
1339 4288 1369 4328 se
1381 4271 1451 4344 laon
1467 4280 1555 4343 queat
1579 4283 1751 4347 retorquere,
1764 4280 1786 4328 et

128 4371 230 4434 quaest
253 4360 422 4430 voluptatem
447 4364 589 4431 generent,
606 4364 633 4410 et
655 4353 778 4426 corporis
806 4350 926 4407 salubri·
944 4387 970 4448 D
985 4364 1134 4420 draconem
1162 4363 1240 4434 gravi
1264 4369 1403 4434 properem
1430 4361 1564 4433 vestigio,
1587 4363 1638 4419 vel
1657 4361 1788 4434 sequenti,

126 4467 221 4516 tatem.
254 4456 370 4530 Singula
392 4462 486 4511 autern
515 4470 608 4511 eorum
638 4468 697 4525 que
721 4458 887 4525 generantur
911 4464 927 4504 e

130 4557 210 4615 terris
230 4554 376 4628 specialem
405 4554 551 4625 qnamdam
579 4552 680 4607 hahent
708 4550 928 4620 rationemque

128 4662 177 4719 pro
196 4644 269 4702 virili
282 4643 405 4716 portione
420 4643 556 4713 complent
570 4641 707 4696 universae
725 4637 920 4709 plenitudinem

131 4752 272 4801 creatura.
289 4740 348 4795 Alia
363 4754 430 4811 ergo
455 4738 524 4800 esui.
550 4738 601 4793 alia
615 4736 660 4792 alii
686 4743 834 4791 nascuntur
851 4731 925 4787 usui.

130 4832 203 4889 Nihil
218 4837 306 4891 vacat,
319 4828 386 4884 nibil
414 4828 495 4883 inane
523 4827 661 4899 germinat
689 4833 773 4880 terra.
790 4820 868 4891 Quod
882 4821 930 4875 tibi

130 4929 211 4991 putas
224 4918 330 4980 inutile,
342 4916 402 4972 aliis
417 4915 483 4971 utile
498 4924 541 4972 est
558 4932 564 4972 :
591 4915 646 4970 imo
660 4913 713 4984 ipsi
735 4911 783 4967 tibi
799 4910 931 4981 frequen-

136 5025 179 5073 ter
206 5015 261 5071 alio
288 5021 330 5070 est
356 5014 421 5069 usui
450 5012 525 5069 utile.
545 5012 624 5082 Quod
646 5026 737 5067 escam
753 5023 807 5064 non
823 5005 933 5078 adjuvat

985 4453 1123 4526 elephanti
1137 4453 1266 4509 auxilium
1281 4466 1335 4506 non
1363 4451 1478 4506 habere.
1507 4451 1589 4524 Ergo
1605 4452 1632 4508 si
1648 4453 1788 4510 irrationa-

983 4552 1050 4608 bilia
1077 4550 1203 4606 animalia
1232 4556 1330 4606 norunt
1357 4548 1456 4621 quibus
1477 4547 1596 4605 sibiaut
1623 4551 1789 4608 medicentur

983 4650 1085 4715 herbis,
1101 4656 1147 4704 aut
1158 4648 1288 4704 subsidiis
1301 4662 1382 4719 opem
1395 4644 1524 4712 atteram,
1550 4648 1642 4706 homo
1652 4650 1739 4706 neam
1751 4646 1788 4704 cui

984 4738 1153 4795 rationabilis
1181 4752 1278 4792 sensus
1306 4735 1466 4791 innascitur.
1484 4735 1520 4790 lit
1535 4737 1604 4794 ideo
1625 4739 1665 4796 ds
1692 4738 1789 4794 irratio-

985 4836 1122 4892 nabilibus
1144 4836 1229 4891 rebus
1243 4836 1343 4891 dantur
1357 4833 1436 4890 nobis
1458 4834 1603 4908 exempla,
1621 4848 1655 4894 ιιι
1682 4839 1790 4910 perhac

986 4926 1129 4982 veniamus
1143 4925 1178 4981 ad
1193 4923 1444 4980 rationabilitatem.

527 5285 836 5391 DOMlNlCA
875 5280 1112 5385 DECIMA
1157 5279 1385 5384 SEXTA.

775 5526 973 5593 Secundum
989 5525 1128 5591 Lucam.

178 5739 189 5764 ι
210 5716 268 5773 lbat
280 5716 361 5772 lesus
376 5716 403 5772 in
431 5715 571 5773 civitatem
586 5732 647 5791 quae
661 5721 774 5773 vocatur
788 5712 880 5771 Naim.
896 5715 930 5770 Et

985 5713 1062 5769 ibant
1075 5729 1136 5771 curn
1152 5712 1198 5770 illo
1214 5711 1341 5786 discipuli
1355 5709 1424 5783 eius,
1439 5714 1468 5768 st
1482 5710 1567 5772 turba
1589 5716 1723 5791 eopiosa.
1736 5715 1793 5773 Gn·

1794 5944 1835 5991 ..tt
