<?xml version="1.0" encoding="UTF-8"?>
<!DOCTYPE html PUBLIC "-//W3C//DTD XHTML 1.0 Transitional//EN"
    "http://www.w3.org/TR/xhtml1/DTD/xhtml1-transitional.dtd">
<html xmlns="http://www.w3.org/1999/xhtml" xml:lang="en" lang="en">
 <head>
  <title>
</title>
<meta http-equiv="Content-Type" content="text/html;charset=utf-8" />
  <meta name='ocr-system' content='tesseract 3.04.00' />
  <meta name='ocr-capabilities' content='ocr_page ocr_carea ocr_par ocr_line ocrx_word'/>
</head>
<body>
  <div class='ocr_page' id='page_1' title='image "./patrologiaecurs60unkngoog_0260.png"; bbox 0 0 3780 6038; ppageno 0'>
   <div class='ocr_carea' id='block_1_1' title="bbox 114 163 180 267">
    <p class='ocr_par' dir='ltr' id='par_1_1' title="bbox 114 163 180 267">
     <span class='ocr_line' id='line_1_1' title="bbox 114 163 180 267; baseline -0.015 0"><span class='ocrx_word' id='word_1_1' title='bbox 114 163 180 267; x_wconf 73' lang='lat' dir='ltr'><strong>aas</strong></span> 
     </span>
    </p>
   </div>
   <div class='ocr_carea' id='block_1_2' title="bbox 657 198 1178 267">
    <p class='ocr_par' dir='ltr' id='par_1_2' title="bbox 657 198 1178 267">
     <span class='ocr_line' id='line_1_2' title="bbox 657 198 1178 267; baseline 0.021 -11"><span class='ocrx_word' id='word_1_2' title='bbox 657 204 663 215; x_wconf 76' lang='lat'><strong>&#39;</strong></span> <span class='ocrx_word' id='word_1_3' title='bbox 701 198 885 260; x_wconf 81' lang='lat' dir='ltr'><strong>EPISTOLAE</strong></span> <span class='ocrx_word' id='word_1_4' title='bbox 903 204 949 262; x_wconf 85' lang='lat' dir='ltr'><strong>ET</strong></span> <span class='ocrx_word' id='word_1_5' title='bbox 967 206 1178 267; x_wconf 72' lang='lat' dir='ltr'><strong>rfflvltmrt.</strong></span> 
     </span>
    </p>
   </div>
   <div class='ocr_carea' id='block_1_3' title="bbox 1715 223 1768 280">
    <p class='ocr_par' dir='ltr' id='par_1_3' title="bbox 1715 223 1768 280">
     <span class='ocr_line' id='line_1_3' title="bbox 1715 223 1768 280; baseline 0.019 -1"><span class='ocrx_word' id='word_1_6' title='bbox 1715 223 1768 280; x_wconf 73' lang='lat'><strong>510</strong></span> 
     </span>
    </p>
   </div>
   <div class='ocr_carea' id='block_1_4' title="bbox 112 330 1761 411">
    <p class='ocr_par' dir='ltr' id='par_1_4' title="bbox 112 330 1761 411">
     <span class='ocr_line' id='line_1_4' title="bbox 112 330 1761 411; baseline 0.01 -20"><span class='ocrx_word' id='word_1_7' title='bbox 112 332 252 392; x_wconf 72' lang='lat' dir='ltr'><strong>Ecclesiae</strong></span> <span class='ocrx_word' id='word_1_8' title='bbox 264 332 396 391; x_wconf 78' lang='lat' dir='ltr'><strong>Romanae</strong></span> <span class='ocrx_word' id='word_1_9' title='bbox 410 330 526 407; x_wconf 87' lang='lat' dir='ltr'><strong>legatus,</strong></span> <span class='ocrx_word' id='word_1_10' title='bbox 544 331 675 388; x_wconf 76' lang='lat' dir='ltr'><strong>Rouuaro</strong></span> <span class='ocrx_word' id='word_1_11' title='bbox 693 330 846 388; x_wconf 87' lang='lat' dir='ltr'><strong>Taroneusi</strong></span> <span class='ocrx_word' id='word_1_12' title='bbox 866 345 913 387; x_wconf 91' lang='lat' dir='ltr'><strong>ar·</strong></span> <span class='ocrx_word' id='word_1_13' title='bbox 927 333 956 396; x_wconf 77' lang='lat' dir='ltr'><strong>A</strong></span> <span class='ocrx_word' id='word_1_14' title='bbox 970 341 1051 391; x_wconf 90' lang='lat' dir='ltr'><strong>tatem</strong></span> <span class='ocrx_word' id='word_1_15' title='bbox 1066 341 1167 393; x_wconf 76' lang='lat' dir='ltr'><strong>nostrae</strong></span> <span class='ocrx_word' id='word_1_16' title='bbox 1186 336 1334 411; x_wconf 76' lang='lat' dir='ltr'><strong>legationis</strong></span> <span class='ocrx_word' id='word_1_17' title='bbox 1356 347 1604 405; x_wconf 73' lang='lat' dir='ltr'><strong>commendabilem</strong></span> <span class='ocrx_word' id='word_1_18' title='bbox 1623 348 1761 407; x_wconf 89' lang='lat' dir='ltr'><strong>efficiens.</strong></span> 
     </span>
    </p>
   </div>
   <div class='ocr_carea' id='block_1_5' title="bbox 114 421 917 583">
    <p class='ocr_par' dir='ltr' id='par_1_5' title="bbox 114 421 917 583">
     <span class='ocr_line' id='line_1_5' title="bbox 114 421 447 494; baseline -0.009 -14"><span class='ocrx_word' id='word_1_19' title='bbox 114 423 303 494; x_wconf 84' lang='lat' dir='ltr'><strong>chlepiscopc,</strong></span> <span class='ocrx_word' id='word_1_20' title='bbox 320 421 447 477; x_wconf 87' lang='lat' dir='ltr'><strong>salutem.</strong></span> 
     </span>
     <span class='ocr_line' id='line_1_6' title="bbox 150 508 917 583; baseline -0.005 -15"><span class='ocrx_word' id='word_1_21' title='bbox 150 511 263 568; x_wconf 87' lang='lat' dir='ltr'><strong>Gratias</strong></span> <span class='ocrx_word' id='word_1_22' title='bbox 277 510 364 566; x_wconf 86' lang='lat' dir='ltr'><strong>babeo</strong></span> <span class='ocrx_word' id='word_1_23' title='bbox 380 510 536 566; x_wconf 87' lang='lat' dir='ltr'><strong>innumeras</strong></span> <span class='ocrx_word' id='word_1_24' title='bbox 559 509 621 583; x_wconf 92' lang='lat' dir='ltr'><strong>quia</strong></span> <span class='ocrx_word' id='word_1_25' title='bbox 654 525 764 581; x_wconf 81' lang='lat' dir='ltr'><strong>semper</strong></span> <span class='ocrx_word' id='word_1_26' title='bbox 785 508 917 564; x_wconf 89' lang='lat' dir='ltr'><strong>obediens</strong></span> 
     </span>
    </p>
   </div>
   <div class='ocr_carea' id='block_1_6' title="bbox 970 423 1768 594">
    <p class='ocr_par' dir='ltr' id='par_1_6' title="bbox 970 423 1768 594">
     <span class='ocr_line' id='line_1_7' title="bbox 970 423 1768 509; baseline 0.02 -31"><span class='ocrx_word' id='word_1_27' title='bbox 970 423 1076 481; x_wconf 87' lang='lat' dir='ltr'><strong>Deinde</strong></span> <span class='ocrx_word' id='word_1_28' title='bbox 1091 427 1192 494; x_wconf 89' lang='lat' dir='ltr'><strong>comiti,</strong></span> <span class='ocrx_word' id='word_1_29' title='bbox 1210 436 1265 484; x_wconf 90' lang='lat' dir='ltr'><strong>tum</strong></span> <span class='ocrx_word' id='word_1_30' title='bbox 1280 432 1362 487; x_wconf 86' lang='lat' dir='ltr'><strong>etiam</strong></span> <span class='ocrx_word' id='word_1_31' title='bbox 1378 435 1516 509; x_wconf 85' lang='lat' dir='ltr'><strong>episcopis</strong></span> <span class='ocrx_word' id='word_1_32' title='bbox 1531 438 1768 508; x_wconf 75' lang='lat' dir='ltr'><strong>suliurislitteras</strong></span> 
     </span>
     <span class='ocr_line' id='line_1_8' title="bbox 970 513 1767 594; baseline 0.024 -28"><span class='ocrx_word' id='word_1_33' title='bbox 970 513 1051 578; x_wconf 80' lang='lat' dir='ltr'><strong>misit,</strong></span> <span class='ocrx_word' id='word_1_34' title='bbox 1067 515 1197 584; x_wconf 87' lang='lat' dir='ltr'><strong>adjurans</strong></span> <span class='ocrx_word' id='word_1_35' title='bbox 1210 533 1258 572; x_wconf 90' lang='lat' dir='ltr'><strong>eos</strong></span> <span class='ocrx_word' id='word_1_36' title='bbox 1274 522 1348 575; x_wconf 89' lang='lat' dir='ltr'><strong>omni</strong></span> <span class='ocrx_word' id='word_1_37' title='bbox 1363 526 1545 594; x_wconf 86' lang='lat' dir='ltr'><strong>attestatione,</strong></span> <span class='ocrx_word' id='word_1_38' title='bbox 1571 534 1599 582; x_wconf 88' lang='lat' dir='ltr'><strong>et</strong></span> <span class='ocrx_word' id='word_1_39' title='bbox 1624 542 1681 582; x_wconf 85' lang='lat' dir='ltr'><strong>suae</strong></span> <span class='ocrx_word' id='word_1_40' title='bbox 1706 542 1767 582; x_wconf 86' lang='lat' dir='ltr'><strong>ma·</strong></span> 
     </span>
    </p>
   </div>
   <div class='ocr_carea' id='block_1_7' title="bbox 114 598 1765 673">
    <p class='ocr_par' dir='ltr' id='par_1_7' title="bbox 114 598 1765 673">
     <span class='ocr_line' id='line_1_9' title="bbox 114 598 1765 673; baseline 0.007 -15"><span class='ocrx_word' id='word_1_41' title='bbox 114 600 388 658; x_wconf 83' lang='lat' dir='ltr'><strong>exstitistietsanctae</strong></span> <span class='ocrx_word' id='word_1_42' title='bbox 403 599 535 655; x_wconf 79' lang='lat' dir='ltr'><strong>Ecclesiae</strong></span> <span class='ocrx_word' id='word_1_43' title='bbox 550 598 576 653; x_wconf 93' lang='lat' dir='ltr'><strong>iu</strong></span> <span class='ocrx_word' id='word_1_44' title='bbox 592 599 757 656; x_wconf 88' lang='lat' dir='ltr'><strong>necessitate</strong></span> <span class='ocrx_word' id='word_1_45' title='bbox 772 599 918 655; x_wconf 84' lang='lat' dir='ltr'><strong>subvenire</strong></span> <span class='ocrx_word' id='word_1_46' title='bbox 967 600 1077 673; x_wconf 79' lang='lat' dir='ltr'><strong>jestatis</strong></span> <span class='ocrx_word' id='word_1_47' title='bbox 1092 619 1124 659; x_wconf 88' lang='lat' dir='ltr'><strong>ac</strong></span> <span class='ocrx_word' id='word_1_48' title='bbox 1139 603 1274 662; x_wconf 83' lang='lat' dir='ltr'><strong>fidelitatis</strong></span> <span class='ocrx_word' id='word_1_49' title='bbox 1290 624 1351 664; x_wconf 86' lang='lat' dir='ltr'><strong>reos</strong></span> <span class='ocrx_word' id='word_1_50' title='bbox 1374 626 1438 666; x_wconf 89' lang='lat' dir='ltr'><strong>sssc</strong></span> <span class='ocrx_word' id='word_1_51' title='bbox 1463 613 1622 670; x_wconf 89' lang='lat' dir='ltr'><strong>instituens.</strong></span> <span class='ocrx_word' id='word_1_52' title='bbox 1654 615 1765 671; x_wconf 76' lang='lat' dir='ltr'><strong>Scilicet</strong></span> 
     </span>
    </p>
   </div>
   <div class='ocr_carea' id='block_1_8' title="bbox 114 687 917 1295">
    <p class='ocr_par' dir='ltr' id='par_1_8' title="bbox 114 687 917 1295">
     <span class='ocr_line' id='line_1_10' title="bbox 115 687 917 762; baseline -0.002 -17"><span class='ocrx_word' id='word_1_53' title='bbox 115 705 266 762; x_wconf 85' lang='lat' dir='ltr'><strong>proposse</strong></span> <span class='ocrx_word' id='word_1_54' title='bbox 281 696 309 744; x_wconf 90' lang='lat' dir='ltr'><strong>ct</strong></span> <span class='ocrx_word' id='word_1_55' title='bbox 323 688 392 744; x_wconf 88' lang='lat' dir='ltr'><strong>scire</strong></span> <span class='ocrx_word' id='word_1_56' title='bbox 407 695 519 743; x_wconf 91' lang='lat' dir='ltr'><strong>tuonon</strong></span> <span class='ocrx_word' id='word_1_57' title='bbox 534 687 667 761; x_wconf 80' lang='lat' dir='ltr'><strong>refugisti.</strong></span> <span class='ocrx_word' id='word_1_58' title='bbox 687 689 725 743; x_wconf 91' lang='lat' dir='ltr'><strong>Te</strong></span> <span class='ocrx_word' id='word_1_59' title='bbox 739 687 822 761; x_wconf 88' lang='lat' dir='ltr'><strong>igitur</strong></span> <span class='ocrx_word' id='word_1_60' title='bbox 837 688 917 743; x_wconf 85' lang='lat' dir='ltr'><strong>ralde</strong></span> 
     </span>
     <span class='ocr_line' id='line_1_11' title="bbox 115 776 917 848; baseline -0.005 -13"><span class='ocrx_word' id='word_1_61' title='bbox 115 779 198 835; x_wconf 86' lang='lat' dir='ltr'><strong>nobis</strong></span> <span class='ocrx_word' id='word_1_62' title='bbox 212 776 399 834; x_wconf 89' lang='lat' dir='ltr'><strong>necessarium</strong></span> <span class='ocrx_word' id='word_1_63' title='bbox 414 793 466 848; x_wconf 94' lang='lat' dir='ltr'><strong>pro</strong></span> <span class='ocrx_word' id='word_1_64' title='bbox 481 784 527 832; x_wconf 89' lang='lat' dir='ltr'><strong>tua</strong></span> <span class='ocrx_word' id='word_1_65' title='bbox 544 777 630 848; x_wconf 89' lang='lat' dir='ltr'><strong>ipsius</strong></span> <span class='ocrx_word' id='word_1_66' title='bbox 652 777 731 832; x_wconf 90' lang='lat' dir='ltr'><strong>etiam</strong></span> <span class='ocrx_word' id='word_1_67' title='bbox 754 777 917 832; x_wconf 80' lang='lat' dir='ltr'><strong>necessitate</strong></span> 
     </span>
     <span class='ocr_line' id='line_1_12' title="bbox 116 867 917 940; baseline -0.002 -17"><span class='ocrx_word' id='word_1_68' title='bbox 116 868 271 940; x_wconf 88' lang='lat' dir='ltr'><strong>apostolica</strong></span> <span class='ocrx_word' id='word_1_69' title='bbox 309 867 471 922; x_wconf 83' lang='lat' dir='ltr'><strong>auctoritate</strong></span> <span class='ocrx_word' id='word_1_70' title='bbox 509 881 649 936; x_wconf 85' lang='lat' dir='ltr'><strong>vocamus,</strong></span> <span class='ocrx_word' id='word_1_71' title='bbox 673 873 699 921; x_wconf 92' lang='lat' dir='ltr'><strong>ct</strong></span> <span class='ocrx_word' id='word_1_72' title='bbox 726 882 776 936; x_wconf 92' lang='lat' dir='ltr'><strong>per</strong></span> <span class='ocrx_word' id='word_1_73' title='bbox 802 874 827 921; x_wconf 90' lang='lat' dir='ltr'><strong>te</strong></span> <span class='ocrx_word' id='word_1_74' title='bbox 856 873 917 921; x_wconf 88' lang='lat' dir='ltr'><strong>tuos</strong></span> 
     </span>
     <span class='ocr_line' id='line_1_13' title="bbox 116 954 916 1028; baseline -0.003 -16"><span class='ocrx_word' id='word_1_75' title='bbox 116 954 310 1028; x_wconf 79' lang='lat' dir='ltr'><strong>suffraganeos</strong></span> <span class='ocrx_word' id='word_1_76' title='bbox 324 955 478 1026; x_wconf 90' lang='lat' dir='ltr'><strong>episcopos,</strong></span> <span class='ocrx_word' id='word_1_77' title='bbox 494 962 554 1010; x_wconf 93' lang='lat' dir='ltr'><strong>tuos</strong></span> <span class='ocrx_word' id='word_1_78' title='bbox 569 955 650 1010; x_wconf 92' lang='lat' dir='ltr'><strong>etiam</strong></span> <span class='ocrx_word' id='word_1_79' title='bbox 661 954 785 1010; x_wconf 80' lang='lat' dir='ltr'><strong>utiliores</strong></span> <span class='ocrx_word' id='word_1_80' title='bbox 798 954 916 1010; x_wconf 83' lang='lat' dir='ltr'><strong>clericos</strong></span> 
     </span>
     <span class='ocr_line' id='line_1_14' title="bbox 115 1043 916 1116; baseline -0.002 -16"><span class='ocrx_word' id='word_1_81' title='bbox 115 1053 142 1101; x_wconf 87' lang='lat' dir='ltr'><strong>et</strong></span> <span class='ocrx_word' id='word_1_82' title='bbox 153 1046 277 1111; x_wconf 87' lang='lat' dir='ltr'><strong>abbates,</strong></span> <span class='ocrx_word' id='word_1_83' title='bbox 294 1045 330 1100; x_wconf 90' lang='lat' dir='ltr'><strong>ad</strong></span> <span class='ocrx_word' id='word_1_84' title='bbox 359 1045 494 1116; x_wconf 77' lang='lat' dir='ltr'><strong>synodum</strong></span> <span class='ocrx_word' id='word_1_85' title='bbox 523 1045 551 1098; x_wconf 91' lang='lat' dir='ltr'><strong>iu</strong></span> <span class='ocrx_word' id='word_1_86' title='bbox 578 1043 819 1115; x_wconf 72' lang='lat' dir='ltr'><strong>augustodunensi</strong></span> <span class='ocrx_word' id='word_1_87' title='bbox 847 1043 916 1099; x_wconf 90' lang='lat' dir='ltr'><strong>civi·</strong></span> 
     </span>
     <span class='ocr_line' id='line_1_15' title="bbox 114 1132 916 1205; baseline -0.005 -15"><span class='ocrx_word' id='word_1_88' title='bbox 114 1141 172 1190; x_wconf 85' lang='lat' dir='ltr'><strong>tate</strong></span> <span class='ocrx_word' id='word_1_89' title='bbox 187 1148 217 1188; x_wconf 89' lang='lat' dir='ltr'><strong>rv</strong></span> <span class='ocrx_word' id='word_1_90' title='bbox 232 1132 296 1190; x_wconf 86' lang='lat' dir='ltr'><strong>Idus</strong></span> <span class='ocrx_word' id='word_1_91' title='bbox 312 1133 484 1205; x_wconf 86' lang='lat' dir='ltr'><strong>Septembris</strong></span> <span class='ocrx_word' id='word_1_92' title='bbox 498 1132 693 1190; x_wconf 77' lang='lat' dir='ltr'><strong>celebrandam</strong></span> <span class='ocrx_word' id='word_1_93' title='bbox 707 1132 801 1190; x_wconf 90' lang='lat' dir='ltr'><strong>venire</strong></span> <span class='ocrx_word' id='word_1_94' title='bbox 816 1132 916 1204; x_wconf 89' lang='lat' dir='ltr'><strong>praeci-</strong></span> 
     </span>
     <span class='ocr_line' id='line_1_16' title="bbox 114 1238 221 1295; baseline 0.009 -18"><span class='ocrx_word' id='word_1_95' title='bbox 114 1238 221 1295; x_wconf 88' lang='lat' dir='ltr'><strong>prmus.</strong></span> 
     </span>
    </p>
   </div>
   <div class='ocr_carea' id='block_1_9' title="bbox 499 1347 531 1404">
    <p class='ocr_par' dir='ltr' id='par_1_9' title="bbox 499 1347 531 1404">
     <span class='ocr_line' id='line_1_17' title="bbox 499 1347 531 1404; baseline -0.063 0"><span class='ocrx_word' id='word_1_96' title='bbox 499 1347 531 1404; x_wconf 82' lang='lat' dir='ltr'><strong>V.</strong></span> 
     </span>
    </p>
   </div>
   <div class='ocr_carea' id='block_1_10' title="bbox 115 1443 916 1646">
    <p class='ocr_par' dir='ltr' id='par_1_10' title="bbox 115 1443 916 1646">
     <span class='ocr_line' id='line_1_18' title="bbox 115 1443 916 1518; baseline -0.002 -15"><span class='ocrx_word' id='word_1_97' title='bbox 115 1447 232 1504; x_wconf 75' lang='lat' dir='ltr'><strong>Litterae</strong></span> <span class='ocrx_word' id='word_1_98' title='bbox 258 1445 383 1516; x_wconf 80' lang='lat' dir='ltr'><strong>lingonis</strong></span> <span class='ocrx_word' id='word_1_99' title='bbox 418 1444 623 1518; x_wconf 79' lang='lat' dir='ltr'><strong>archiepiscopi</strong></span> <span class='ocrx_word' id='word_1_100' title='bbox 648 1445 845 1513; x_wconf 76' lang='lat' dir='ltr'><strong>lugdunensis</strong></span> <span class='ocrx_word' id='word_1_101' title='bbox 882 1443 916 1501; x_wconf 85' lang='lat' dir='ltr'><strong>dc</strong></span> 
     </span>
     <span class='ocr_line' id='line_1_19' title="bbox 153 1515 915 1584; baseline 0 -11"><span class='ocrx_word' id='word_1_102' title='bbox 153 1517 278 1574; x_wconf 80' lang='lat' dir='ltr'><strong>Ecclesia</strong></span> <span class='ocrx_word' id='word_1_103' title='bbox 303 1516 414 1573; x_wconf 72' lang='lat' dir='ltr'><strong>Sanctis</strong></span> <span class='ocrx_word' id='word_1_104' title='bbox 434 1518 510 1573; x_wconf 72' lang='lat' dir='ltr'><strong>fidis</strong></span> <span class='ocrx_word' id='word_1_105' title='bbox 529 1516 562 1573; x_wconf 85' lang='lat' dir='ltr'><strong>de</strong></span> <span class='ocrx_word' id='word_1_106' title='bbox 578 1515 738 1584; x_wconf 83' lang='lat' dir='ltr'><strong>Castellcto,</strong></span> <span class='ocrx_word' id='word_1_107' title='bbox 758 1516 828 1572; x_wconf 84' lang='lat' dir='ltr'><strong>dcto</strong></span> <span class='ocrx_word' id='word_1_108' title='bbox 852 1531 915 1573; x_wconf 85' lang='lat' dir='ltr'><strong>nvo·</strong></span> 
     </span>
     <span class='ocr_line' id='line_1_20' title="bbox 152 1588 467 1646; baseline -0.01 -1"><span class='ocrx_word' id='word_1_109' title='bbox 152 1589 283 1646; x_wconf 73' lang='lat' dir='ltr'><strong>necteria</strong></span> <span class='ocrx_word' id='word_1_110' title='bbox 298 1588 467 1644; x_wconf 75' lang='lat' dir='ltr'><strong>conchensi.</strong></span> 
     </span>
    </p>
   </div>
   <div class='ocr_carea' id='block_1_11' title="bbox 112 1695 936 3022">
    <p class='ocr_par' dir='ltr' id='par_1_11' title="bbox 469 1695 560 1766">
     <span class='ocr_line' id='line_1_21' title="bbox 469 1695 560 1766; baseline 0 -15"><span class='ocrx_word' id='word_1_111' title='bbox 469 1695 560 1766; x_wconf 78' lang='lat' dir='ltr'><strong>(ibid.)</strong></span> 
     </span>
    </p>

    <p class='ocr_par' dir='ltr' id='par_1_12' title="bbox 112 1790 936 3022">
     <span class='ocr_line' id='line_1_22' title="bbox 152 1790 916 1848; baseline -0.004 0"><span class='ocrx_word' id='word_1_112' title='bbox 152 1794 181 1848; x_wconf 92' lang='lat' dir='ltr'><strong>ln</strong></span> <span class='ocrx_word' id='word_1_113' title='bbox 198 1791 308 1848; x_wconf 91' lang='lat' dir='ltr'><strong>nornine</strong></span> <span class='ocrx_word' id='word_1_114' title='bbox 323 1798 426 1847; x_wconf 79' lang='lat' dir='ltr'><strong>sancte</strong></span> <span class='ocrx_word' id='word_1_115' title='bbox 441 1799 467 1846; x_wconf 91' lang='lat' dir='ltr'><strong>et</strong></span> <span class='ocrx_word' id='word_1_116' title='bbox 482 1790 630 1847; x_wconf 70' lang='lat' dir='ltr'><strong>individua</strong></span> <span class='ocrx_word' id='word_1_117' title='bbox 639 1790 789 1846; x_wconf 86' lang='lat' dir='ltr'><strong>Trinitatis.</strong></span> <span class='ocrx_word' id='word_1_118' title='bbox 814 1790 916 1846; x_wconf 88' lang='lat' dir='ltr'><strong>Notum</strong></span> 
     </span>
     <span class='ocr_line' id='line_1_23' title="bbox 114 1879 916 1952; baseline -0.001 -16"><span class='ocrx_word' id='word_1_119' title='bbox 114 1881 151 1936; x_wconf 90' lang='lat' dir='ltr'><strong>sit</strong></span> <span class='ocrx_word' id='word_1_120' title='bbox 165 1881 293 1937; x_wconf 88' lang='lat' dir='ltr'><strong>omuibus</strong></span> <span class='ocrx_word' id='word_1_121' title='bbox 308 1887 411 1937; x_wconf 74' lang='lat' dir='ltr'><strong>sanctae</strong></span> <span class='ocrx_word' id='word_1_122' title='bbox 427 1880 477 1935; x_wconf 89' lang='lat' dir='ltr'><strong>Dei</strong></span> <span class='ocrx_word' id='word_1_123' title='bbox 492 1880 625 1936; x_wconf 79' lang='lat' dir='ltr'><strong>Ecclesiae</strong></span> <span class='ocrx_word' id='word_1_124' title='bbox 649 1879 711 1935; x_wconf 85' lang='lat' dir='ltr'><strong>filiis</strong></span> <span class='ocrx_word' id='word_1_125' title='bbox 735 1879 916 1952; x_wconf 85' lang='lat' dir='ltr'><strong>praesentibus</strong></span> 
     </span>
     <span class='ocr_line' id='line_1_24' title="bbox 120 1967 915 2043; baseline -0.001 -18"><span class='ocrx_word' id='word_1_126' title='bbox 120 1976 148 2025; x_wconf 92' lang='lat' dir='ltr'><strong>et</strong></span> <span class='ocrx_word' id='word_1_127' title='bbox 163 1968 261 2026; x_wconf 87' lang='lat' dir='ltr'><strong>lutaris</strong></span> <span class='ocrx_word' id='word_1_128' title='bbox 276 1969 350 2043; x_wconf 90' lang='lat' dir='ltr'><strong>qued</strong></span> <span class='ocrx_word' id='word_1_129' title='bbox 365 1985 418 2043; x_wconf 88' lang='lat' dir='ltr'><strong>ego</strong></span> <span class='ocrx_word' id='word_1_130' title='bbox 434 1969 514 2025; x_wconf 84' lang='lat' dir='ltr'><strong>linco</strong></span> <span class='ocrx_word' id='word_1_131' title='bbox 530 1969 579 2025; x_wconf 88' lang='lat' dir='ltr'><strong>Dei</strong></span> <span class='ocrx_word' id='word_1_132' title='bbox 606 1968 693 2043; x_wconf 86' lang='lat' dir='ltr'><strong>gratia</strong></span> <span class='ocrx_word' id='word_1_133' title='bbox 721 1967 915 2040; x_wconf 83' lang='lat' dir='ltr'><strong>Lugdunensis</strong></span> 
     </span>
     <span class='ocr_line' id='line_1_25' title="bbox 113 2057 915 2132; baseline -0.004 -18"><span class='ocrx_word' id='word_1_134' title='bbox 113 2058 341 2132; x_wconf 70' lang='lat' dir='ltr'><strong>archiepiscopus</strong></span> <span class='ocrx_word' id='word_1_135' title='bbox 355 2058 428 2114; x_wconf 91' lang='lat' dir='ltr'><strong>dono</strong></span> <span class='ocrx_word' id='word_1_136' title='bbox 444 2059 502 2113; x_wconf 83' lang='lat' dir='ltr'><strong>Deo</strong></span> <span class='ocrx_word' id='word_1_137' title='bbox 516 2067 542 2114; x_wconf 89' lang='lat' dir='ltr'><strong>et</strong></span> <span class='ocrx_word' id='word_1_138' title='bbox 558 2067 660 2115; x_wconf 78' lang='lat' dir='ltr'><strong>sauctae</strong></span> <span class='ocrx_word' id='word_1_139' title='bbox 673 2058 733 2113; x_wconf 86' lang='lat' dir='ltr'><strong>Fidi</strong></span> <span class='ocrx_word' id='word_1_140' title='bbox 747 2058 782 2114; x_wconf 93' lang='lat' dir='ltr'><strong>de</strong></span> <span class='ocrx_word' id='word_1_141' title='bbox 797 2057 915 2114; x_wconf 89' lang='lat' dir='ltr'><strong>Conchis</strong></span> 
     </span>
     <span class='ocr_line' id='line_1_26' title="bbox 114 2147 915 2221; baseline -0.005 -16"><span class='ocrx_word' id='word_1_142' title='bbox 114 2155 143 2205; x_wconf 92' lang='lat' dir='ltr'><strong>et</strong></span> <span class='ocrx_word' id='word_1_143' title='bbox 157 2147 267 2221; x_wconf 86' lang='lat' dir='ltr'><strong>Begoni</strong></span> <span class='ocrx_word' id='word_1_144' title='bbox 282 2148 374 2204; x_wconf 88' lang='lat' dir='ltr'><strong>abbati</strong></span> <span class='ocrx_word' id='word_1_145' title='bbox 389 2155 415 2204; x_wconf 90' lang='lat' dir='ltr'><strong>et</strong></span> <span class='ocrx_word' id='word_1_146' title='bbox 430 2148 636 2205; x_wconf 89' lang='lat' dir='ltr'><strong>successoribus</strong></span> <span class='ocrx_word' id='word_1_147' title='bbox 650 2149 709 2218; x_wconf 90' lang='lat' dir='ltr'><strong>ejus</strong></span> <span class='ocrx_word' id='word_1_148' title='bbox 733 2155 760 2203; x_wconf 89' lang='lat' dir='ltr'><strong>at</strong></span> <span class='ocrx_word' id='word_1_149' title='bbox 782 2147 915 2204; x_wconf 71' lang='lat' dir='ltr'><strong>fratribus</strong></span> 
     </span>
     <span class='ocr_line' id='line_1_27' title="bbox 113 2236 915 2308; baseline -0.004 -14"><span class='ocrx_word' id='word_1_150' title='bbox 113 2238 278 2294; x_wconf 86' lang='lat' dir='ltr'><strong>monasterii</strong></span> <span class='ocrx_word' id='word_1_151' title='bbox 291 2238 378 2308; x_wconf 91' lang='lat' dir='ltr'><strong>ipsius</strong></span> <span class='ocrx_word' id='word_1_152' title='bbox 392 2237 535 2294; x_wconf 88' lang='lat' dir='ltr'><strong>ecclesiam</strong></span> <span class='ocrx_word' id='word_1_153' title='bbox 550 2237 660 2294; x_wconf 83' lang='lat' dir='ltr'><strong>Sanctae</strong></span> <span class='ocrx_word' id='word_1_154' title='bbox 674 2237 747 2293; x_wconf 82' lang='lat' dir='ltr'><strong>Fidis</strong></span> <span class='ocrx_word' id='word_1_155' title='bbox 762 2238 797 2293; x_wconf 90' lang='lat' dir='ltr'><strong>de</strong></span> <span class='ocrx_word' id='word_1_156' title='bbox 811 2236 915 2292; x_wconf 86' lang='lat' dir='ltr'><strong>Castel-</strong></span> 
     </span>
     <span class='ocr_line' id='line_1_28' title="bbox 113 2324 915 2397; baseline -0.002 -14"><span class='ocrx_word' id='word_1_157' title='bbox 113 2324 171 2383; x_wconf 91' lang='lat' dir='ltr'><strong>leto</strong></span> <span class='ocrx_word' id='word_1_158' title='bbox 185 2335 213 2382; x_wconf 92' lang='lat' dir='ltr'><strong>et</strong></span> <span class='ocrx_word' id='word_1_159' title='bbox 236 2326 382 2383; x_wconf 84' lang='lat' dir='ltr'><strong>ecclesiam</strong></span> <span class='ocrx_word' id='word_1_160' title='bbox 407 2327 497 2382; x_wconf 84' lang='lat' dir='ltr'><strong>Sancti</strong></span> <span class='ocrx_word' id='word_1_161' title='bbox 521 2327 641 2382; x_wconf 87' lang='lat' dir='ltr'><strong>Victoris</strong></span> <span class='ocrx_word' id='word_1_162' title='bbox 661 2343 724 2383; x_wconf 90' lang='lat' dir='ltr'><strong>eum</strong></span> <span class='ocrx_word' id='word_1_163' title='bbox 751 2326 915 2397; x_wconf 89' lang='lat' dir='ltr'><strong>appenditiis</strong></span> 
     </span>
     <span class='ocr_line' id='line_1_29' title="bbox 113 2415 913 2489; baseline -0.001 -19"><span class='ocrx_word' id='word_1_164' title='bbox 113 2415 185 2482; x_wconf 89' lang='lat' dir='ltr'><strong>suis,</strong></span> <span class='ocrx_word' id='word_1_165' title='bbox 200 2431 282 2489; x_wconf 88' lang='lat' dir='ltr'><strong>quarn</strong></span> <span class='ocrx_word' id='word_1_166' title='bbox 296 2415 435 2487; x_wconf 87' lang='lat' dir='ltr'><strong>praelatam</strong></span> <span class='ocrx_word' id='word_1_167' title='bbox 451 2415 594 2471; x_wconf 91' lang='lat' dir='ltr'><strong>ecclesiam</strong></span> <span class='ocrx_word' id='word_1_168' title='bbox 609 2416 705 2471; x_wconf 91' lang='lat' dir='ltr'><strong>dividit</strong></span> <span class='ocrx_word' id='word_1_169' title='bbox 715 2415 795 2488; x_wconf 87' lang='lat' dir='ltr'><strong>Liger</strong></span> <span class='ocrx_word' id='word_1_170' title='bbox 806 2415 913 2481; x_wconf 84' lang='lat' dir='ltr'><strong>fluvius,</strong></span> 
     </span>
     <span class='ocr_line' id='line_1_30' title="bbox 112 2504 914 2575; baseline 0 -16"><span class='ocrx_word' id='word_1_171' title='bbox 112 2505 166 2560; x_wconf 90' lang='lat' dir='ltr'><strong>sub</strong></span> <span class='ocrx_word' id='word_1_172' title='bbox 179 2504 291 2560; x_wconf 88' lang='lat' dir='ltr'><strong>annuali</strong></span> <span class='ocrx_word' id='word_1_173' title='bbox 306 2520 391 2560; x_wconf 89' lang='lat' dir='ltr'><strong>censu</strong></span> <span class='ocrx_word' id='word_1_174' title='bbox 404 2512 467 2560; x_wconf 90' lang='lat' dir='ltr'><strong>octo</strong></span> <span class='ocrx_word' id='word_1_175' title='bbox 483 2505 644 2570; x_wconf 87' lang='lat' dir='ltr'><strong>solidorum,</strong></span> <span class='ocrx_word' id='word_1_176' title='bbox 668 2520 784 2575; x_wconf 87' lang='lat' dir='ltr'><strong>quorum</strong></span> <span class='ocrx_word' id='word_1_177' title='bbox 807 2504 914 2559; x_wconf 90' lang='lat' dir='ltr'><strong>medie·</strong></span> 
     </span>
     <span class='ocr_line' id='line_1_31' title="bbox 115 2593 936 2661; baseline -0.001 -12"><span class='ocrx_word' id='word_1_178' title='bbox 115 2601 159 2649; x_wconf 82' lang='lat' dir='ltr'><strong>tes</strong></span> <span class='ocrx_word' id='word_1_179' title='bbox 173 2593 300 2650; x_wconf 90' lang='lat' dir='ltr'><strong>solvetur</strong></span> <span class='ocrx_word' id='word_1_180' title='bbox 314 2593 341 2647; x_wconf 93' lang='lat' dir='ltr'><strong>in</strong></span> <span class='ocrx_word' id='word_1_181' title='bbox 356 2593 502 2650; x_wconf 77' lang='lat' dir='ltr'><strong>festivitate</strong></span> <span class='ocrx_word' id='word_1_182' title='bbox 521 2594 609 2649; x_wconf 88' lang='lat' dir='ltr'><strong>sancti</strong></span> <span class='ocrx_word' id='word_1_183' title='bbox 637 2593 753 2661; x_wconf 88' lang='lat' dir='ltr'><strong>llartini,</strong></span> <span class='ocrx_word' id='word_1_184' title='bbox 783 2593 914 2648; x_wconf 86' lang='lat' dir='ltr'><strong>medietas</strong></span> <span class='ocrx_word' id='word_1_185' title='bbox 933 2610 936 2617; x_wconf 89' lang='lat'>·</span> 
     </span>
     <span class='ocr_line' id='line_1_32' title="bbox 112 2681 914 2752; baseline -0.001 -14"><span class='ocrx_word' id='word_1_186' title='bbox 112 2696 182 2739; x_wconf 86' lang='lat' dir='ltr'><strong>vero</strong></span> <span class='ocrx_word' id='word_1_187' title='bbox 197 2683 225 2737; x_wconf 90' lang='lat' dir='ltr'><strong>in</strong></span> <span class='ocrx_word' id='word_1_188' title='bbox 242 2681 430 2740; x_wconf 84' lang='lat' dir='ltr'><strong>Purificatioae</strong></span> <span class='ocrx_word' id='word_1_189' title='bbox 446 2690 547 2738; x_wconf 83' lang='lat' dir='ltr'><strong>sanctae</strong></span> <span class='ocrx_word' id='word_1_190' title='bbox 560 2682 671 2749; x_wconf 61' lang='lat' dir='ltr'><strong>blesim</strong></span> <span class='ocrx_word' id='word_1_191' title='bbox 689 2682 800 2738; x_wconf 89' lang='lat' dir='ltr'><strong>retentis</strong></span> <span class='ocrx_word' id='word_1_192' title='bbox 808 2681 914 2752; x_wconf 80' lang='lat' dir='ltr'><strong>synodo</strong></span> 
     </span>
     <span class='ocr_line' id='line_1_33' title="bbox 113 2770 912 2843; baseline -0.008 -14"><span class='ocrx_word' id='word_1_193' title='bbox 113 2781 142 2829; x_wconf 91' lang='lat' dir='ltr'><strong>et</strong></span> <span class='ocrx_word' id='word_1_194' title='bbox 155 2773 263 2843; x_wconf 85' lang='lat' dir='ltr'><strong>paratis</strong></span> <span class='ocrx_word' id='word_1_195' title='bbox 287 2776 440 2829; x_wconf 90' lang='lat' dir='ltr'><strong>secundum</strong></span> <span class='ocrx_word' id='word_1_196' title='bbox 459 2788 563 2828; x_wconf 88' lang='lat' dir='ltr'><strong>morem</strong></span> <span class='ocrx_word' id='word_1_197' title='bbox 582 2771 699 2827; x_wconf 89' lang='lat' dir='ltr'><strong>aliarum</strong></span> <span class='ocrx_word' id='word_1_198' title='bbox 722 2770 912 2840; x_wconf 87' lang='lat' dir='ltr'><strong>ecelesiarum,</strong></span> 
     </span>
     <span class='ocr_line' id='line_1_34' title="bbox 113 2858 913 2918; baseline -0.006 -1"><span class='ocrx_word' id='word_1_199' title='bbox 113 2860 315 2918; x_wconf 75' lang='lat' dir='ltr'><strong>sentententia</strong></span> <span class='ocrx_word' id='word_1_200' title='bbox 329 2861 547 2917; x_wconf 83' lang='lat' dir='ltr'><strong>exhihendatam</strong></span> <span class='ocrx_word' id='word_1_201' title='bbox 562 2861 641 2916; x_wconf 91' lang='lat' dir='ltr'><strong>nobis</strong></span> <span class='ocrx_word' id='word_1_202' title='bbox 656 2868 683 2915; x_wconf 91' lang='lat' dir='ltr'><strong>et</strong></span> <span class='ocrx_word' id='word_1_203' title='bbox 706 2858 913 2915; x_wconf 88' lang='lat' dir='ltr'><strong>successoribus</strong></span> 
     </span>
     <span class='ocr_line' id='line_1_35' title="bbox 115 2948 914 3022; baseline -0.005 -15"><span class='ocrx_word' id='word_1_204' title='bbox 115 2950 219 3007; x_wconf 90' lang='lat' dir='ltr'><strong>uostris</strong></span> <span class='ocrx_word' id='word_1_205' title='bbox 233 2965 315 3022; x_wconf 88' lang='lat' dir='ltr'><strong>quam</strong></span> <span class='ocrx_word' id='word_1_206' title='bbox 330 2959 357 3006; x_wconf 87' lang='lat' dir='ltr'><strong>et</strong></span> <span class='ocrx_word' id='word_1_207' title='bbox 371 2950 622 3022; x_wconf 74' lang='lat' dir='ltr'><strong>archipresbyteris</strong></span> <span class='ocrx_word' id='word_1_208' title='bbox 637 2949 748 3005; x_wconf 87' lang='lat' dir='ltr'><strong>nostris.</strong></span> <span class='ocrx_word' id='word_1_209' title='bbox 764 2948 847 3005; x_wconf 89' lang='lat' dir='ltr'><strong>Facta</strong></span> <span class='ocrx_word' id='word_1_210' title='bbox 872 2954 914 3003; x_wconf 84' lang='lat' dir='ltr'><strong>est</strong></span> 
     </span>
    </p>
   </div>
   <div class='ocr_carea' id='block_1_12' title="bbox 113 3036 1763 3234">
    <p class='ocr_par' dir='ltr' id='par_1_13' title="bbox 113 3036 1763 3234">
     <span class='ocr_line' id='line_1_36' title="bbox 113 3036 1510 3141; baseline -0.002 -44"><span class='ocrx_word' id='word_1_211' title='bbox 113 3040 229 3097; x_wconf 87' lang='lat' dir='ltr'><strong>donatio</strong></span> <span class='ocrx_word' id='word_1_212' title='bbox 243 3040 302 3096; x_wconf 78' lang='lat' dir='ltr'><strong>baec</strong></span> <span class='ocrx_word' id='word_1_213' title='bbox 321 3040 450 3112; x_wconf 77' lang='lat' dir='ltr'><strong>Lugduni</strong></span> <span class='ocrx_word' id='word_1_214' title='bbox 476 3039 502 3094; x_wconf 93' lang='lat' dir='ltr'><strong>in</strong></span> <span class='ocrx_word' id='word_1_215' title='bbox 531 3039 613 3095; x_wconf 92' lang='lat' dir='ltr'><strong>domo</strong></span> <span class='ocrx_word' id='word_1_216' title='bbox 641 3047 743 3137; x_wconf 34' lang='lat' dir='ltr'><strong>nostra·</strong></span> <span class='ocrx_word' id='word_1_217' title='bbox 763 3036 913 3137; x_wconf 81' lang='lat' dir='ltr'><strong>episcopali</strong></span> <span class='ocrx_word' id='word_1_218' title='bbox 927 3070 952 3135; x_wconf 75' lang='lat' dir='ltr'>G</span> <span class='ocrx_word' id='word_1_219' title='bbox 966 3068 1057 3124; x_wconf 57' lang='lat' dir='ltr'><strong>clesiae</strong></span> <span class='ocrx_word' id='word_1_220' title='bbox 1071 3068 1123 3123; x_wconf 59' lang='lat' dir='ltr'>nisi</span> <span class='ocrx_word' id='word_1_221' title='bbox 1134 3070 1179 3141; x_wconf 65' lang='lat' dir='ltr'><strong>qui</strong></span> <span class='ocrx_word' id='word_1_222' title='bbox 1191 3071 1247 3140; x_wconf 53' lang='lat' dir='ltr'><strong>jam</strong></span> <span class='ocrx_word' id='word_1_223' title='bbox 1262 3071 1391 3127; x_wconf 56' lang='lat' dir='ltr'>sacerdos</span> <span class='ocrx_word' id='word_1_224' title='bbox 1406 3070 1510 3138; x_wconf 40' lang='lat' dir='ltr'><strong>fuisset,</strong></span> 
     </span>
     <span class='ocr_line' id='line_1_37' title="bbox 114 3128 1763 3234; baseline 0.006 -26"><span class='ocrx_word' id='word_1_225' title='bbox 114 3129 231 3187; x_wconf 61' lang='lat' dir='ltr'><strong>⁰⁰⁰⁸i¹i⁰</strong></span> <span class='ocrx_word' id='word_1_226' title='bbox 250 3129 448 3186; x_wconf 55' lang='lat' dir='ltr'><strong>⁰⁸⁰⁰¹¹i⁰⁰¹³¹¹¹¹¹</strong></span> <span class='ocrx_word' id='word_1_227' title='bbox 476 3137 641 3195; x_wconf 63' lang='lat' dir='ltr'><strong>¹¹⁰⁸“0fflms</strong></span> <span class='ocrx_word' id='word_1_228' title='bbox 669 3128 775 3183; x_wconf 71' lang='lat' dir='ltr'><strong>⁸¹³d¹¹¹¹</strong></span> <span class='ocrx_word' id='word_1_229' title='bbox 803 3128 910 3193; x_wconf 73' lang='lat' dir='ltr'>d⁰⁰³⁰¹¹</span> <span class='ocrx_word' id='word_1_230' title='bbox 966 3159 1095 3213; x_wconf 85' lang='lat' dir='ltr'><strong>sacerdos</strong></span> <span class='ocrx_word' id='word_1_231' title='bbox 1109 3167 1192 3225; x_wconf 89' lang='lat' dir='ltr'><strong>esset,</strong></span> <span class='ocrx_word' id='word_1_232' title='bbox 1209 3159 1311 3215; x_wconf 86' lang='lat' dir='ltr'><strong>habere</strong></span> <span class='ocrx_word' id='word_1_233' title='bbox 1325 3176 1380 3216; x_wconf 92' lang='lat' dir='ltr'><strong>non</strong></span> <span class='ocrx_word' id='word_1_234' title='bbox 1395 3167 1498 3232; x_wconf 86' lang='lat' dir='ltr'><strong>posset.</strong></span> <span class='ocrx_word' id='word_1_235' title='bbox 1514 3161 1563 3217; x_wconf 85' lang='lat' dir='ltr'><strong>llic</strong></span> <span class='ocrx_word' id='word_1_236' title='bbox 1578 3161 1662 3234; x_wconf 89' lang='lat' dir='ltr'><strong>igitur</strong></span> <span class='ocrx_word' id='word_1_237' title='bbox 1672 3162 1763 3218; x_wconf 88' lang='lat' dir='ltr'><strong>Turo-</strong></span> 
     </span>
    </p>
   </div>
   <div class='ocr_carea' id='block_1_13' title="bbox 109 3216 913 3826">
    <p class='ocr_par' dir='ltr' id='par_1_14' title="bbox 109 3216 913 3826">
     <span class='ocr_line' id='line_1_38' title="bbox 111 3216 913 3289; baseline -0.006 -14"><span class='ocrx_word' id='word_1_238' title='bbox 111 3218 206 3275; x_wconf 73' lang='lat' dir='ltr'><strong>Arbeti</strong></span> <span class='ocrx_word' id='word_1_239' title='bbox 229 3218 424 3284; x_wconf 89' lang='lat' dir='ltr'><strong>archidiaconi,</strong></span> <span class='ocrx_word' id='word_1_240' title='bbox 446 3216 540 3272; x_wconf 91' lang='lat' dir='ltr'><strong>Verini</strong></span> <span class='ocrx_word' id='word_1_241' title='bbox 564 3216 688 3289; x_wconf 86' lang='lat' dir='ltr'><strong>capelani</strong></span> <span class='ocrx_word' id='word_1_242' title='bbox 711 3217 813 3274; x_wconf 90' lang='lat' dir='ltr'><strong>nostri.</strong></span> <span class='ocrx_word' id='word_1_243' title='bbox 832 3216 867 3271; x_wconf 83' lang='lat' dir='ltr'><strong>lit</strong></span> <span class='ocrx_word' id='word_1_244' title='bbox 883 3221 913 3271; x_wconf 87' lang='lat' dir='ltr'><strong>ut</strong></span> 
     </span>
     <span class='ocr_line' id='line_1_39' title="bbox 109 3306 911 3380; baseline -0.005 -16"><span class='ocrx_word' id='word_1_245' title='bbox 109 3308 172 3366; x_wconf 82' lang='lat' dir='ltr'><strong>baec</strong></span> <span class='ocrx_word' id='word_1_246' title='bbox 186 3307 298 3364; x_wconf 90' lang='lat' dir='ltr'><strong>donatio</strong></span> <span class='ocrx_word' id='word_1_247' title='bbox 312 3308 390 3363; x_wconf 89' lang='lat' dir='ltr'><strong>lirma</strong></span> <span class='ocrx_word' id='word_1_248' title='bbox 404 3315 573 3379; x_wconf 86' lang='lat' dir='ltr'><strong>permaneat,</strong></span> <span class='ocrx_word' id='word_1_249' title='bbox 589 3306 682 3380; x_wconf 88' lang='lat' dir='ltr'><strong>sigillo</strong></span> <span class='ocrx_word' id='word_1_250' title='bbox 703 3307 816 3380; x_wconf 85' lang='lat' dir='ltr'><strong>proprio</strong></span> <span class='ocrx_word' id='word_1_251' title='bbox 843 3307 911 3362; x_wconf 89' lang='lat' dir='ltr'><strong>sub-</strong></span> 
     </span>
     <span class='ocr_line' id='line_1_40' title="bbox 109 3395 912 3470; baseline -0.002 -18"><span class='ocrx_word' id='word_1_252' title='bbox 109 3403 153 3454; x_wconf 90' lang='lat' dir='ltr'><strong>ter</strong></span> <span class='ocrx_word' id='word_1_253' title='bbox 167 3396 350 3470; x_wconf 86' lang='lat' dir='ltr'><strong>signavimus,</strong></span> <span class='ocrx_word' id='word_1_254' title='bbox 365 3405 393 3452; x_wconf 84' lang='lat' dir='ltr'><strong>et</strong></span> <span class='ocrx_word' id='word_1_255' title='bbox 407 3397 522 3452; x_wconf 90' lang='lat' dir='ltr'><strong>testibus</strong></span> <span class='ocrx_word' id='word_1_256' title='bbox 543 3397 777 3453; x_wconf 88' lang='lat' dir='ltr'><strong>corroborandam</strong></span> <span class='ocrx_word' id='word_1_257' title='bbox 800 3395 912 3451; x_wconf 87' lang='lat' dir='ltr'><strong>tradidi·</strong></span> 
     </span>
     <span class='ocr_line' id='line_1_41' title="bbox 110 3484 911 3544; baseline -0.004 -2"><span class='ocrx_word' id='word_1_258' title='bbox 110 3502 187 3543; x_wconf 82' lang='lat' dir='ltr'><strong>mus.</strong></span> <span class='ocrx_word' id='word_1_259' title='bbox 206 3486 236 3542; x_wconf 92' lang='lat' dir='ltr'><strong>S.</strong></span> <span class='ocrx_word' id='word_1_260' title='bbox 252 3485 368 3544; x_wconf 87' lang='lat' dir='ltr'><strong>Bladini.</strong></span> <span class='ocrx_word' id='word_1_261' title='bbox 385 3485 413 3542; x_wconf 91' lang='lat' dir='ltr'><strong>S.</strong></span> <span class='ocrx_word' id='word_1_262' title='bbox 437 3486 559 3543; x_wconf 84' lang='lat' dir='ltr'><strong>Arberti.</strong></span> <span class='ocrx_word' id='word_1_263' title='bbox 588 3487 620 3542; x_wconf 93' lang='lat' dir='ltr'><strong>S.</strong></span> <span class='ocrx_word' id='word_1_264' title='bbox 651 3486 742 3541; x_wconf 85' lang='lat' dir='ltr'><strong>Varini</strong></span> <span class='ocrx_word' id='word_1_265' title='bbox 771 3485 857 3542; x_wconf 88' lang='lat' dir='ltr'><strong>Calvi.</strong></span> <span class='ocrx_word' id='word_1_266' title='bbox 881 3484 911 3540; x_wconf 90' lang='lat' dir='ltr'><strong>S.</strong></span> 
     </span>
     <span class='ocr_line' id='line_1_42' title="bbox 112 3573 913 3647; baseline -0.001 -17"><span class='ocrx_word' id='word_1_267' title='bbox 112 3573 208 3631; x_wconf 86' lang='lat' dir='ltr'><strong>Verini</strong></span> <span class='ocrx_word' id='word_1_268' title='bbox 223 3574 365 3646; x_wconf 76' lang='lat' dir='ltr'><strong>capellani</strong></span> <span class='ocrx_word' id='word_1_269' title='bbox 378 3575 478 3631; x_wconf 90' lang='lat' dir='ltr'><strong>nostri.</strong></span> <span class='ocrx_word' id='word_1_270' title='bbox 496 3575 527 3631; x_wconf 92' lang='lat' dir='ltr'><strong>S.</strong></span> <span class='ocrx_word' id='word_1_271' title='bbox 546 3575 676 3647; x_wconf 85' lang='lat' dir='ltr'><strong>llostagni</strong></span> <span class='ocrx_word' id='word_1_272' title='bbox 689 3574 790 3631; x_wconf 88' lang='lat' dir='ltr'><strong>Ferlot.</strong></span> <span class='ocrx_word' id='word_1_273' title='bbox 806 3574 834 3630; x_wconf 89' lang='lat' dir='ltr'><strong>S.</strong></span> <span class='ocrx_word' id='word_1_274' title='bbox 851 3573 913 3630; x_wconf 82' lang='lat' dir='ltr'><strong>Ful-</strong></span> 
     </span>
     <span class='ocr_line' id='line_1_43' title="bbox 112 3663 913 3738; baseline -0.004 -17"><span class='ocrx_word' id='word_1_275' title='bbox 112 3663 913 3738; x_wconf 85' lang='lat' dir='ltr'><strong>cherii.S.llcraldi.S.Poucii.Egollugoadvicemcan·</strong></span> 
     </span>
     <span class='ocr_line' id='line_1_44' title="bbox 112 3752 550 3826; baseline 0 -16"><span class='ocrx_word' id='word_1_276' title='bbox 112 3752 221 3810; x_wconf 85' lang='lat' dir='ltr'><strong>cellarii</strong></span> <span class='ocrx_word' id='word_1_277' title='bbox 229 3752 330 3825; x_wconf 90' lang='lat' dir='ltr'><strong>scripsi</strong></span> <span class='ocrx_word' id='word_1_278' title='bbox 344 3760 371 3810; x_wconf 90' lang='lat' dir='ltr'><strong>et</strong></span> <span class='ocrx_word' id='word_1_279' title='bbox 385 3753 550 3826; x_wconf 89' lang='lat' dir='ltr'><strong>subscripsi.</strong></span> 
     </span>
    </p>
   </div>
   <div class='ocr_carea' id='block_1_14' title="bbox 485 3914 535 3971">
    <p class='ocr_par' dir='ltr' id='par_1_15' title="bbox 485 3914 535 3971">
     <span class='ocr_line' id='line_1_45' title="bbox 485 3914 535 3971; baseline -0.04 0"><span class='ocrx_word' id='word_1_280' title='bbox 485 3914 535 3971; x_wconf 83' lang='lat' dir='ltr'><strong>vt.</strong></span> 
     </span>
    </p>
   </div>
   <div class='ocr_carea' id='block_1_15' title="bbox 969 701 1768 1409">
    <p class='ocr_par' dir='ltr' id='par_1_16' title="bbox 969 701 1768 1409">
     <span class='ocr_line' id='line_1_46' title="bbox 971 701 1765 782; baseline 0.016 -26"><span class='ocrx_word' id='word_1_281' title='bbox 971 701 1107 769; x_wconf 85' lang='lat' dir='ltr'><strong>comitem,</strong></span> <span class='ocrx_word' id='word_1_282' title='bbox 1122 702 1145 756; x_wconf 91' lang='lat' dir='ltr'><strong>si</strong></span> <span class='ocrx_word' id='word_1_283' title='bbox 1160 711 1299 773; x_wconf 88' lang='lat' dir='ltr'><strong>pateretur</strong></span> <span class='ocrx_word' id='word_1_284' title='bbox 1314 723 1365 763; x_wconf 91' lang='lat' dir='ltr'><strong>nos</strong></span> <span class='ocrx_word' id='word_1_285' title='bbox 1383 710 1491 780; x_wconf 87' lang='lat' dir='ltr'><strong>uspiam</strong></span> <span class='ocrx_word' id='word_1_286' title='bbox 1502 711 1548 766; x_wconf 87' lang='lat' dir='ltr'><strong>ubi</strong></span> <span class='ocrx_word' id='word_1_287' title='bbox 1562 720 1668 782; x_wconf 89' lang='lat' dir='ltr'><strong>posset,</strong></span> <span class='ocrx_word' id='word_1_288' title='bbox 1693 729 1765 769; x_wconf 91' lang='lat' dir='ltr'><strong>con·</strong></span> 
     </span>
     <span class='ocr_line' id='line_1_47' title="bbox 970 789 1761 866; baseline 0.018 -22"><span class='ocrx_word' id='word_1_289' title='bbox 970 789 1105 844; x_wconf 80' lang='lat' dir='ltr'><strong>vensicula</strong></span> <span class='ocrx_word' id='word_1_290' title='bbox 1120 798 1146 845; x_wconf 91' lang='lat' dir='ltr'><strong>et</strong></span> <span class='ocrx_word' id='word_1_291' title='bbox 1160 793 1238 862; x_wconf 90' lang='lat' dir='ltr'><strong>quasi</strong></span> <span class='ocrx_word' id='word_1_292' title='bbox 1254 795 1379 863; x_wconf 85' lang='lat' dir='ltr'><strong>coucilia,</strong></span> <span class='ocrx_word' id='word_1_293' title='bbox 1394 798 1434 853; x_wconf 93' lang='lat' dir='ltr'><strong>sic</strong></span> <span class='ocrx_word' id='word_1_294' title='bbox 1449 814 1482 854; x_wconf 89' lang='lat' dir='ltr'><strong>ea</strong></span> <span class='ocrx_word' id='word_1_295' title='bbox 1493 800 1761 866; x_wconf 87' lang='lat' dir='ltr'><strong>vocans,celebrare.</strong></span> 
     </span>
     <span class='ocr_line' id='line_1_48' title="bbox 970 878 1764 949; baseline 0.019 -18"><span class='ocrx_word' id='word_1_296' title='bbox 970 878 1122 949; x_wconf 84' lang='lat' dir='ltr'><strong>Episcopos</strong></span> <span class='ocrx_word' id='word_1_297' title='bbox 1138 881 1243 935; x_wconf 88' lang='lat' dir='ltr'><strong>verosi</strong></span> <span class='ocrx_word' id='word_1_298' title='bbox 1266 881 1427 942; x_wconf 89' lang='lat' dir='ltr'><strong>interessent</strong></span> <span class='ocrx_word' id='word_1_299' title='bbox 1448 887 1492 943; x_wconf 88' lang='lat' dir='ltr'><strong>vel</strong></span> <span class='ocrx_word' id='word_1_300' title='bbox 1513 889 1614 944; x_wconf 89' lang='lat' dir='ltr'><strong>nostris</strong></span> <span class='ocrx_word' id='word_1_301' title='bbox 1636 889 1764 946; x_wconf 85' lang='lat' dir='ltr'><strong>laverant</strong></span> 
     </span>
     <span class='ocr_line' id='line_1_49' title="bbox 970 967 1767 1048; baseline 0.019 -26"><span class='ocrx_word' id='word_1_302' title='bbox 970 967 1099 1033; x_wconf 87' lang='lat' dir='ltr'><strong>decretis,</strong></span> <span class='ocrx_word' id='word_1_303' title='bbox 1115 967 1142 1022; x_wconf 91' lang='lat' dir='ltr'><strong>in</strong></span> <span class='ocrx_word' id='word_1_304' title='bbox 1162 969 1260 1041; x_wconf 89' lang='lat' dir='ltr'><strong>quibus</strong></span> <span class='ocrx_word' id='word_1_305' title='bbox 1285 972 1438 1030; x_wconf 87' lang='lat' dir='ltr'><strong>nitebamur</strong></span> <span class='ocrx_word' id='word_1_306' title='bbox 1458 977 1633 1048; x_wconf 87' lang='lat' dir='ltr'><strong>splendorem</strong></span> <span class='ocrx_word' id='word_1_307' title='bbox 1656 994 1767 1037; x_wconf 77' lang='lat' dir='ltr'><strong>corones</strong></span> 
     </span>
     <span class='ocr_line' id='line_1_50' title="bbox 971 1056 1768 1140; baseline 0.019 -30"><span class='ocrx_word' id='word_1_308' title='bbox 971 1059 1028 1126; x_wconf 82' lang='lat' dir='ltr'><strong>ejus</strong></span> <span class='ocrx_word' id='word_1_309' title='bbox 1043 1056 1197 1125; x_wconf 76' lang='lat' dir='ltr'><strong>obfuscare,</strong></span> <span class='ocrx_word' id='word_1_310' title='bbox 1211 1067 1238 1114; x_wconf 92' lang='lat' dir='ltr'><strong>et</strong></span> <span class='ocrx_word' id='word_1_311' title='bbox 1248 1060 1400 1133; x_wconf 90' lang='lat' dir='ltr'><strong>principum</strong></span> <span class='ocrx_word' id='word_1_312' title='bbox 1415 1067 1492 1136; x_wconf 87' lang='lat' dir='ltr'><strong>regni</strong></span> <span class='ocrx_word' id='word_1_313' title='bbox 1505 1067 1626 1135; x_wconf 78' lang='lat' dir='ltr'><strong>ejuslix</strong></span> <span class='ocrx_word' id='word_1_314' title='bbox 1636 1068 1768 1140; x_wconf 84' lang='lat' dir='ltr'><strong>hacergo</strong></span> 
     </span>
     <span class='ocr_line' id='line_1_51' title="bbox 970 1154 1767 1222; baseline 0.015 -12"><span class='ocrx_word' id='word_1_315' title='bbox 970 1154 1137 1211; x_wconf 89' lang='lat' dir='ltr'><strong>adversitate</strong></span> <span class='ocrx_word' id='word_1_316' title='bbox 1152 1156 1254 1212; x_wconf 91' lang='lat' dir='ltr'><strong>inimici</strong></span> <span class='ocrx_word' id='word_1_317' title='bbox 1275 1159 1396 1215; x_wconf 91' lang='lat' dir='ltr'><strong>veritatis</strong></span> <span class='ocrx_word' id='word_1_318' title='bbox 1419 1162 1566 1219; x_wconf 90' lang='lat' dir='ltr'><strong>audaciam</strong></span> <span class='ocrx_word' id='word_1_319' title='bbox 1589 1165 1663 1221; x_wconf 90' lang='lat' dir='ltr'><strong>nacti</strong></span> <span class='ocrx_word' id='word_1_320' title='bbox 1684 1165 1767 1222; x_wconf 92' lang='lat' dir='ltr'><strong>nobis</strong></span> 
     </span>
     <span class='ocr_line' id='line_1_52' title="bbox 969 1242 1766 1324; baseline 0.019 -28"><span class='ocrx_word' id='word_1_321' title='bbox 969 1242 1129 1311; x_wconf 90' lang='lat' dir='ltr'><strong>insultandi,</strong></span> <span class='ocrx_word' id='word_1_322' title='bbox 1145 1260 1193 1300; x_wconf 91' lang='lat' dir='ltr'><strong>eos</strong></span> <span class='ocrx_word' id='word_1_323' title='bbox 1206 1261 1278 1316; x_wconf 90' lang='lat' dir='ltr'><strong>pene</strong></span> <span class='ocrx_word' id='word_1_324' title='bbox 1292 1255 1435 1305; x_wconf 89' lang='lat' dir='ltr'><strong>traxerunt</strong></span> <span class='ocrx_word' id='word_1_325' title='bbox 1459 1250 1486 1305; x_wconf 91' lang='lat' dir='ltr'><strong>iu</strong></span> <span class='ocrx_word' id='word_1_326' title='bbox 1516 1251 1665 1320; x_wconf 86' lang='lat' dir='ltr'><strong>sinistram,</strong></span> <span class='ocrx_word' id='word_1_327' title='bbox 1696 1270 1766 1324; x_wconf 90' lang='lat' dir='ltr'><strong>quos</strong></span> 
     </span>
     <span class='ocr_line' id='line_1_53' title="bbox 969 1332 1767 1409; baseline 0.011 -20"><span class='ocrx_word' id='word_1_328' title='bbox 969 1332 1179 1389; x_wconf 88' lang='lat' dir='ltr'><strong>considerabam</strong></span> <span class='ocrx_word' id='word_1_329' title='bbox 1193 1335 1226 1389; x_wconf 90' lang='lat' dir='ltr'><strong>ad</strong></span> <span class='ocrx_word' id='word_1_330' title='bbox 1239 1335 1389 1405; x_wconf 87' lang='lat' dir='ltr'><strong>dexteram,</strong></span> <span class='ocrx_word' id='word_1_331' title='bbox 1398 1347 1425 1394; x_wconf 90' lang='lat' dir='ltr'><strong>et</strong></span> <span class='ocrx_word' id='word_1_332' title='bbox 1435 1338 1572 1409; x_wconf 90' lang='lat' dir='ltr'><strong>videbam,</strong></span> <span class='ocrx_word' id='word_1_333' title='bbox 1588 1349 1615 1397; x_wconf 82' lang='lat' dir='ltr'><strong>et</strong></span> <span class='ocrx_word' id='word_1_334' title='bbox 1628 1357 1684 1398; x_wconf 92' lang='lat' dir='ltr'><strong>non</strong></span> <span class='ocrx_word' id='word_1_335' title='bbox 1706 1350 1767 1400; x_wconf 88' lang='lat' dir='ltr'><strong>erat</strong></span> 
     </span>
    </p>
   </div>
   <div class='ocr_carea' id='block_1_16' title="bbox 969 1429 1769 1687">
    <p class='ocr_par' dir='ltr' id='par_1_17' title="bbox 969 1429 1769 1687">
     <span class='ocr_line' id='line_1_54' title="bbox 969 1429 1769 1507; baseline 0.016 -23"><span class='ocrx_word' id='word_1_336' title='bbox 969 1429 1014 1503; x_wconf 92' lang='lat' dir='ltr'><strong>qui</strong></span> <span class='ocrx_word' id='word_1_337' title='bbox 1029 1439 1211 1503; x_wconf 89' lang='lat' dir='ltr'><strong>cognosceret</strong></span> <span class='ocrx_word' id='word_1_338' title='bbox 1224 1448 1282 1489; x_wconf 91' lang='lat' dir='ltr'><strong>me.</strong></span> <span class='ocrx_word' id='word_1_339' title='bbox 1301 1434 1373 1490; x_wconf 86' lang='lat' dir='ltr'><strong>Ecce</strong></span> <span class='ocrx_word' id='word_1_340' title='bbox 1388 1435 1461 1491; x_wconf 91' lang='lat' dir='ltr'><strong>enirn</strong></span> <span class='ocrx_word' id='word_1_341' title='bbox 1484 1437 1570 1507; x_wconf 92' lang='lat' dir='ltr'><strong>pestis</strong></span> <span class='ocrx_word' id='word_1_342' title='bbox 1595 1447 1623 1494; x_wconf 93' lang='lat' dir='ltr'><strong>et</strong></span> <span class='ocrx_word' id='word_1_343' title='bbox 1645 1439 1769 1497; x_wconf 91' lang='lat' dir='ltr'><strong>dedecus</strong></span> 
     </span>
     <span class='ocr_line' id='line_1_55' title="bbox 969 1519 1766 1595; baseline 0.013 -21"><span class='ocrx_word' id='word_1_344' title='bbox 969 1519 1433 1595; x_wconf 81' lang='lat' dir='ltr'><strong>sanctacecclesiseerclriepiscopus</strong></span> <span class='ocrx_word' id='word_1_345' title='bbox 1447 1526 1624 1593; x_wconf 86' lang='lat' dir='ltr'><strong>Turonensis,</strong></span> <span class='ocrx_word' id='word_1_346' title='bbox 1648 1534 1676 1583; x_wconf 92' lang='lat' dir='ltr'><strong>et</strong></span> <span class='ocrx_word' id='word_1_347' title='bbox 1700 1544 1766 1584; x_wconf 90' lang='lat' dir='ltr'><strong>cum</strong></span> 
     </span>
     <span class='ocr_line' id='line_1_56' title="bbox 970 1608 1768 1687; baseline 0.013 -23"><span class='ocrx_word' id='word_1_348' title='bbox 970 1624 1002 1665; x_wconf 93' lang='lat' dir='ltr'><strong>eo</strong></span> <span class='ocrx_word' id='word_1_349' title='bbox 1017 1608 1163 1680; x_wconf 88' lang='lat' dir='ltr'><strong>episeopus</strong></span> <span class='ocrx_word' id='word_1_350' title='bbox 1177 1610 1358 1678; x_wconf 71' lang='lat' dir='ltr'><strong>badonensis,</strong></span> <span class='ocrx_word' id='word_1_351' title='bbox 1375 1614 1572 1684; x_wconf 87' lang='lat' dir='ltr'><strong>superbissime</strong></span> <span class='ocrx_word' id='word_1_352' title='bbox 1587 1616 1710 1687; x_wconf 89' lang='lat' dir='ltr'><strong>perversi</strong></span> <span class='ocrx_word' id='word_1_353' title='bbox 1726 1626 1768 1674; x_wconf 89' lang='lat' dir='ltr'><strong>to·</strong></span> 
     </span>
    </p>
   </div>
   <div class='ocr_carea' id='block_1_17' title="bbox 928 1701 1768 1773">
    <p class='ocr_par' dir='ltr' id='par_1_18' title="bbox 928 1701 1768 1773">
     <span class='ocr_line' id='line_1_57' title="bbox 928 1701 1768 1773; baseline 0.015 -24"><span class='ocrx_word' id='word_1_354' title='bbox 928 1703 1025 1773; x_wconf 77' lang='lat' dir='ltr'><strong>Btum</strong></span> <span class='ocrx_word' id='word_1_355' title='bbox 1041 1713 1111 1769; x_wconf 91' lang='lat' dir='ltr'><strong>pene</strong></span> <span class='ocrx_word' id='word_1_356' title='bbox 1125 1707 1325 1769; x_wconf 87' lang='lat' dir='ltr'><strong>occupaverunt</strong></span> <span class='ocrx_word' id='word_1_357' title='bbox 1333 1701 1490 1758; x_wconf 89' lang='lat' dir='ltr'><strong>concilium.</strong></span> <span class='ocrx_word' id='word_1_358' title='bbox 1508 1705 1680 1762; x_wconf 74' lang='lat' dir='ltr'><strong>bledanensis</strong></span> <span class='ocrx_word' id='word_1_359' title='bbox 1690 1722 1768 1763; x_wconf 89' lang='lat' dir='ltr'><strong>uam·</strong></span> 
     </span>
    </p>
   </div>
   <div class='ocr_carea' id='block_1_18' title="bbox 968 1797 1768 2054">
    <p class='ocr_par' dir='ltr' id='par_1_19' title="bbox 968 1797 1768 2054">
     <span class='ocr_line' id='line_1_58' title="bbox 970 1797 1768 1874; baseline 0.011 -24"><span class='ocrx_word' id='word_1_360' title='bbox 970 1811 1022 1867; x_wconf 92' lang='lat' dir='ltr'><strong>que</strong></span> <span class='ocrx_word' id='word_1_361' title='bbox 1036 1797 1230 1867; x_wconf 83' lang='lat' dir='ltr'><strong>comprobatus</strong></span> <span class='ocrx_word' id='word_1_362' title='bbox 1247 1805 1289 1853; x_wconf 90' lang='lat' dir='ltr'><strong>est</strong></span> <span class='ocrx_word' id='word_1_363' title='bbox 1303 1814 1378 1866; x_wconf 87' lang='lat' dir='ltr'><strong>reus,</strong></span> <span class='ocrx_word' id='word_1_364' title='bbox 1388 1801 1459 1872; x_wconf 89' lang='lat' dir='ltr'><strong>quia,</strong></span> <span class='ocrx_word' id='word_1_365' title='bbox 1471 1817 1526 1857; x_wconf 89' lang='lat' dir='ltr'><strong>noa</strong></span> <span class='ocrx_word' id='word_1_366' title='bbox 1535 1802 1610 1874; x_wconf 87' lang='lat' dir='ltr'><strong>prius</strong></span> <span class='ocrx_word' id='word_1_367' title='bbox 1625 1804 1768 1861; x_wconf 90' lang='lat' dir='ltr'><strong>ordinatus</strong></span> 
     </span>
     <span class='ocr_line' id='line_1_59' title="bbox 968 1885 1767 1964; baseline 0.011 -24"><span class='ocrx_word' id='word_1_368' title='bbox 968 1885 996 1940; x_wconf 91' lang='lat' dir='ltr'><strong>in</strong></span> <span class='ocrx_word' id='word_1_369' title='bbox 1011 1886 1151 1954; x_wconf 90' lang='lat' dir='ltr'><strong>clericum,</strong></span> <span class='ocrx_word' id='word_1_370' title='bbox 1167 1886 1310 1942; x_wconf 83' lang='lat' dir='ltr'><strong>ordinatus</strong></span> <span class='ocrx_word' id='word_1_371' title='bbox 1325 1888 1406 1943; x_wconf 84' lang='lat' dir='ltr'><strong>estin</strong></span> <span class='ocrx_word' id='word_1_372' title='bbox 1431 1891 1600 1962; x_wconf 89' lang='lat' dir='ltr'><strong>episcopum,</strong></span> <span class='ocrx_word' id='word_1_373' title='bbox 1631 1892 1767 1964; x_wconf 86' lang='lat' dir='ltr'><strong>promissa</strong></span> 
     </span>
     <span class='ocr_line' id='line_1_60' title="bbox 969 1974 1767 2054; baseline 0.015 -26"><span class='ocrx_word' id='word_1_374' title='bbox 969 1974 1043 2046; x_wconf 91' lang='lat' dir='ltr'><strong>prius</strong></span> <span class='ocrx_word' id='word_1_375' title='bbox 1056 1990 1090 2031; x_wconf 92' lang='lat' dir='ltr'><strong>ac</strong></span> <span class='ocrx_word' id='word_1_376' title='bbox 1104 1976 1277 2047; x_wconf 90' lang='lat' dir='ltr'><strong>postmodum</strong></span> <span class='ocrx_word' id='word_1_377' title='bbox 1292 1977 1354 2032; x_wconf 91' lang='lat' dir='ltr'><strong>data</strong></span> <span class='ocrx_word' id='word_1_378' title='bbox 1369 1978 1445 2048; x_wconf 86' lang='lat' dir='ltr'><strong>pallii</strong></span> <span class='ocrx_word' id='word_1_379' title='bbox 1468 1994 1558 2052; x_wconf 89' lang='lat' dir='ltr'><strong>cappa</strong></span> <span class='ocrx_word' id='word_1_380' title='bbox 1579 1981 1613 2036; x_wconf 91' lang='lat' dir='ltr'><strong>ab</strong></span> <span class='ocrx_word' id='word_1_381' title='bbox 1637 1982 1767 2054; x_wconf 87' lang='lat' dir='ltr'><strong>episcopo</strong></span> 
     </span>
    </p>
   </div>
   <div class='ocr_carea' id='block_1_19' title="bbox 968 2072 1766 2328">
    <p class='ocr_par' dir='ltr' id='par_1_20' title="bbox 968 2072 1766 2328">
     <span class='ocr_line' id='line_1_61' title="bbox 968 2072 1766 2144; baseline 0.011 -18"><span class='ocrx_word' id='word_1_382' title='bbox 968 2072 1170 2144; x_wconf 70' lang='lat' dir='ltr'><strong>andegavensi,</strong></span> <span class='ocrx_word' id='word_1_383' title='bbox 1188 2074 1348 2129; x_wconf 84' lang='lat' dir='ltr'><strong>Redoneusi</strong></span> <span class='ocrx_word' id='word_1_384' title='bbox 1363 2083 1454 2131; x_wconf 89' lang='lat' dir='ltr'><strong>tamen</strong></span> <span class='ocrx_word' id='word_1_385' title='bbox 1468 2076 1535 2132; x_wconf 93' lang='lat' dir='ltr'><strong>illud</strong></span> <span class='ocrx_word' id='word_1_386' title='bbox 1549 2078 1690 2135; x_wconf 90' lang='lat' dir='ltr'><strong>nesciente</strong></span> <span class='ocrx_word' id='word_1_387' title='bbox 1700 2079 1766 2144; x_wconf 88' lang='lat' dir='ltr'><strong>;sed</strong></span> 
     </span>
     <span class='ocr_line' id='line_1_62' title="bbox 968 2160 1766 2232; baseline 0.01 -16"><span class='ocrx_word' id='word_1_388' title='bbox 968 2160 1127 2217; x_wconf 87' lang='lat' dir='ltr'><strong>alludente</strong></span> <span class='ocrx_word' id='word_1_389' title='bbox 1157 2163 1363 2219; x_wconf 88' lang='lat' dir='ltr'><strong>ordinationem</strong></span> <span class='ocrx_word' id='word_1_390' title='bbox 1391 2163 1548 2232; x_wconf 85' lang='lat' dir='ltr'><strong>confitente,</strong></span> <span class='ocrx_word' id='word_1_391' title='bbox 1574 2167 1681 2224; x_wconf 91' lang='lat' dir='ltr'><strong>scilicet</strong></span> <span class='ocrx_word' id='word_1_392' title='bbox 1702 2183 1766 2224; x_wconf 90' lang='lat' dir='ltr'><strong>cum</strong></span> 
     </span>
     <span class='ocr_line' id='line_1_63' title="bbox 968 2253 1766 2328; baseline 0.009 -22"><span class='ocrx_word' id='word_1_393' title='bbox 968 2266 1054 2321; x_wconf 83' lang='lat' dir='ltr'><strong>eques</strong></span> <span class='ocrx_word' id='word_1_394' title='bbox 1068 2259 1142 2307; x_wconf 90' lang='lat' dir='ltr'><strong>esset</strong></span> <span class='ocrx_word' id='word_1_395' title='bbox 1156 2253 1275 2323; x_wconf 87' lang='lat' dir='ltr'><strong>equitem</strong></span> <span class='ocrx_word' id='word_1_396' title='bbox 1293 2253 1434 2309; x_wconf 88' lang='lat' dir='ltr'><strong>inimicum</strong></span> <span class='ocrx_word' id='word_1_397' title='bbox 1448 2255 1482 2309; x_wconf 92' lang='lat' dir='ltr'><strong>ab</strong></span> <span class='ocrx_word' id='word_1_398' title='bbox 1510 2270 1580 2328; x_wconf 88' lang='lat' dir='ltr'><strong>equo</strong></span> <span class='ocrx_word' id='word_1_399' title='bbox 1603 2256 1711 2325; x_wconf 86' lang='lat' dir='ltr'><strong>dejecit,</strong></span> <span class='ocrx_word' id='word_1_400' title='bbox 1739 2263 1766 2313; x_wconf 91' lang='lat' dir='ltr'><strong>et</strong></span> 
     </span>
    </p>
   </div>
   <div class='ocr_carea' id='block_1_20' title="bbox 967 2349 1766 2870">
    <p class='ocr_par' dir='ltr' id='par_1_21' title="bbox 967 2349 1766 2870">
     <span class='ocr_line' id='line_1_64' title="bbox 969 2349 1764 2424; baseline 0.011 -22"><span class='ocrx_word' id='word_1_401' title='bbox 969 2349 1048 2416; x_wconf 78' lang='lat' dir='ltr'><strong>hrrJ&#39;us</strong></span> <span class='ocrx_word' id='word_1_402' title='bbox 1064 2349 1235 2405; x_wconf 84' lang='lat' dir='ltr'><strong>[ledonensis</strong></span> <span class='ocrx_word' id='word_1_403' title='bbox 1250 2351 1343 2407; x_wconf 90' lang='lat' dir='ltr'><strong>socius</strong></span> <span class='ocrx_word' id='word_1_404' title='bbox 1359 2368 1444 2424; x_wconf 84' lang='lat' dir='ltr'><strong>eques</strong></span> <span class='ocrx_word' id='word_1_405' title='bbox 1459 2352 1596 2422; x_wconf 87' lang='lat' dir='ltr'><strong>dejectum</strong></span> <span class='ocrx_word' id='word_1_406' title='bbox 1608 2353 1683 2409; x_wconf 88' lang='lat' dir='ltr'><strong>illum</strong></span> <span class='ocrx_word' id='word_1_407' title='bbox 1698 2353 1764 2410; x_wconf 81' lang='lat' dir='ltr'><strong>vul·</strong></span> 
     </span>
     <span class='ocr_line' id='line_1_65' title="bbox 969 2439 1766 2511; baseline 0.009 -20"><span class='ocrx_word' id='word_1_408' title='bbox 969 2452 1035 2493; x_wconf 90' lang='lat' dir='ltr'><strong>nere</strong></span> <span class='ocrx_word' id='word_1_409' title='bbox 1049 2439 1181 2504; x_wconf 79' lang='lat' dir='ltr'><strong>confodit,</strong></span> <span class='ocrx_word' id='word_1_410' title='bbox 1200 2440 1246 2511; x_wconf 94' lang='lat' dir='ltr'><strong>qui</strong></span> <span class='ocrx_word' id='word_1_411' title='bbox 1261 2456 1356 2511; x_wconf 87' lang='lat' dir='ltr'><strong>proca</strong></span> <span class='ocrx_word' id='word_1_412' title='bbox 1370 2442 1523 2510; x_wconf 74' lang='lat' dir='ltr'><strong>deiectione</strong></span> <span class='ocrx_word' id='word_1_413' title='bbox 1545 2450 1573 2498; x_wconf 90' lang='lat' dir='ltr'><strong>et</strong></span> <span class='ocrx_word' id='word_1_414' title='bbox 1594 2442 1708 2499; x_wconf 91' lang='lat' dir='ltr'><strong>vulnere</strong></span> <span class='ocrx_word' id='word_1_415' title='bbox 1737 2443 1766 2498; x_wconf 88' lang='lat' dir='ltr'><strong>iu</strong></span> 
     </span>
     <span class='ocr_line' id='line_1_66' title="bbox 969 2528 1766 2604; baseline 0.011 -26"><span class='ocrx_word' id='word_1_416' title='bbox 969 2533 1084 2581; x_wconf 87' lang='lat' dir='ltr'><strong>mortem</strong></span> <span class='ocrx_word' id='word_1_417' title='bbox 1098 2528 1233 2583; x_wconf 86' lang='lat' dir='ltr'><strong>occubuit.</strong></span> <span class='ocrx_word' id='word_1_418' title='bbox 1262 2529 1321 2584; x_wconf 87' lang='lat' dir='ltr'><strong>Nos</strong></span> <span class='ocrx_word' id='word_1_419' title='bbox 1349 2529 1434 2602; x_wconf 90' lang='lat' dir='ltr'><strong>igitur</strong></span> <span class='ocrx_word' id='word_1_420' title='bbox 1461 2531 1608 2587; x_wconf 89' lang='lat' dir='ltr'><strong>multorum</strong></span> <span class='ocrx_word' id='word_1_421' title='bbox 1637 2531 1766 2604; x_wconf 88' lang='lat' dir='ltr'><strong>precibus</strong></span> 
     </span>
     <span class='ocr_line' id='line_1_67' title="bbox 968 2614 1762 2692; baseline 0.013 -25"><span class='ocrx_word' id='word_1_422' title='bbox 968 2614 1098 2681; x_wconf 89' lang='lat' dir='ltr'><strong>inclinati,</strong></span> <span class='ocrx_word' id='word_1_423' title='bbox 1115 2615 1236 2671; x_wconf 89' lang='lat' dir='ltr'><strong>nondum</strong></span> <span class='ocrx_word' id='word_1_424' title='bbox 1256 2617 1411 2688; x_wconf 89' lang='lat' dir='ltr'><strong>depositum</strong></span> <span class='ocrx_word' id='word_1_425' title='bbox 1439 2619 1489 2675; x_wconf 89' lang='lat' dir='ltr'><strong>sed</strong></span> <span class='ocrx_word' id='word_1_426' title='bbox 1507 2619 1615 2675; x_wconf 85' lang='lat' dir='ltr'><strong>interim</strong></span> <span class='ocrx_word' id='word_1_427' title='bbox 1643 2636 1762 2692; x_wconf 87' lang='lat' dir='ltr'><strong>suspen·</strong></span> 
     </span>
     <span class='ocr_line' id='line_1_68' title="bbox 968 2704 1764 2774; baseline 0.01 -18"><span class='ocrx_word' id='word_1_428' title='bbox 968 2718 1038 2768; x_wconf 88' lang='lat' dir='ltr'><strong>sum,</strong></span> <span class='ocrx_word' id='word_1_429' title='bbox 1055 2704 1119 2774; x_wconf 89' lang='lat' dir='ltr'><strong>quia</strong></span> <span class='ocrx_word' id='word_1_430' title='bbox 1133 2720 1192 2760; x_wconf 84' lang='lat' dir='ltr'><strong>suae</strong></span> <span class='ocrx_word' id='word_1_431' title='bbox 1206 2705 1279 2760; x_wconf 90' lang='lat' dir='ltr'><strong>utilis</strong></span> <span class='ocrx_word' id='word_1_432' title='bbox 1295 2713 1352 2761; x_wconf 90' lang='lat' dir='ltr'><strong>erat</strong></span> <span class='ocrx_word' id='word_1_433' title='bbox 1365 2706 1507 2772; x_wconf 77' lang='lat' dir='ltr'><strong>Ecclesiae,</strong></span> <span class='ocrx_word' id='word_1_434' title='bbox 1528 2717 1628 2765; x_wconf 84' lang='lat' dir='ltr'><strong>vestrae</strong></span> <span class='ocrx_word' id='word_1_435' title='bbox 1652 2709 1764 2765; x_wconf 88' lang='lat' dir='ltr'><strong>miseri-</strong></span> 
     </span>
     <span class='ocr_line' id='line_1_69' title="bbox 967 2792 1763 2870; baseline 0.008 -23"><span class='ocrx_word' id='word_1_436' title='bbox 967 2792 1069 2847; x_wconf 77' lang='lat' dir='ltr'><strong>cordiae</strong></span> <span class='ocrx_word' id='word_1_437' title='bbox 1088 2795 1312 2863; x_wconf 68' lang='lat' dir='ltr'><strong>presentandum</strong></span> <span class='ocrx_word' id='word_1_438' title='bbox 1338 2803 1364 2850; x_wconf 92' lang='lat' dir='ltr'><strong>et</strong></span> <span class='ocrx_word' id='word_1_439' title='bbox 1383 2796 1562 2864; x_wconf 72' lang='lat' dir='ltr'><strong>iudicandum</strong></span> <span class='ocrx_word' id='word_1_440' title='bbox 1591 2797 1763 2870; x_wconf 88' lang='lat' dir='ltr'><strong>reliquimus.</strong></span> 
     </span>
    </p>
   </div>
   <div class='ocr_carea' id='block_1_21' title="bbox 967 2891 1764 3142">
    <p class='ocr_par' dir='ltr' id='par_1_22' title="bbox 967 2891 1764 3142">
     <span class='ocr_line' id='line_1_70' title="bbox 967 2891 1764 2967; baseline 0.008 -23"><span class='ocrx_word' id='word_1_441' title='bbox 967 2891 1133 2946; x_wconf 89' lang='lat' dir='ltr'><strong>Turonensis</strong></span> <span class='ocrx_word' id='word_1_442' title='bbox 1149 2907 1214 2947; x_wconf 91' lang='lat' dir='ltr'><strong>vero</strong></span> <span class='ocrx_word' id='word_1_443' title='bbox 1230 2893 1423 2964; x_wconf 87' lang='lat' dir='ltr'><strong>comprobatus</strong></span> <span class='ocrx_word' id='word_1_444' title='bbox 1437 2900 1478 2949; x_wconf 90' lang='lat' dir='ltr'><strong>est</strong></span> <span class='ocrx_word' id='word_1_445' title='bbox 1488 2902 1551 2949; x_wconf 89' lang='lat' dir='ltr'><strong>ante</strong></span> <span class='ocrx_word' id='word_1_446' title='bbox 1575 2895 1764 2967; x_wconf 88' lang='lat' dir='ltr'><strong>episcopatum</strong></span> 
     </span>
     <span class='ocr_line' id='line_1_71' title="bbox 967 2979 1764 3057; baseline 0.006 -23"><span class='ocrx_word' id='word_1_447' title='bbox 967 2979 1108 3035; x_wconf 87' lang='lat' dir='ltr'><strong>decaniam</strong></span> <span class='ocrx_word' id='word_1_448' title='bbox 1123 2981 1234 3049; x_wconf 88' lang='lat' dir='ltr'><strong>emisse,</strong></span> <span class='ocrx_word' id='word_1_449' title='bbox 1251 2996 1335 3054; x_wconf 86' lang='lat' dir='ltr'><strong>quam</strong></span> <span class='ocrx_word' id='word_1_450' title='bbox 1351 2998 1383 3037; x_wconf 90' lang='lat' dir='ltr'><strong>ex</strong></span> <span class='ocrx_word' id='word_1_451' title='bbox 1399 2982 1600 3038; x_wconf 89' lang='lat' dir='ltr'><strong>consuetudine</strong></span> <span class='ocrx_word' id='word_1_452' title='bbox 1621 2983 1683 3057; x_wconf 86' lang='lat' dir='ltr'><strong>ejus</strong></span> <span class='ocrx_word' id='word_1_453' title='bbox 1706 2980 1764 3039; x_wconf 84' lang='lat' dir='ltr'><strong>Ec-</strong></span> 
     </span>
     <span class='ocr_line' id='line_1_72' title="bbox 1525 3072 1763 3142; baseline 0 -14"><span class='ocrx_word' id='word_1_454' title='bbox 1525 3072 1637 3142; x_wconf 84' lang='lat' dir='ltr'><strong>valjam</strong></span> <span class='ocrx_word' id='word_1_455' title='bbox 1655 3073 1763 3128; x_wconf 84' lang='lat' dir='ltr'><strong>iuturus</strong></span> 
     </span>
    </p>
   </div>
   <div class='ocr_carea' id='block_1_22' title="bbox 965 3255 1764 3876">
    <p class='ocr_par' dir='ltr' id='par_1_23' title="bbox 965 3255 1764 3876">
     <span class='ocr_line' id='line_1_73' title="bbox 965 3255 1764 3330; baseline 0.009 -22"><span class='ocrx_word' id='word_1_456' title='bbox 965 3255 1059 3310; x_wconf 90' lang='lat' dir='ltr'><strong>nensis</strong></span> <span class='ocrx_word' id='word_1_457' title='bbox 1074 3255 1246 3312; x_wconf 91' lang='lat' dir='ltr'><strong>nullomodo</strong></span> <span class='ocrx_word' id='word_1_458' title='bbox 1261 3256 1391 3313; x_wconf 89' lang='lat' dir='ltr'><strong>canonice</strong></span> <span class='ocrx_word' id='word_1_459' title='bbox 1405 3258 1509 3313; x_wconf 90' lang='lat' dir='ltr'><strong>electus</strong></span> <span class='ocrx_word' id='word_1_460' title='bbox 1524 3274 1578 3315; x_wconf 91' lang='lat' dir='ltr'><strong>nou</strong></span> <span class='ocrx_word' id='word_1_461' title='bbox 1594 3259 1680 3330; x_wconf 87' lang='lat' dir='ltr'><strong>potuit</strong></span> <span class='ocrx_word' id='word_1_462' title='bbox 1693 3258 1764 3315; x_wconf 91' lang='lat' dir='ltr'><strong>obti-</strong></span> 
     </span>
     <span class='ocr_line' id='line_1_74' title="bbox 966 3345 1763 3421; baseline 0.009 -23"><span class='ocrx_word' id='word_1_463' title='bbox 966 3359 1031 3400; x_wconf 89' lang='lat' dir='ltr'><strong>nere</strong></span> <span class='ocrx_word' id='word_1_464' title='bbox 1045 3360 1138 3416; x_wconf 84' lang='lat' dir='ltr'><strong>aroge</strong></span> <span class='ocrx_word' id='word_1_465' title='bbox 1152 3345 1253 3400; x_wconf 89' lang='lat' dir='ltr'><strong>donum</strong></span> <span class='ocrx_word' id='word_1_466' title='bbox 1268 3345 1453 3418; x_wconf 88' lang='lat' dir='ltr'><strong>episcopatus,</strong></span> <span class='ocrx_word' id='word_1_467' title='bbox 1477 3363 1565 3420; x_wconf 91' lang='lat' dir='ltr'><strong>usqae</strong></span> <span class='ocrx_word' id='word_1_468' title='bbox 1586 3349 1652 3403; x_wconf 93' lang='lat' dir='ltr'><strong>durn</strong></span> <span class='ocrx_word' id='word_1_469' title='bbox 1675 3362 1763 3421; x_wconf 88' lang='lat' dir='ltr'><strong>nepos</strong></span> 
     </span>
     <span class='ocr_line' id='line_1_75' title="bbox 965 3433 1764 3508; baseline 0.008 -20"><span class='ocrx_word' id='word_1_470' title='bbox 965 3433 1049 3506; x_wconf 88' lang='lat' dir='ltr'><strong>hujus</strong></span> <span class='ocrx_word' id='word_1_471' title='bbox 1068 3434 1154 3506; x_wconf 89' lang='lat' dir='ltr'><strong>ipsius</strong></span> <span class='ocrx_word' id='word_1_472' title='bbox 1169 3451 1219 3507; x_wconf 90' lang='lat' dir='ltr'><strong>per</strong></span> <span class='ocrx_word' id='word_1_473' title='bbox 1233 3451 1359 3492; x_wconf 90' lang='lat' dir='ltr'><strong>nummos</strong></span> <span class='ocrx_word' id='word_1_474' title='bbox 1373 3435 1515 3508; x_wconf 81' lang='lat' dir='ltr'><strong>praelatam</strong></span> <span class='ocrx_word' id='word_1_475' title='bbox 1529 3437 1673 3494; x_wconf 89' lang='lat' dir='ltr'><strong>decaniam</strong></span> <span class='ocrx_word' id='word_1_476' title='bbox 1684 3437 1764 3494; x_wconf 87' lang='lat' dir='ltr'><strong>luerit</strong></span> 
     </span>
     <span class='ocr_line' id='line_1_76' title="bbox 965 3524 1764 3600; baseline 0.008 -22"><span class='ocrx_word' id='word_1_477' title='bbox 965 3524 1093 3596; x_wconf 86' lang='lat' dir='ltr'><strong>adeptus.</strong></span> <span class='ocrx_word' id='word_1_478' title='bbox 1109 3526 1148 3581; x_wconf 90' lang='lat' dir='ltr'><strong>De</strong></span> <span class='ocrx_word' id='word_1_479' title='bbox 1164 3525 1280 3581; x_wconf 86' lang='lat' dir='ltr'><strong>simonie</strong></span> <span class='ocrx_word' id='word_1_480' title='bbox 1294 3525 1376 3582; x_wconf 89' lang='lat' dir='ltr'><strong>etiem</strong></span> <span class='ocrx_word' id='word_1_481' title='bbox 1391 3526 1470 3582; x_wconf 89' lang='lat' dir='ltr'><strong>aliter</strong></span> <span class='ocrx_word' id='word_1_482' title='bbox 1484 3535 1628 3583; x_wconf 89' lang='lat' dir='ltr'><strong>accusatus</strong></span> <span class='ocrx_word' id='word_1_483' title='bbox 1639 3525 1764 3600; x_wconf 64' lang='lat' dir='ltr'><strong>estquis</strong></span> 
     </span>
     <span class='ocr_line' id='line_1_77' title="bbox 966 3621 1763 3697; baseline 0.005 -20"><span class='ocrx_word' id='word_1_484' title='bbox 966 3621 1074 3677; x_wconf 89' lang='lat' dir='ltr'><strong>cuidam</strong></span> <span class='ocrx_word' id='word_1_485' title='bbox 1090 3621 1169 3677; x_wconf 89' lang='lat' dir='ltr'><strong>militi</strong></span> <span class='ocrx_word' id='word_1_486' title='bbox 1184 3623 1281 3679; x_wconf 90' lang='lat' dir='ltr'><strong>silvam</strong></span> <span class='ocrx_word' id='word_1_487' title='bbox 1296 3623 1464 3697; x_wconf 89' lang='lat' dir='ltr'><strong>promiserit,</strong></span> <span class='ocrx_word' id='word_1_488' title='bbox 1485 3624 1508 3680; x_wconf 93' lang='lat' dir='ltr'><strong>si</strong></span> <span class='ocrx_word' id='word_1_489' title='bbox 1533 3641 1581 3696; x_wconf 89' lang='lat' dir='ltr'><strong>pro</strong></span> <span class='ocrx_word' id='word_1_490' title='bbox 1604 3624 1763 3696; x_wconf 88' lang='lat' dir='ltr'><strong>episcopatu</strong></span> 
     </span>
     <span class='ocr_line' id='line_1_78' title="bbox 966 3712 1764 3787; baseline 0.004 -22"><span class='ocrx_word' id='word_1_491' title='bbox 966 3725 1031 3765; x_wconf 89' lang='lat' dir='ltr'><strong>eum</strong></span> <span class='ocrx_word' id='word_1_492' title='bbox 1043 3712 1171 3781; x_wconf 88' lang='lat' dir='ltr'><strong>juvisset.</strong></span> <span class='ocrx_word' id='word_1_493' title='bbox 1191 3712 1271 3782; x_wconf 84' lang='lat' dir='ltr'><strong>Quod</strong></span> <span class='ocrx_word' id='word_1_494' title='bbox 1286 3729 1346 3770; x_wconf 86' lang='lat' dir='ltr'><strong>cum</strong></span> <span class='ocrx_word' id='word_1_495' title='bbox 1358 3721 1452 3785; x_wconf 89' lang='lat' dir='ltr'><strong>postea</strong></span> <span class='ocrx_word' id='word_1_496' title='bbox 1462 3713 1540 3769; x_wconf 91' lang='lat' dir='ltr'><strong>miles</strong></span> <span class='ocrx_word' id='word_1_497' title='bbox 1548 3713 1600 3785; x_wconf 86' lang='lat' dir='ltr'><strong>ipsi</strong></span> <span class='ocrx_word' id='word_1_498' title='bbox 1610 3714 1764 3787; x_wconf 90' lang='lat' dir='ltr'><strong>improbas·</strong></span> 
     </span>
     <span class='ocr_line' id='line_1_79' title="bbox 965 3799 1764 3876; baseline 0.008 -24"><span class='ocrx_word' id='word_1_499' title='bbox 965 3806 1006 3855; x_wconf 93' lang='lat' dir='ltr'><strong>set</strong></span> <span class='ocrx_word' id='word_1_500' title='bbox 1020 3799 1055 3872; x_wconf 76' lang='lat' dir='ltr'><strong>[s.</strong></span> <span class='ocrx_word' id='word_1_501' title='bbox 1075 3799 1309 3875; x_wconf 89' lang='lat' dir='ltr'><strong>improperasset],</strong></span> <span class='ocrx_word' id='word_1_502' title='bbox 1322 3802 1536 3876; x_wconf 73' lang='lat' dir='ltr'><strong>studegavensis</strong></span> <span class='ocrx_word' id='word_1_503' title='bbox 1551 3803 1698 3875; x_wconf 90' lang='lat' dir='ltr'><strong>episcopus</strong></span> <span class='ocrx_word' id='word_1_504' title='bbox 1711 3801 1764 3858; x_wconf 91' lang='lat' dir='ltr'><strong>ad-</strong></span> 
     </span>
    </p>
   </div>
   <div class='ocr_carea' id='block_1_23' title="bbox 964 3897 1762 3970">
    <p class='ocr_par' dir='ltr' id='par_1_24' title="bbox 964 3897 1762 3970">
     <span class='ocr_line' id='line_1_80' title="bbox 964 3897 1762 3970; baseline 0.005 -17"><span class='ocrx_word' id='word_1_505' title='bbox 964 3898 1023 3967; x_wconf 89' lang='lat' dir='ltr'><strong>luit,</strong></span> <span class='ocrx_word' id='word_1_506' title='bbox 1039 3897 1085 3970; x_wconf 92' lang='lat' dir='ltr'><strong>qui</strong></span> <span class='ocrx_word' id='word_1_507' title='bbox 1100 3898 1180 3954; x_wconf 89' lang='lat' dir='ltr'><strong>nobis</strong></span> <span class='ocrx_word' id='word_1_508' title='bbox 1195 3916 1227 3955; x_wconf 91' lang='lat' dir='ltr'><strong>ex</strong></span> <span class='ocrx_word' id='word_1_509' title='bbox 1247 3900 1345 3958; x_wconf 89' lang='lat' dir='ltr'><strong>eodem</strong></span> <span class='ocrx_word' id='word_1_510' title='bbox 1373 3902 1448 3958; x_wconf 91' lang='lat' dir='ltr'><strong>clara</strong></span> <span class='ocrx_word' id='word_1_511' title='bbox 1477 3917 1547 3958; x_wconf 91' lang='lat' dir='ltr'><strong>voce</strong></span> <span class='ocrx_word' id='word_1_512' title='bbox 1575 3901 1762 3959; x_wconf 88' lang='lat' dir='ltr'><strong>testimoniam</strong></span> 
     </span>
    </p>
   </div>
   <div class='ocr_carea' id='block_1_24' title="bbox 107 3987 1764 4086">
    <p class='ocr_par' dir='ltr' id='par_1_25' title="bbox 107 3987 1764 4086">
     <span class='ocr_line' id='line_1_81' title="bbox 107 3987 1764 4086; baseline 0.001 -42"><span class='ocrx_word' id='word_1_513' title='bbox 107 4011 157 4069; x_wconf 65' lang='lat' dir='ltr'><strong>Ag</strong></span> <span class='ocrx_word' id='word_1_514' title='bbox 179 4012 405 4086; x_wconf 51' lang='lat' dir='ltr'><strong>&amp;mmmm</strong></span> <span class='ocrx_word' id='word_1_515' title='bbox 422 4013 587 4085; x_wconf 47' lang='lat' dir='ltr'><strong>pona-ficem</strong></span> <span class='ocrx_word' id='word_1_516' title='bbox 607 4013 782 4070; x_wconf 46' lang='lat' dir='ltr'><strong><em>Romanum·</em></strong></span> <span class='ocrx_word' id='word_1_517' title='bbox 810 4043 843 4054; x_wconf 81' lang='grc'><strong>,,</strong></span> <span class='ocrx_word' id='word_1_518' title='bbox 871 4014 910 4070; x_wconf 58' lang='grc' dir='ltr'>ω</span> <span class='ocrx_word' id='word_1_519' title='bbox 963 3987 1112 4059; x_wconf 88' lang='lat' dir='ltr'><strong>perhibuit.</strong></span> <span class='ocrx_word' id='word_1_520' title='bbox 1132 3989 1255 4061; x_wconf 89' lang='lat' dir='ltr'><strong>Longum</strong></span> <span class='ocrx_word' id='word_1_521' title='bbox 1272 3990 1424 4056; x_wconf 86' lang='lat' dir='ltr'><strong>est,Pater,</strong></span> <span class='ocrx_word' id='word_1_522' title='bbox 1441 3990 1714 4046; x_wconf 88' lang='lat' dir='ltr'><strong>enumerareturbas</strong></span> <span class='ocrx_word' id='word_1_523' title='bbox 1734 3995 1764 4046; x_wconf 86' lang='lat' dir='ltr'><strong>et</strong></span> 
     </span>
    </p>
   </div>
   <div class='ocr_carea' id='block_1_25' title="bbox 303 4084 710 4244">
    <p class='ocr_par' dir='ltr' id='par_1_26' title="bbox 303 4084 710 4244">
     <span class='ocr_line' id='line_1_82' title="bbox 303 4084 710 4157; baseline -0.002 -16"><span class='ocrx_word' id='word_1_524' title='bbox 303 4084 553 4157; x_wconf 77' lang='lat' dir='ltr'><strong>Anpnslodnnensi</strong></span> <span class='ocrx_word' id='word_1_525' title='bbox 576 4086 710 4142; x_wconf 86' lang='lat' dir='ltr'><strong>concilio.</strong></span> 
     </span>
     <span class='ocr_line' id='line_1_83' title="bbox 405 4175 611 4244; baseline -0.005 -15"><span class='ocrx_word' id='word_1_526' title='bbox 405 4175 497 4243; x_wconf 79' lang='lat' dir='ltr'><strong>(Anno</strong></span> <span class='ocrx_word' id='word_1_527' title='bbox 513 4175 611 4244; x_wconf 74' lang='lat' dir='ltr'><strong>tart.)</strong></span> 
     </span>
    </p>
   </div>
   <div class='ocr_carea' id='block_1_26' title="bbox 154 4271 856 4460">
    <p class='ocr_par' dir='ltr' id='par_1_27' title="bbox 154 4271 856 4460">
     <span class='ocr_line' id='line_1_84' title="bbox 314 4271 706 4346; baseline 0 -18"><span class='ocrx_word' id='word_1_528' title='bbox 314 4271 425 4345; x_wconf 60' lang='lat' dir='ltr'><strong>[Mansa</strong></span> <span class='ocrx_word' id='word_1_529' title='bbox 445 4275 570 4341; x_wconf 61' lang='lat' dir='ltr'><strong>concil„</strong></span> <span class='ocrx_word' id='word_1_530' title='bbox 587 4282 610 4329; x_wconf 87' lang='lat' dir='ltr'><strong>t.</strong></span> <span class='ocrx_word' id='word_1_531' title='bbox 629 4273 706 4346; x_wconf 68' lang='lat' dir='ltr'><strong>qu</strong></span> 
     </span>
     <span class='ocr_line' id='line_1_85' title="bbox 154 4384 856 4460; baseline -0.001 -19"><span class='ocrx_word' id='word_1_532' title='bbox 154 4384 219 4442; x_wconf 82' lang='lat' dir='ltr'><strong>Vide</strong></span> <span class='ocrx_word' id='word_1_533' title='bbox 235 4386 267 4442; x_wconf 84' lang='lat' dir='ltr'><strong>in</strong></span> <span class='ocrx_word' id='word_1_534' title='bbox 285 4385 415 4459; x_wconf 76' lang='lat' dir='ltr'><strong>Gregorio</strong></span> <span class='ocrx_word' id='word_1_535' title='bbox 439 4386 492 4453; x_wconf 85' lang='lat' dir='ltr'><strong>Vll,</strong></span> <span class='ocrx_word' id='word_1_536' title='bbox 519 4389 660 4460; x_wconf 81' lang='lat' dir='ltr'><strong>Pulrolop.</strong></span> <span class='ocrx_word' id='word_1_537' title='bbox 676 4394 695 4442; x_wconf 89' lang='lat' dir='ltr'><strong>t.</strong></span> <span class='ocrx_word' id='word_1_538' title='bbox 713 4386 856 4442; x_wconf 78' lang='lat' dir='ltr'><strong>CXLVIII.</strong></span> 
     </span>
    </p>
   </div>
   <div class='ocr_carea' id='block_1_27' title="bbox 183 4545 834 4690">
    <p class='ocr_par' dir='ltr' id='par_1_28' title="bbox 183 4545 834 4690">
     <span class='ocr_line' id='line_1_86' title="bbox 480 4545 538 4598; baseline -0.017 0"><span class='ocrx_word' id='word_1_539' title='bbox 480 4545 538 4598; x_wconf 87' lang='lat' dir='ltr'><strong>vlt.</strong></span> 
     </span>
     <span class='ocr_line' id='line_1_87' title="bbox 183 4630 834 4690; baseline 0.003 -3"><span class='ocrx_word' id='word_1_540' title='bbox 183 4630 225 4687; x_wconf 79' lang='lat' dir='ltr'><strong>Ad</strong></span> <span class='ocrx_word' id='word_1_541' title='bbox 241 4631 382 4689; x_wconf 82' lang='lat' dir='ltr'><strong>eamdent.</strong></span> <span class='ocrx_word' id='word_1_542' title='bbox 400 4662 435 4674; x_wconf 92' lang='lat'><em>-</em></span> <span class='ocrx_word' id='word_1_543' title='bbox 451 4633 489 4688; x_wconf 84' lang='lat' dir='ltr'><strong>lle</strong></span> <span class='ocrx_word' id='word_1_544' title='bbox 508 4633 627 4690; x_wconf 86' lang='lat' dir='ltr'><strong>concilio</strong></span> <span class='ocrx_word' id='word_1_545' title='bbox 649 4632 834 4690; x_wconf 84' lang='lat' dir='ltr'><strong>Piclauiensi.</strong></span> 
     </span>
    </p>
   </div>
   <div class='ocr_carea' id='block_1_28' title="bbox 314 4728 707 4900">
    <p class='ocr_par' dir='ltr' id='par_1_29' title="bbox 314 4728 707 4900">
     <span class='ocr_line' id='line_1_88' title="bbox 408 4728 608 4798; baseline -0.01 -15"><span class='ocrx_word' id='word_1_546' title='bbox 408 4731 499 4798; x_wconf 73' lang='lat' dir='ltr'><strong>(Anno</strong></span> <span class='ocrx_word' id='word_1_547' title='bbox 520 4728 608 4796; x_wconf 79' lang='lat' dir='ltr'><strong>tots.)</strong></span> 
     </span>
     <span class='ocr_line' id='line_1_89' title="bbox 314 4824 707 4900; baseline 0 -21"><span class='ocrx_word' id='word_1_548' title='bbox 314 4825 423 4900; x_wconf 66' lang='lat' dir='ltr'><strong>[biensa</strong></span> <span class='ocrx_word' id='word_1_549' title='bbox 441 4825 565 4890; x_wconf 74' lang='lat' dir='ltr'><strong>concta..</strong></span> <span class='ocrx_word' id='word_1_550' title='bbox 582 4829 605 4881; x_wconf 87' lang='lat' dir='ltr'><strong>t.</strong></span> <span class='ocrx_word' id='word_1_551' title='bbox 626 4824 707 4896; x_wconf 65' lang='lat' dir='ltr'><strong>qu</strong></span> 
     </span>
    </p>
   </div>
   <div class='ocr_carea' id='block_1_29' title="bbox 963 4077 1763 4149">
    <p class='ocr_par' dir='ltr' id='par_1_30' title="bbox 963 4077 1763 4149">
     <span class='ocr_line' id='line_1_90' title="bbox 963 4077 1763 4149; baseline 0 -15"><span class='ocrx_word' id='word_1_552' title='bbox 963 4077 1119 4145; x_wconf 77' lang='lat' dir='ltr'><strong>curtilicius,</strong></span> <span class='ocrx_word' id='word_1_553' title='bbox 1135 4086 1245 4149; x_wconf 88' lang='lat' dir='ltr'><strong>quoset</strong></span> <span class='ocrx_word' id='word_1_554' title='bbox 1265 4084 1392 4149; x_wconf 87' lang='lat' dir='ltr'><strong>quantos,</strong></span> <span class='ocrx_word' id='word_1_555' title='bbox 1419 4079 1561 4149; x_wconf 91' lang='lat' dir='ltr'><strong>quomodo</strong></span> <span class='ocrx_word' id='word_1_556' title='bbox 1589 4085 1616 4134; x_wconf 88' lang='lat' dir='ltr'><strong>et</strong></span> <span class='ocrx_word' id='word_1_557' title='bbox 1644 4078 1690 4133; x_wconf 91' lang='lat' dir='ltr'><strong>ubi</strong></span> <span class='ocrx_word' id='word_1_558' title='bbox 1718 4078 1763 4134; x_wconf 89' lang='lat' dir='ltr'><strong>hic</strong></span> 
     </span>
    </p>
   </div>
   <div class='ocr_carea' id='block_1_30' title="bbox 961 4174 1764 4426">
    <p class='ocr_par' dir='ltr' id='par_1_31' title="bbox 961 4174 1764 4426">
     <span class='ocr_line' id='line_1_91' title="bbox 962 4174 1762 4248; baseline 0.004 -21"><span class='ocrx_word' id='word_1_559' title='bbox 962 4174 1132 4229; x_wconf 89' lang='lat' dir='ltr'><strong>Turonensis</strong></span> <span class='ocrx_word' id='word_1_560' title='bbox 1146 4175 1225 4229; x_wconf 83' lang='lat' dir='ltr'><strong>nobis</strong></span> <span class='ocrx_word' id='word_1_561' title='bbox 1240 4174 1370 4241; x_wconf 90' lang='lat' dir='ltr'><strong>intulerit,</strong></span> <span class='ocrx_word' id='word_1_562' title='bbox 1384 4175 1532 4247; x_wconf 90' lang='lat' dir='ltr'><strong>aliquando</strong></span> <span class='ocrx_word' id='word_1_563' title='bbox 1547 4174 1762 4248; x_wconf 87' lang='lat' dir='ltr'><strong>prolledonensi</strong></span> 
     </span>
     <span class='ocr_line' id='line_1_92' title="bbox 962 4263 1762 4338; baseline 0.006 -22"><span class='ocrx_word' id='word_1_564' title='bbox 962 4276 1100 4334; x_wconf 92' lang='lat' dir='ltr'><strong>uunquam</strong></span> <span class='ocrx_word' id='word_1_565' title='bbox 1116 4263 1308 4319; x_wconf 88' lang='lat' dir='ltr'><strong>ratiocinando</strong></span> <span class='ocrx_word' id='word_1_566' title='bbox 1325 4264 1373 4320; x_wconf 90' lang='lat' dir='ltr'><strong>sed</strong></span> <span class='ocrx_word' id='word_1_567' title='bbox 1395 4280 1504 4336; x_wconf 88' lang='lat' dir='ltr'><strong>semper</strong></span> <span class='ocrx_word' id='word_1_568' title='bbox 1526 4265 1684 4338; x_wconf 85' lang='lat' dir='ltr'><strong>garriendo,</strong></span> <span class='ocrx_word' id='word_1_569' title='bbox 1707 4264 1762 4321; x_wconf 91' lang='lat' dir='ltr'><strong>ali-</strong></span> 
     </span>
     <span class='ocr_line' id='line_1_93' title="bbox 961 4351 1764 4426; baseline 0.007 -21"><span class='ocrx_word' id='word_1_570' title='bbox 961 4351 1070 4425; x_wconf 91' lang='lat' dir='ltr'><strong>quando</strong></span> <span class='ocrx_word' id='word_1_571' title='bbox 1085 4367 1136 4423; x_wconf 89' lang='lat' dir='ltr'><strong>pro</strong></span> <span class='ocrx_word' id='word_1_572' title='bbox 1152 4368 1181 4408; x_wconf 91' lang='lat' dir='ltr'><strong>se</strong></span> <span class='ocrx_word' id='word_1_573' title='bbox 1196 4352 1400 4421; x_wconf 88' lang='lat' dir='ltr'><strong>inclamitando,</strong></span> <span class='ocrx_word' id='word_1_574' title='bbox 1416 4369 1478 4410; x_wconf 90' lang='lat' dir='ltr'><strong>cum</strong></span> <span class='ocrx_word' id='word_1_575' title='bbox 1493 4353 1566 4411; x_wconf 90' lang='lat' dir='ltr'><strong>omui</strong></span> <span class='ocrx_word' id='word_1_576' title='bbox 1577 4369 1764 4426; x_wconf 86' lang='lat' dir='ltr'><strong>suorumgar·</strong></span> 
     </span>
    </p>
   </div>
   <div class='ocr_carea' id='block_1_31' title="bbox 920 4435 1764 4524">
    <p class='ocr_par' dir='ltr' id='par_1_32' title="bbox 920 4435 1764 4524">
     <span class='ocr_line' id='line_1_94' title="bbox 920 4435 1764 4524; baseline 0.006 -18"><span class='ocrx_word' id='word_1_577' title='bbox 920 4435 948 4497; x_wconf 83' lang='lat' dir='ltr'>D</span> <span class='ocrx_word' id='word_1_578' title='bbox 963 4450 1070 4506; x_wconf 88' lang='lat' dir='ltr'><strong>rulrtnte</strong></span> <span class='ocrx_word' id='word_1_579' title='bbox 1083 4461 1108 4506; x_wconf 90' lang='lat' dir='ltr'><strong>et</strong></span> <span class='ocrx_word' id='word_1_580' title='bbox 1123 4450 1272 4524; x_wconf 89' lang='lat' dir='ltr'><strong>impudenti</strong></span> <span class='ocrx_word' id='word_1_581' title='bbox 1288 4453 1403 4509; x_wconf 88' lang='lat' dir='ltr'><strong>audacia</strong></span> <span class='ocrx_word' id='word_1_582' title='bbox 1418 4452 1590 4510; x_wconf 88' lang='lat' dir='ltr'><strong>clericorum.</strong></span> <span class='ocrx_word' id='word_1_583' title='bbox 1607 4454 1677 4509; x_wconf 91' lang='lat' dir='ltr'><strong>Nam</strong></span> <span class='ocrx_word' id='word_1_584' title='bbox 1699 4454 1764 4511; x_wconf 92' lang='lat' dir='ltr'><strong>dum</strong></span> 
     </span>
    </p>
   </div>
   <div class='ocr_carea' id='block_1_32' title="bbox 961 4549 1764 4801">
    <p class='ocr_par' dir='ltr' id='par_1_33' title="bbox 961 4549 1764 4801">
     <span class='ocr_line' id='line_1_95' title="bbox 962 4549 1759 4624; baseline 0 -18"><span class='ocrx_word' id='word_1_585' title='bbox 962 4549 1043 4606; x_wconf 90' lang='lat' dir='ltr'><strong>etiam</strong></span> <span class='ocrx_word' id='word_1_586' title='bbox 1059 4550 1294 4622; x_wconf 87' lang='lat' dir='ltr'><strong>archiepiscopum</strong></span> <span class='ocrx_word' id='word_1_587' title='bbox 1311 4551 1522 4624; x_wconf 86' lang='lat' dir='ltr'><strong>Lugdunensem</strong></span> <span class='ocrx_word' id='word_1_588' title='bbox 1536 4568 1606 4622; x_wconf 92' lang='lat' dir='ltr'><strong>pene</strong></span> <span class='ocrx_word' id='word_1_589' title='bbox 1633 4551 1759 4608; x_wconf 88' lang='lat' dir='ltr'><strong>inllecte-</strong></span> 
     </span>
     <span class='ocr_line' id='line_1_96' title="bbox 961 4639 1764 4711; baseline 0.005 -18"><span class='ocrx_word' id='word_1_590' title='bbox 961 4647 1021 4694; x_wconf 89' lang='lat' dir='ltr'><strong>rent</strong></span> <span class='ocrx_word' id='word_1_591' title='bbox 1035 4639 1069 4693; x_wconf 90' lang='lat' dir='ltr'><strong>ad</strong></span> <span class='ocrx_word' id='word_1_592' title='bbox 1085 4639 1225 4694; x_wconf 86' lang='lat' dir='ltr'><strong>tuitionem</strong></span> <span class='ocrx_word' id='word_1_593' title='bbox 1240 4655 1328 4706; x_wconf 88' lang='lat' dir='ltr'><strong>suam,</strong></span> <span class='ocrx_word' id='word_1_594' title='bbox 1344 4639 1424 4694; x_wconf 91' lang='lat' dir='ltr'><strong>itaut</strong></span> <span class='ocrx_word' id='word_1_595' title='bbox 1443 4656 1491 4711; x_wconf 88' lang='lat' dir='ltr'><strong>pro</strong></span> <span class='ocrx_word' id='word_1_596' title='bbox 1520 4640 1560 4695; x_wconf 90' lang='lat' dir='ltr'><strong>eis</strong></span> <span class='ocrx_word' id='word_1_597' title='bbox 1585 4649 1689 4707; x_wconf 88' lang='lat' dir='ltr'><strong>oraret,</strong></span> <span class='ocrx_word' id='word_1_598' title='bbox 1719 4640 1764 4697; x_wconf 85' lang='lat' dir='ltr'><strong>vel</strong></span> 
     </span>
     <span class='ocr_line' id='line_1_97' title="bbox 961 4726 1764 4801; baseline -0.001 -16"><span class='ocrx_word' id='word_1_599' title='bbox 961 4728 1167 4801; x_wconf 86' lang='lat' dir='ltr'><strong>obloqueretur,</strong></span> <span class='ocrx_word' id='word_1_600' title='bbox 1193 4728 1299 4785; x_wconf 88' lang='lat' dir='ltr'><strong>loribus</strong></span> <span class='ocrx_word' id='word_1_601' title='bbox 1323 4729 1447 4785; x_wconf 84' lang='lat' dir='ltr'><strong>ecclesiae</strong></span> <span class='ocrx_word' id='word_1_602' title='bbox 1464 4726 1584 4784; x_wconf 86' lang='lat' dir='ltr'><strong>effractis</strong></span> <span class='ocrx_word' id='word_1_603' title='bbox 1612 4728 1764 4784; x_wconf 89' lang='lat' dir='ltr'><strong>servientes</strong></span> 
     </span>
    </p>
   </div>
   <div class='ocr_carea' id='block_1_33' title="bbox 961 4826 1764 4893">
    <p class='ocr_par' dir='ltr' id='par_1_34' title="bbox 961 4826 1764 4893">
     <span class='ocr_line' id='line_1_98' title="bbox 961 4826 1764 4893; baseline -0.002 -11"><span class='ocrx_word' id='word_1_604' title='bbox 961 4842 1055 4882; x_wconf 88' lang='lat' dir='ltr'><strong>eorum</strong></span> <span class='ocrx_word' id='word_1_605' title='bbox 1071 4828 1214 4883; x_wconf 88' lang='lat' dir='ltr'><strong>securibus</strong></span> <span class='ocrx_word' id='word_1_606' title='bbox 1225 4835 1330 4881; x_wconf 88' lang='lat' dir='ltr'><strong>armata</strong></span> <span class='ocrx_word' id='word_1_607' title='bbox 1344 4842 1426 4881; x_wconf 89' lang='lat' dir='ltr'><strong>uranu</strong></span> <span class='ocrx_word' id='word_1_608' title='bbox 1439 4826 1615 4893; x_wconf 84' lang='lat' dir='ltr'><strong>introeuntes,</strong></span> <span class='ocrx_word' id='word_1_609' title='bbox 1634 4826 1673 4882; x_wconf 89' lang='lat' dir='ltr'><strong>ita</strong></span> <span class='ocrx_word' id='word_1_610' title='bbox 1693 4840 1764 4881; x_wconf 91' lang='lat' dir='ltr'><strong>con-</strong></span> 
     </span>
    </p>
   </div>
   <div class='ocr_carea' id='block_1_34' title="bbox 142 4913 1762 4993">
    <p class='ocr_par' dir='ltr' id='par_1_35' title="bbox 142 4913 1762 4993">
     <span class='ocr_line' id='line_1_99' title="bbox 142 4913 1762 4993; baseline -0.005 -16"><span class='ocrx_word' id='word_1_611' title='bbox 142 4920 262 4978; x_wconf 89' lang='lat' dir='ltr'><strong>Domiuo</strong></span> <span class='ocrx_word' id='word_1_612' title='bbox 279 4936 312 4978; x_wconf 88' lang='lat' dir='ltr'><strong>ac</strong></span> <span class='ocrx_word' id='word_1_613' title='bbox 328 4922 433 4976; x_wconf 88' lang='lat' dir='ltr'><strong>meritis</strong></span> <span class='ocrx_word' id='word_1_614' title='bbox 447 4921 525 4977; x_wconf 89' lang='lat' dir='ltr'><strong>beato</strong></span> <span class='ocrx_word' id='word_1_615' title='bbox 545 4938 624 4993; x_wconf 86' lang='lat' dir='ltr'><strong>papae</strong></span> <span class='ocrx_word' id='word_1_616' title='bbox 647 4921 805 4987; x_wconf 80' lang='lat' dir='ltr'><strong>Geraesto,</strong></span> <span class='ocrx_word' id='word_1_617' title='bbox 828 4924 907 4979; x_wconf 73' lang='lat' dir='ltr'><strong>Haeo</strong></span> <span class='ocrx_word' id='word_1_618' title='bbox 961 4915 1052 4971; x_wconf 89' lang='lat' dir='ltr'><strong>cilium</strong></span> <span class='ocrx_word' id='word_1_619' title='bbox 1068 4931 1168 4986; x_wconf 84' lang='lat' dir='ltr'><strong>magno</strong></span> <span class='ocrx_word' id='word_1_620' title='bbox 1184 4917 1297 4970; x_wconf 86' lang='lat' dir='ltr'><strong>tumultu</strong></span> <span class='ocrx_word' id='word_1_621' title='bbox 1317 4914 1540 4978; x_wconf 83' lang='lat' dir='ltr'><strong>exturbaverunt,</strong></span> <span class='ocrx_word' id='word_1_622' title='bbox 1566 4929 1621 4985; x_wconf 89' lang='lat' dir='ltr'><strong>quo</strong></span> <span class='ocrx_word' id='word_1_623' title='bbox 1646 4913 1762 4969; x_wconf 86' lang='lat' dir='ltr'><strong>lratrem</strong></span> 
     </span>
    </p>
   </div>
   <div class='ocr_carea' id='block_1_35' title="bbox 104 5002 1766 5800">
    <p class='ocr_par' dir='ltr' id='par_1_36' title="bbox 105 5002 1758 5083">
     <span class='ocr_line' id='line_1_100' title="bbox 105 5002 1758 5083; baseline -0.001 -16"><span class='ocrx_word' id='word_1_624' title='bbox 105 5010 906 5083; x_wconf 76' lang='lat' dir='ltr'><strong>humilispresbyter[tlensiuminllominoDeosalutem.</strong></span> <span class='ocrx_word' id='word_1_625' title='bbox 962 5004 992 5059; x_wconf 89' lang='lat' dir='ltr'><strong>T·</strong></span> <span class='ocrx_word' id='word_1_626' title='bbox 1008 5004 1037 5058; x_wconf 84' lang='lat' dir='ltr'><strong>in</strong></span> <span class='ocrx_word' id='word_1_627' title='bbox 1061 5013 1175 5059; x_wconf 72' lang='lat' dir='ltr'><strong>mollem</strong></span> <span class='ocrx_word' id='word_1_628' title='bbox 1206 5003 1357 5067; x_wconf 65' lang='lat' dir='ltr'><strong>dedissem,</strong></span> <span class='ocrx_word' id='word_1_629' title='bbox 1384 5003 1436 5056; x_wconf 71' lang='lat' dir='ltr'><strong>nisi</strong></span> <span class='ocrx_word' id='word_1_630' title='bbox 1466 5002 1597 5057; x_wconf 67' lang='lat' dir='ltr'><strong>Dominus</strong></span> <span class='ocrx_word' id='word_1_631' title='bbox 1624 5011 1650 5057; x_wconf 73' lang='lat' dir='ltr'><strong>el</strong></span> <span class='ocrx_word' id='word_1_632' title='bbox 1677 5010 1758 5059; x_wconf 64' lang='lat' dir='ltr'><strong>saulo</strong></span> 
     </span>
    </p>

    <p class='ocr_par' dir='ltr' id='par_1_37' title="bbox 104 5091 1766 5800">
     <span class='ocr_line' id='line_1_101' title="bbox 140 5091 1761 5171; baseline -0.003 -17"><span class='ocrx_word' id='word_1_633' title='bbox 140 5101 171 5154; x_wconf 93' lang='lat' dir='ltr'><strong>ln</strong></span> <span class='ocrx_word' id='word_1_634' title='bbox 186 5098 317 5166; x_wconf 90' lang='lat' dir='ltr'><strong>concilio,</strong></span> <span class='ocrx_word' id='word_1_635' title='bbox 333 5100 406 5171; x_wconf 88' lang='lat' dir='ltr'><strong>quod</strong></span> <span class='ocrx_word' id='word_1_636' title='bbox 423 5099 542 5154; x_wconf 87' lang='lat' dir='ltr'><strong>Pictavis</strong></span> <span class='ocrx_word' id='word_1_637' title='bbox 556 5114 606 5170; x_wconf 84' lang='lat' dir='ltr'><strong>per</strong></span> <span class='ocrx_word' id='word_1_638' title='bbox 629 5101 749 5171; x_wconf 85' lang='lat' dir='ltr'><strong>gratiam</strong></span> <span class='ocrx_word' id='word_1_639' title='bbox 773 5100 821 5154; x_wconf 81' lang='lat' dir='ltr'><strong>oei</strong></span> <span class='ocrx_word' id='word_1_640' title='bbox 846 5114 908 5155; x_wconf 79' lang='lat' dir='ltr'><strong>oum</strong></span> <span class='ocrx_word' id='word_1_641' title='bbox 962 5093 1041 5149; x_wconf 75' lang='lat' dir='ltr'><strong>bonae</strong></span> <span class='ocrx_word' id='word_1_642' title='bbox 1055 5093 1205 5148; x_wconf 88' lang='lat' dir='ltr'><strong>voluntatis</strong></span> <span class='ocrx_word' id='word_1_643' title='bbox 1220 5108 1277 5146; x_wconf 75' lang='lat' dir='ltr'><strong>suec</strong></span> <span class='ocrx_word' id='word_1_644' title='bbox 1287 5099 1532 5146; x_wconf 87' lang='lat' dir='ltr'><strong>coronasseteum.</strong></span> <span class='ocrx_word' id='word_1_645' title='bbox 1549 5092 1589 5146; x_wconf 90' lang='lat' dir='ltr'><strong>lta</strong></span> <span class='ocrx_word' id='word_1_646' title='bbox 1604 5091 1683 5147; x_wconf 90' lang='lat' dir='ltr'><strong>uobis</strong></span> <span class='ocrx_word' id='word_1_647' title='bbox 1698 5108 1761 5149; x_wconf 88' lang='lat' dir='ltr'><strong>cum</strong></span> 
     </span>
     <span class='ocr_line' id='line_1_102' title="bbox 104 5178 1764 5261; baseline -0.004 -17"><span class='ocrx_word' id='word_1_648' title='bbox 104 5187 303 5261; x_wconf 85' lang='lat' dir='ltr'><strong>sliquoiructu</strong></span> <span class='ocrx_word' id='word_1_649' title='bbox 326 5188 538 5255; x_wconf 88' lang='lat' dir='ltr'><strong>celebravimus,</strong></span> <span class='ocrx_word' id='word_1_650' title='bbox 569 5188 654 5244; x_wconf 90' lang='lat' dir='ltr'><strong>multa</strong></span> <span class='ocrx_word' id='word_1_651' title='bbox 684 5189 762 5243; x_wconf 90' lang='lat' dir='ltr'><strong>nobis</strong></span> <span class='ocrx_word' id='word_1_652' title='bbox 788 5189 909 5259; x_wconf 89' lang='lat' dir='ltr'><strong>pericula</strong></span> <span class='ocrx_word' id='word_1_653' title='bbox 962 5182 1101 5252; x_wconf 89' lang='lat' dir='ltr'><strong>paucitate</strong></span> <span class='ocrx_word' id='word_1_654' title='bbox 1116 5197 1150 5238; x_wconf 90' lang='lat' dir='ltr'><strong>ac</strong></span> <span class='ocrx_word' id='word_1_655' title='bbox 1163 5181 1298 5236; x_wconf 87' lang='lat' dir='ltr'><strong>dedecore</strong></span> <span class='ocrx_word' id='word_1_656' title='bbox 1314 5178 1429 5245; x_wconf 89' lang='lat' dir='ltr'><strong>relictis,</strong></span> <span class='ocrx_word' id='word_1_657' title='bbox 1445 5178 1612 5235; x_wconf 88' lang='lat' dir='ltr'><strong>Turonensis</strong></span> <span class='ocrx_word' id='word_1_658' title='bbox 1627 5188 1654 5237; x_wconf 90' lang='lat' dir='ltr'><strong>et</strong></span> <span class='ocrx_word' id='word_1_659' title='bbox 1664 5179 1764 5237; x_wconf 79' lang='lat' dir='ltr'><strong>suffra·</strong></span> 
     </span>
     <span class='ocr_line' id='line_1_103' title="bbox 104 5275 1760 5349; baseline 0.001 -17"><span class='ocrx_word' id='word_1_660' title='bbox 104 5277 182 5349; x_wconf 91' lang='lat' dir='ltr'><strong>prius</strong></span> <span class='ocrx_word' id='word_1_661' title='bbox 196 5277 224 5331; x_wconf 92' lang='lat' dir='ltr'><strong>in</strong></span> <span class='ocrx_word' id='word_1_662' title='bbox 239 5277 345 5347; x_wconf 88' lang='lat' dir='ltr'><strong>itinere,</strong></span> <span class='ocrx_word' id='word_1_663' title='bbox 362 5277 445 5332; x_wconf 90' lang='lat' dir='ltr'><strong>multa</strong></span> <span class='ocrx_word' id='word_1_664' title='bbox 458 5277 664 5333; x_wconf 80' lang='lat' dir='ltr'><strong>nobisadrersa</strong></span> <span class='ocrx_word' id='word_1_665' title='bbox 683 5277 710 5332; x_wconf 92' lang='lat' dir='ltr'><strong>ia</strong></span> <span class='ocrx_word' id='word_1_666' title='bbox 725 5278 784 5349; x_wconf 89' lang='lat' dir='ltr'><strong>ipsa</strong></span> <span class='ocrx_word' id='word_1_667' title='bbox 799 5277 909 5335; x_wconf 87' lang='lat' dir='ltr'><strong>civitate</strong></span> <span class='ocrx_word' id='word_1_668' title='bbox 962 5277 1044 5349; x_wconf 89' lang='lat' dir='ltr'><strong>ganei</strong></span> <span class='ocrx_word' id='word_1_669' title='bbox 1059 5277 1117 5347; x_wconf 87' lang='lat' dir='ltr'><strong>ejus</strong></span> <span class='ocrx_word' id='word_1_670' title='bbox 1128 5293 1190 5334; x_wconf 90' lang='lat' dir='ltr'><strong>cum</strong></span> <span class='ocrx_word' id='word_1_671' title='bbox 1203 5277 1325 5347; x_wconf 85' lang='lat' dir='ltr'><strong>superbo</strong></span> <span class='ocrx_word' id='word_1_672' title='bbox 1336 5275 1450 5331; x_wconf 88' lang='lat' dir='ltr'><strong>tumultu</strong></span> <span class='ocrx_word' id='word_1_673' title='bbox 1465 5275 1619 5332; x_wconf 91' lang='lat' dir='ltr'><strong>inordinate</strong></span> <span class='ocrx_word' id='word_1_674' title='bbox 1648 5285 1677 5333; x_wconf 90' lang='lat' dir='ltr'><strong>et</strong></span> <span class='ocrx_word' id='word_1_675' title='bbox 1703 5293 1760 5334; x_wconf 90' lang='lat' dir='ltr'><strong>non</strong></span> 
     </span>
     <span class='ocr_line' id='line_1_104' title="bbox 104 5365 1763 5432; baseline 0.001 -12"><span class='ocrx_word' id='word_1_676' title='bbox 104 5374 164 5421; x_wconf 90' lang='lat' dir='ltr'><strong>tum</strong></span> <span class='ocrx_word' id='word_1_677' title='bbox 177 5366 206 5420; x_wconf 93' lang='lat' dir='ltr'><strong>in</strong></span> <span class='ocrx_word' id='word_1_678' title='bbox 219 5365 347 5432; x_wconf 88' lang='lat' dir='ltr'><strong>concilio,</strong></span> <span class='ocrx_word' id='word_1_679' title='bbox 364 5374 420 5421; x_wconf 89' lang='lat' dir='ltr'><strong>tum</strong></span> <span class='ocrx_word' id='word_1_680' title='bbox 436 5374 510 5422; x_wconf 81' lang='lat' dir='ltr'><strong>extra</strong></span> <span class='ocrx_word' id='word_1_681' title='bbox 525 5366 666 5422; x_wconf 89' lang='lat' dir='ltr'><strong>exstitere.</strong></span> <span class='ocrx_word' id='word_1_682' title='bbox 678 5368 753 5424; x_wconf 88' lang='lat' dir='ltr'><strong>Ecce</strong></span> <span class='ocrx_word' id='word_1_683' title='bbox 764 5368 836 5423; x_wconf 89' lang='lat' dir='ltr'><strong>enim</strong></span> <span class='ocrx_word' id='word_1_684' title='bbox 860 5385 908 5425; x_wconf 82' lang='lat' dir='ltr'><strong>rex</strong></span> <span class='ocrx_word' id='word_1_685' title='bbox 962 5366 1094 5423; x_wconf 90' lang='lat' dir='ltr'><strong>canonice</strong></span> <span class='ocrx_word' id='word_1_686' title='bbox 1109 5375 1293 5424; x_wconf 88' lang='lat' dir='ltr'><strong>recesserunt.</strong></span> <span class='ocrx_word' id='word_1_687' title='bbox 1310 5365 1404 5422; x_wconf 75' lang='lat' dir='ltr'><strong>Altera</strong></span> <span class='ocrx_word' id='word_1_688' title='bbox 1423 5365 1467 5421; x_wconf 90' lang='lat' dir='ltr'><strong>die</strong></span> <span class='ocrx_word' id='word_1_689' title='bbox 1481 5365 1510 5420; x_wconf 88' lang='lat' dir='ltr'><strong>in</strong></span> <span class='ocrx_word' id='word_1_690' title='bbox 1523 5365 1642 5423; x_wconf 89' lang='lat' dir='ltr'><strong>ecclesia</strong></span> <span class='ocrx_word' id='word_1_691' title='bbox 1656 5371 1690 5423; x_wconf 86' lang='grc' dir='ltr'><strong>Β.</strong></span> <span class='ocrx_word' id='word_1_692' title='bbox 1710 5367 1763 5421; x_wconf 87' lang='lat' dir='ltr'><strong>lli·</strong></span> 
     </span>
     <span class='ocr_line' id='line_1_105' title="bbox 104 5454 1764 5528; baseline 0.001 -18"><span class='ocrx_word' id='word_1_693' title='bbox 104 5455 276 5511; x_wconf 81' lang='lat' dir='ltr'><strong>Trancorurn</strong></span> <span class='ocrx_word' id='word_1_694' title='bbox 290 5454 447 5512; x_wconf 89' lang='lat' dir='ltr'><strong>contrarius</strong></span> <span class='ocrx_word' id='word_1_695' title='bbox 463 5455 592 5528; x_wconf 88' lang='lat' dir='ltr'><strong>sibiipsi,</strong></span> <span class='ocrx_word' id='word_1_696' title='bbox 608 5460 673 5526; x_wconf 91' lang='lat' dir='ltr'><strong>quia</strong></span> <span class='ocrx_word' id='word_1_697' title='bbox 688 5457 909 5514; x_wconf 86' lang='lat' dir='ltr'><strong>contrariuserat</strong></span> <span class='ocrx_word' id='word_1_698' title='bbox 962 5455 1020 5510; x_wconf 88' lang='lat' dir='ltr'><strong>larii</strong></span> <span class='ocrx_word' id='word_1_699' title='bbox 1034 5455 1101 5512; x_wconf 91' lang='lat' dir='ltr'><strong>inito</strong></span> <span class='ocrx_word' id='word_1_700' title='bbox 1116 5455 1231 5513; x_wconf 90' lang='lat' dir='ltr'><strong>concilio</strong></span> <span class='ocrx_word' id='word_1_701' title='bbox 1247 5455 1320 5510; x_wconf 90' lang='lat' dir='ltr'><strong>nulla</strong></span> <span class='ocrx_word' id='word_1_702' title='bbox 1334 5454 1558 5526; x_wconf 89' lang='lat' dir='ltr'><strong>uobispromissa</strong></span> <span class='ocrx_word' id='word_1_703' title='bbox 1569 5455 1612 5512; x_wconf 87' lang='lat' dir='ltr'><strong>rel</strong></span> <span class='ocrx_word' id='word_1_704' title='bbox 1622 5456 1764 5527; x_wconf 85' lang='lat' dir='ltr'><strong>praemissa</strong></span> 
     </span>
     <span class='ocr_line' id='line_1_106' title="bbox 104 5542 1763 5620; baseline -0.001 -19"><span class='ocrx_word' id='word_1_705' title='bbox 104 5542 176 5615; x_wconf 76' lang='lat' dir='ltr'><strong>{tegi</strong></span> <span class='ocrx_word' id='word_1_706' title='bbox 189 5542 263 5610; x_wconf 85' lang='lat' dir='ltr'><strong>coeli,</strong></span> <span class='ocrx_word' id='word_1_707' title='bbox 280 5543 353 5601; x_wconf 90' lang='lat' dir='ltr'><strong>misit</strong></span> <span class='ocrx_word' id='word_1_708' title='bbox 368 5543 477 5601; x_wconf 90' lang='lat' dir='ltr'><strong>litteras</strong></span> <span class='ocrx_word' id='word_1_709' title='bbox 502 5545 620 5616; x_wconf 89' lang='lat' dir='ltr'><strong>primum</strong></span> <span class='ocrx_word' id='word_1_710' title='bbox 649 5545 725 5612; x_wconf 85' lang='lat' dir='ltr'><strong>milri,</strong></span> <span class='ocrx_word' id='word_1_711' title='bbox 755 5546 783 5601; x_wconf 92' lang='lat' dir='ltr'><strong>in</strong></span> <span class='ocrx_word' id='word_1_712' title='bbox 810 5546 910 5620; x_wconf 88' lang='lat' dir='ltr'><strong>quibus</strong></span> <span class='ocrx_word' id='word_1_713' title='bbox 963 5544 1149 5602; x_wconf 77' lang='lat' dir='ltr'><strong>satisfactione</strong></span> <span class='ocrx_word' id='word_1_714' title='bbox 1163 5545 1197 5599; x_wconf 90' lang='lat' dir='ltr'><strong>de</strong></span> <span class='ocrx_word' id='word_1_715' title='bbox 1212 5543 1322 5612; x_wconf 87' lang='lat' dir='ltr'><strong>injuria,</strong></span> <span class='ocrx_word' id='word_1_716' title='bbox 1337 5544 1435 5601; x_wconf 89' lang='lat' dir='ltr'><strong>iterum</strong></span> <span class='ocrx_word' id='word_1_717' title='bbox 1448 5544 1534 5602; x_wconf 89' lang='lat' dir='ltr'><strong>draco</strong></span> <span class='ocrx_word' id='word_1_718' title='bbox 1549 5544 1595 5601; x_wconf 91' lang='lat' dir='ltr'><strong>ille</strong></span> <span class='ocrx_word' id='word_1_719' title='bbox 1609 5545 1763 5617; x_wconf 89' lang='lat' dir='ltr'><strong>insurgens</strong></span> 
     </span>
     <span class='ocr_line' id='line_1_107' title="bbox 105 5630 1765 5706; baseline 0 -17"><span class='ocrx_word' id='word_1_720' title='bbox 105 5630 290 5689; x_wconf 81' lang='lat' dir='ltr'><strong>conlitebstnr</strong></span> <span class='ocrx_word' id='word_1_721' title='bbox 304 5631 432 5700; x_wconf 82' lang='lat' dir='ltr'><strong>Domino,</strong></span> <span class='ocrx_word' id='word_1_722' title='bbox 441 5632 579 5691; x_wconf 88' lang='lat' dir='ltr'><strong>desiderio</strong></span> <span class='ocrx_word' id='word_1_723' title='bbox 589 5633 754 5691; x_wconf 89' lang='lat' dir='ltr'><strong>desiderans</strong></span> <span class='ocrx_word' id='word_1_724' title='bbox 769 5651 800 5692; x_wconf 89' lang='lat' dir='ltr'><strong>se</strong></span> <span class='ocrx_word' id='word_1_725' title='bbox 818 5634 910 5693; x_wconf 89' lang='lat' dir='ltr'><strong>vocari</strong></span> <span class='ocrx_word' id='word_1_726' title='bbox 963 5644 1094 5706; x_wconf 88' lang='lat' dir='ltr'><strong>tanquam</strong></span> <span class='ocrx_word' id='word_1_727' title='bbox 1108 5635 1152 5691; x_wconf 89' lang='lat' dir='ltr'><strong>leo</strong></span> <span class='ocrx_word' id='word_1_728' title='bbox 1167 5633 1281 5705; x_wconf 90' lang='lat' dir='ltr'><strong>rugiens</strong></span> <span class='ocrx_word' id='word_1_729' title='bbox 1294 5651 1350 5693; x_wconf 89' lang='lat' dir='ltr'><strong>nou</strong></span> <span class='ocrx_word' id='word_1_730' title='bbox 1365 5635 1450 5706; x_wconf 92' lang='lat' dir='ltr'><strong>potuit</strong></span> <span class='ocrx_word' id='word_1_731' title='bbox 1460 5633 1550 5691; x_wconf 89' lang='lat' dir='ltr'><strong>audiri</strong></span> <span class='ocrx_word' id='word_1_732' title='bbox 1573 5633 1691 5702; x_wconf 82' lang='lat' dir='ltr'><strong>diutias;</strong></span> <span class='ocrx_word' id='word_1_733' title='bbox 1712 5630 1765 5689; x_wconf 85' lang='lat' dir='ltr'><strong>ssd</strong></span> 
     </span>
     <span class='ocr_line' id='line_1_108' title="bbox 104 5717 1766 5800; baseline -0.004 -19"><span class='ocrx_word' id='word_1_734' title='bbox 104 5719 193 5781; x_wconf 83' lang='lat' dir='ltr'><strong>titiam</strong></span> <span class='ocrx_word' id='word_1_735' title='bbox 206 5734 309 5793; x_wconf 74' lang='lat' dir='ltr'><strong>maan,</strong></span> <span class='ocrx_word' id='word_1_736' title='bbox 323 5721 623 5797; x_wconf 78' lang='lat' dir='ltr'><strong>ateumorauigloria</strong></span> <span class='ocrx_word' id='word_1_737' title='bbox 638 5723 909 5795; x_wconf 69' lang='lat' dir='ltr'><strong>nboaoresaotcri·</strong></span> <span class='ocrx_word' id='word_1_738' title='bbox 963 5731 1107 5783; x_wconf 69' lang='lat' dir='ltr'><strong>canentes</strong></span> <span class='ocrx_word' id='word_1_739' title='bbox 1120 5722 1244 5800; x_wconf 84' lang='lat' dir='ltr'><strong>glsdium</strong></span> <span class='ocrx_word' id='word_1_740' title='bbox 1262 5725 1384 5800; x_wconf 84' lang='lat' dir='ltr'><strong>spiritus,</strong></span> <span class='ocrx_word' id='word_1_741' title='bbox 1400 5723 1474 5797; x_wconf 88' lang='lat' dir='ltr'><strong>quod</strong></span> <span class='ocrx_word' id='word_1_742' title='bbox 1494 5728 1538 5780; x_wconf 87' lang='lat' dir='ltr'><strong>ast</strong></span> <span class='ocrx_word' id='word_1_743' title='bbox 1560 5722 1676 5780; x_wconf 86' lang='lat' dir='ltr'><strong>verbum</strong></span> <span class='ocrx_word' id='word_1_744' title='bbox 1699 5717 1766 5786; x_wconf 77' lang='lat' dir='ltr'><strong>liei.</strong></span> 
     </span>
    </p>
   </div>
   <div class='ocr_carea' id='block_1_36' title="bbox 0 0 1894 6038">
    <p class='ocr_par' dir='ltr' id='par_1_38' title="bbox 0 0 1894 6038">
     <span class='ocr_line' id='line_1_109' title="bbox 0 0 1894 6038; baseline 0 1"><span class='ocrx_word' id='word_1_745' title='bbox 0 0 1894 6038; x_wconf 95' lang='lat' dir='ltr'><strong> </strong></span> 
     </span>
    </p>
   </div>
  </div>
 </body>
</html>
