3780 6038
56 226 126 278 tota

539 218 830 277 oaetoaattouus
851 216 904 274 SS.
933 216 1083 274 PhPllllll.
1101 246 1134 258 -
1152 216 1215 272 Llll.
1228 218 1262 271 ll.

1637 218 1715 270 toou-

52 346 132 401 ravit.
148 344 231 399 Sexti
245 352 336 416 sporta
352 352 392 401 est
405 345 473 400 liber
487 345 641 417 Sapientiae,
667 344 693 398 iu
719 360 772 414 quo
795 343 853 414 spi·
868 342 895 402 Α
910 341 972 410 (pria
986 348 1170 412 cnrmmpunt.
1186 339 1264 395 Nona
1290 340 1371 412 plaga
1395 350 1452 397 erut
1474 343 1556 397 cliuos
1580 340 1707 395 tenebra-

52 443 119 497 ritus
150 442 256 515 pietatis
282 458 387 497 summa
410 443 507 513 pietate
539 441 689 497 Ecclesium
722 442 850 498 emdirit.

54 530 178 601 Septima
190 538 228 586 est
245 530 312 585 liber
326 531 511 597 Ecclesiastes,
528 530 561 585 de
584 546 637 601 qua
660 539 751 599 sporta
773 532 855 600 spiri-

56 627 98 675 tus
112 620 215 676 umoris
229 620 339 675 Domini
356 621 445 693 magis
458 637 538 691 quam
554 619 581 674 in
595 620 650 675 ullo
675 619 743 675 libro
772 621 854 674 timo-

54 733 112 772 rem
139 717 248 772 Domini
277 717 424 773 Ecclesiam
452 717 590 772 instmxit.
609 717 652 771 Ex
679 716 721 770 his
752 726 855 786 septem

56 805 153 878 sportis
167 821 216 875 per
230 805 415 875 septiformem
446 806 576 878 Spiritum
605 804 709 878 egregii
733 804 856 860 doctores

55 894 221 967 Atrgustinus
231 901 258 949 et
268 893 428 967 Gregorius,
439 895 484 950 alii
495 910 603 965 quoque
626 902 653 948 et
673 893 717 948 alii
735 909 783 948 sua
803 909 853 947 ex-

56 993 189 1063 positione
215 1001 335 1048 sauctam
365 993 512 1050 Ecclesiam
541 992 616 1063 quasi
646 991 680 1048 ad
704 991 872 1053 satietatem·

56 1081 217 1138 refecerunt.

91 1199 167 1254 Pisce
181 1214 289 1270 quoque
304 1199 381 1254 turba
395 1197 521 1271 pascitur,
546 1198 610 1253 dum
631 1197 727 1253 Christi
742 1212 855 1268 corpore

56 1298 182 1355 rescitur.
203 1300 263 1368 lpse
278 1315 396 1369 namque
411 1298 491 1370 piscis
504 1296 611 1366 dicitur,
626 1296 695 1351 sicut
709 1296 737 1350 in
760 1298 854 1353 liran-

57 1387 129 1460 gelio
144 1387 251 1460 legitur.
268 1389 338 1442 Dum
354 1388 477 1442 homines
492 1386 526 1441 ab
550 1386 596 1442 illo
625 1385 764 1457 exigerent
787 1401 854 1441 cen·

55 1493 126 1545 sum,
141 1476 181 1530 sui
195 1477 284 1548 angeli
299 1476 425 1533 devotum
439 1474 598 1547 impendunt
610 1474 779 1545 obsequium,
791 1473 854 1542 jus·

55 1590 115 1628 sum
131 1573 239 1628 Petrum
254 1575 364 1628 hamum
390 1574 416 1626 in
445 1587 520 1627 mare
549 1570 664 1636 mittere,
694 1577 719 1625 et
747 1568 782 1624 de
808 1583 854 1623 oro

56 1662 138 1733 piscis
157 1663 202 1733 qui
235 1662 338 1733 primus
370 1661 527 1717 ascenderet
559 1675 669 1714 aureum
697 1657 854 1713 didrachma

57 1752 161 1817 tollere,
181 1766 231 1820 pro
250 1768 279 1806 se
298 1757 323 1805 et
347 1765 397 1820 pro
430 1749 574 1820 semetipso
607 1763 717 1803 censum
749 1747 855 1802 soluere

55 1848 170 1921 (hatra.
187 1848 265 1919 xvir).
282 1847 365 1903 Piscis
384 1848 428 1903 hic
443 1856 499 1903 erat
511 1847 641 1912 Christus,
657 1847 703 1917 qui
727 1846 754 1901 in
774 1846 855 1916 hujus

56 1938 148 1993 saculi
162 1938 242 1992 undis
257 1938 344 1992 latuit.
365 1935 418 2004 Qui
432 1936 589 1991 didrachma
622 1952 649 1990 ιι
676 1951 723 1991 ιιι
751 1934 854 2001 habuit,

57 2027 122 2098 quia
135 2026 273 2099 geminam
289 2027 377 2097 legem
393 2025 492 2081 divinis
506 2025 584 2080 factis
593 2024 778 2096 splendentem
789 2039 855 2095 pro-

57 2123 130 2180 tulit.
155 2124 204 2179 llic
223 2125 303 2178 hamo
322 2123 407 2177 diuini
425 2123 530 2179 consilii
548 2130 643 2194 captus
661 2129 711 2185 est,
741 2122 770 2175 in
793 2121 856 2193 igne

60 2212 193 2285 passionis
212 2212 290 2266 nobis
322 2211 356 2266 ad
389 2227 464 2267 esum
496 2227 580 2266 assus.
614 2210 777 2266 Didrachma
808 2225 857 2281 pro

60 2302 176 2368 Christo,
193 2309 220 2356 et
233 2302 310 2356 Petro
321 2316 416 2355 census
430 2299 517 2368 datur,
533 2299 598 2354 dum
613 2306 725 2369 utraque
746 2299 791 2353 lex
814 2298 858 2354 rel

60 2399 173 2472 gemina
191 2398 299 2454 dilectio
319 2397 353 2452 ad
369 2398 465 2453 Christi
480 2405 506 2453 et
528 2398 657 2454 Ecclesiae
682 2397 814 2453 honorem
841 2413 857 2452 a

59 2486 186 2542 fidelibus
199 2487 358 2557 completur.
376 2487 493 2557 Populus
506 2486 557 2541 Dei
570 2493 673 2556 septem
681 2485 797 2555 panibus
811 2501 857 2541 re·

59 2575 157 2645 licitur,
169 2584 195 2631 et
204 2575 447 2646 decempraeceptis
460 2575 615 2643 instituitur,
636 2574 753 2645 populus
768 2582 856 2629 autem

58 2672 209 2728 Pharaonis
223 2679 326 2742 septem
340 2671 473 2744 capitibus
491 2671 625 2739 draconis,
641 2671 669 2726 id
697 2679 737 2727 est
754 2679 858 2743 septem

59 2761 257 2834 principalibus
266 2761 339 2817 vitiis
348 2761 507 2832 captivatur,
519 2768 545 2816 et
560 2760 654 2816 decem
669 2760 758 2831 plagis
772 2760 857 2816 dera-

59 2859 144 2907 statur
157 2850 258 2920 (Sacri.
275 2854 335 2920 vu).
352 2850 441 2905 Prima
456 2849 537 2921 plaga
557 2850 622 2903 dum
643 2849 808 2905 convertitur
830 2849 858 2902 ιι

58 2946 220 3018 sanguinem
239 2962 321 3015 aqua.
346 2945 426 3014 lique
442 2945 469 2998 in
483 2945 643 3017 sanguinem
666 2952 856 3010 commutatur,

58 3035 124 3091 dum
139 3035 273 3104 baptisma
287 3035 331 3088 rel
348 3049 424 3089 sacra
439 3034 576 3104 Scriptura
596 3032 648 3088 illis
667 3034 694 3088 in
717 3042 857 3103 peccatum

58 3131 206 3196 reputatur,
223 3123 268 3193 qui
282 3122 663 3194 baptismaperimmuuditiae
679 3138 762 3194 opera
778 3123 856 3178 coin-

908 455 967 492 rum
984 438 1129 509 palpabile,
1152 446 1178 493 et
1206 453 1327 491 murmur
1355 438 1491 507 quoddam
1518 438 1704 493 formidabile.

909 527 977 582 Sunt
991 536 1080 581 autem
1095 524 1228 600 infideles,
1246 526 1290 595 qui
1304 524 1390 581 futura
1404 543 1459 581 non
1484 526 1605 593 eredunt,
1639 532 1665 580 et
1692 541 1710 581 a

909 615 1038 670 lucetldei
1052 617 1199 683 retrahunt,
1223 622 1250 670 et
1277 631 1306 671 se
1337 615 1453 671 tenebris
1481 624 1588 671 reternae
1615 613 1709 671 mortis

907 713 1037 780 insemnt,
1053 713 1099 768 ubi
1116 712 1233 769 terribile
1248 722 1287 768 est
1301 730 1430 781 murmur,
1455 713 1556 769 seilicet
1579 714 1656 767 lletus
1683 719 1711 768 et

908 801 1006 857 stridor
1019 802 1149 857 dentium.
1165 802 1276 858 Decima
1291 803 1372 875 plaga
1387 811 1447 857 sunt
1460 802 1641 875 primogenita
1655 818 1706 857 ex-

908 890 1004 946 stincta
1023 891 1207 963 Primogenita
1233 891 1341 963 [Egypti
1364 900 1425 946 suat
1443 891 1577 964 principes
1604 891 1707 957 mundi,

908 987 1102 1058 saecularesque
1122 987 1276 1059 dignitates,
1298 1004 1359 1057 quat
1385 1005 1401 1043 a
1428 988 1598 1043 daemouibus
1629 988 1708 1043 bellis

909 1084 935 1130 et
946 1076 1028 1132 variis
1042 1075 1131 1130 modis
1144 1075 1365 1144 exterminantur,
1391 1083 1420 1132 ut
1441 1084 1562 1147 potentes
1586 1084 1708 1148 potenter

910 1172 1043 1220 tormenta
1058 1165 1204 1237 patiantur.
1224 1165 1389 1231 charissimi,
1407 1165 1524 1220 nitamur
1540 1165 1619 1221 bonis
1640 1166 1708 1221 acti·

908 1263 959 1319 hus
973 1264 1007 1320 ab
1024 1264 1064 1318 his
1080 1264 1174 1319 decem
1189 1264 1280 1336 plagis
1296 1263 1413 1326 liberari,
1429 1272 1456 1319 et
1469 1272 1572 1334 septem
1593 1263 1708 1336 panibus

907 1352 1031 1421 saturari,
1048 1369 1063 1408 a
1077 1359 1180 1425 septem
1196 1351 1329 1423 capitibus
1343 1352 1468 1408 draconis
1482 1353 1548 1417 erui,
1565 1361 1592 1407 et
1613 1353 1707 1409 decem

908 1441 1050 1512 praeceptis
1068 1442 1202 1514 legalibus
1215 1442 1317 1496 instrui.
1332 1441 1472 1496 Imitemur
1500 1441 1559 1497 illos
1587 1442 1632 1512 qui
1660 1459 1709 1498 nos

908 1538 1110 1600 praecesserunt,
1141 1538 1168 1585 et
1195 1546 1244 1602 per
1272 1530 1369 1585 multas
1396 1529 1581 1586 tribulationes
1608 1531 1709 1602 gaudia

908 1619 970 1674 ritoe
986 1620 1161 1675 intraverunt.

1145 1734 1183 1789 Da
1198 1734 1320 1804 quiaque
1335 1734 1471 1806 septenis.

944 1847 1071 1919 Quinque
1089 1856 1201 1918 septena
1219 1855 1281 1903 sunt
1298 1847 1326 1902 ιι
1355 1864 1432 1904 sacra
1466 1847 1615 1919 Scriptura,
1649 1863 1709 1919 quae

909 1937 983 2009 prius
997 1937 1155 2009 singillatim
1172 1936 1395 2010 distinguantur:
1421 1943 1516 2006 postea
1538 1952 1604 1993 rere
1628 1952 1709 2008 quam

909 2027 979 2081 inter
992 2042 1021 2081 se
1035 2025 1154 2081 habeant
1167 2025 1391 2095 convenientiam,
1413 2025 1508 2081 eadem
1531 2040 1581 2095 per
1603 2026 1710 2098 singula

910 2123 962 2178 sihi
977 2123 1141 2179 conferendo
1157 2123 1240 2178 libeat
1253 2123 1447 2180 demonstrare.
1472 2122 1562 2178 Primo
1585 2122 1644 2179 loco
1668 2138 1710 2179 se-

911 2221 983 2284 ptem
999 2221 1134 2284 ponuntur
1147 2212 1222 2281 uitia,
1238 2211 1319 2267 idest
1340 2210 1475 2283 superbia,
1505 2210 1622 2267 secundo
1649 2210 1710 2268 loco

911 2301 1022 2369 invidia,
1039 2302 1117 2358 tertio
1132 2301 1181 2370 ira,
1198 2309 1291 2372 quarto
1321 2299 1433 2369 tristitia,
1464 2299 1557 2370 quinto
1586 2300 1708 2369 avaritia,

910 2408 987 2456 sexto
996 2400 1071 2472 gula,
1082 2399 1198 2469 septimo
1207 2398 1322 2454 luxuria.
1339 2397 1438 2454 Contra
1450 2398 1507 2454 haec
1519 2396 1638 2453 secundo
1648 2397 1709 2454 loco

910 2489 1220 2560 constituunturseptem
1249 2487 1401 2557 petitiones,
1432 2503 1492 2558 quae
1510 2486 1539 2541 ιι
1567 2487 1711 2544 Dominica

912 2576 1039 2633 Oratione
1058 2576 1239 2632 continentur.
1273 2576 1367 2630 Postea
1401 2576 1478 2630 tertio
1511 2574 1572 2630 loco
1606 2583 1710 2647 septem

911 2674 982 2729 dona
997 2674 1111 2744 Spiritus
1125 2672 1219 2728 sancti.
1235 2670 1338 2728 Deinde
1360 2678 1454 2741 quarto
1482 2670 1541 2726 loco
1565 2670 1712 2728 succedunt

912 2763 1031 2819 virtutes.
1048 2762 1137 2817 Primo
1152 2761 1253 2816 scilicet
1263 2760 1333 2827 loco,
1350 2768 1494 2831 paupertas
1501 2759 1620 2831 spiritus,
1632 2759 1660 2815 id
1672 2767 1712 2817 est

912 2852 1048 2907 humilitas
1064 2866 1070 2920 ;
1086 2849 1204 2905 seeundo
1219 2848 1408 2915 mansuetudo,
1433 2848 1510 2904 tertio
1538 2850 1710 2919 compunctio

912 2949 968 3003 sire
983 2947 1069 3015 dolor,
1082 2955 1178 3017 quarto
1188 2946 1289 3002 esuries
1295 2944 1406 3019 justitia
1417 2945 1474 3001 sire
1487 2945 1649 3001 desiderium
1660 2946 1713 3002 bo·

874 3054 987 3121 cnam,
1004 3036 1096 3108 quinto
1128 3034 1322 3101 misericordia,
1352 3042 1427 3090 sexto
1454 3034 1543 3090 cordis
1569 3034 1715 3104 munditia,

913 3127 1027 3197 septimo
1054 3141 1118 3194 pax.
1143 3124 1296 3180 Novissima
1311 3139 1375 3178 raro
1390 3124 1448 3179 loco
1468 3131 1572 3193 septem
1595 3123 1714 3179 beatitu-

60 3220 182 3290 quinaut,
203 3235 234 3275 ac
248 3235 352 3275 sacram
369 3219 533 3290 scripturam
549 3220 582 3274 ad
598 3235 661 3274 suos
675 3236 779 3275 errores
795 3235 859 3276 cor·
914 3223 990 3278 dines
1004 3223 1116 3295 (llatth.
1136 3222 1173 3293 r).
1191 3222 1280 3276 Prima
1294 3236 1410 3293 regnum
1433 3221 1573 3287 coelomm,
1597 3221 1716 3278 secunda

58 3308 218 3366 robomntes
236 3308 394 3378 depravant.
414 3308 538 3364 Secunda
557 3309 638 3381 plaga
666 3325 727 3364 cum
756 3309 861 3381 operuit
914 3311 1047 3384 possessio
1064 3320 1140 3367 terrea
1153 3311 1313 3379 virentium,
1329 3309 1407 3365 tertia
1434 3309 1593 3378 cumulatio,
1622 3318 1717 3381 quarta

61 3405 159 3454 terram
188 3414 263 3454 rana.
297 3398 433 3452 Ranarum
469 3398 616 3467 loquacitas
650 3405 690 3453 est
719 3406 859 3467 poetarum
911 3402 1023 3472 justitiae
1041 3401 1171 3468 satietas,
1193 3401 1286 3469 quinta
1314 3398 1510 3466 misericordia,
1544 3406 1619 3455 sexta
1648 3398 1716 3456 visio

60 3496 215 3569 garrulitas,
236 3511 285 3564 per
301 3510 414 3564 quorum
438 3495 544 3550 fabulas
566 3495 657 3550 miseri
681 3496 859 3567 decipiuntur,

60 3584 125 3640 dum
141 3600 187 3639 eas
202 3585 230 3638 ιι
245 3584 386 3639 desideriis
399 3584 455 3639 suis
478 3592 634 3654 sequuntur.
663 3584 752 3639 Tertia
777 3585 861 3655 plaga

59 3673 204 3745 sciniphes,
220 3672 265 3743 qui
280 3673 372 3745 ignitis
393 3672 508 3727 stimulis
534 3673 705 3728 terebrabant
728 3688 854 3744 corpora.

61 3771 119 3827 lloc
132 3779 193 3826 sunt
208 3770 335 3834 haretici,
353 3771 399 3840 qui
415 3770 518 3825 nocivis
532 3771 701 3842 argumentis
722 3770 859 3842 simplices

61 3860 274 3916 circumveniunt
291 3868 396 3914 urentes
423 3874 516 3914 eorum
544 3858 657 3928 perfidia
685 3859 858 3926 terebrantes,

61 3956 89 4005 et
102 3948 136 4004 ad
151 3948 221 4021 ignis
235 3948 329 4003 aeterni
344 3948 466 4003 stimulos
480 3948 624 4004 deducunt.
649 3946 750 4016 Quarta
777 3948 859 4020 plaga

60 4047 135 4106 venit
148 4062 301 4102 muscarum
314 4046 447 4102 molestia.
463 4047 498 4101 Et
513 4054 575 4101 sunt
589 4046 736 4116 importuni
751 4045 780 4099 ιι
803 4059 858 4099 sae-

60 4135 145 4192 culari
163 4136 317 4206 eloquentia
336 4135 381 4205 qui
403 4151 499 4190 carnes
512 4135 669 4190 alterutmm
699 4150 746 4205 per
768 4133 859 4189 arari·

62 4226 127 4281 tiam
146 4225 287 4291 lacerant,
308 4231 335 4278 et
353 4223 506 4293 importuna
534 4223 639 4278 callidis
670 4222 761 4279 verbis
792 4222 859 4277 alios

61 4323 205 4393 impetunt,
221 4329 250 4375 ut
263 4320 335 4376 bona
350 4335 442 4376 eorum
458 4319 590 4375 auferant.
607 4319 706 4388 Quinta
719 4319 802 4390 plaga
821 4326 861 4374 est

914 3500 974 3567 Dei,
989 3499 1104 3571 septima
1117 3495 1211 3552 filiatio
1226 3495 1286 3552 Dei.
1299 3497 1362 3552 Haec
1378 3496 1415 3551 ita
1430 3497 1519 3567 primo
1541 3497 1600 3553 loco
1619 3495 1717 3552 distin·

913 3596 1030 3662 guantur
1044 3596 1072 3643 ut
1099 3586 1282 3660 intelligantur
1309 3585 1368 3655 ipsa
1402 3585 1467 3641 vitia
1495 3586 1604 3657 quidam
1620 3586 1718 3642 animae

914 3680 1060 3752 languores
1090 3676 1147 3734 sive
1166 3676 1278 3731 vulnera
1311 3674 1429 3730 hominis
1461 3675 1605 3742 interioris,
1629 3676 1717 3747 ipsum

914 3795 978 3835 vero
1013 3778 1151 3833 hominem
1187 3776 1262 3848 quasi
1295 3782 1438 3848 aegrotum,
1467 3775 1603 3831 medicum
1628 3782 1718 3831 autern

914 3869 1000 3924 Deum
1013 3883 1020 3937 3
1033 3867 1105 3922 dona
1119 3882 1225 3936 quoque
1249 3864 1333 3919 sancti
1359 3863 1473 3933 Spiritus
1488 3862 1648 3929 antidotum,
1660 3863 1717 3917 vir-

913 3964 981 4012 tutes
994 3972 1058 4013 vero
1080 3955 1232 4017 sanitatem,
1261 3952 1440 4008 beatitudines
1468 3956 1560 4005 autem
1581 3950 1715 4006 felicitatis

914 4054 1056 4128 gaudium.
1076 4054 1144 4108 Sunt
1171 4065 1237 4123 ergo
1253 4049 1317 4106 vitia
1332 4047 1460 4120 capitalia
1474 4054 1587 4119 septem,
1605 4063 1638 4103 ex
1653 4048 1717 4119 qui-

914 4143 965 4199 bus
978 4141 1103 4197 universa
1131 4140 1203 4194 mala
1226 4138 1356 4193 oriuntur.
1377 4136 1412 4189 lli
1439 4141 1500 4190 sunt
1520 4135 1606 4191 fontes
1628 4135 1717 4208 abyssi

916 4231 1096 4296 tenebramm,
1117 4227 1150 4283 de
1184 4226 1282 4297 quibus
1300 4224 1411 4279 flumina
1436 4223 1580 4296 Babylonis
1607 4233 1715 4296 exeunt,

915 4339 941 4385 et
957 4331 983 4384 io
1000 4344 1108 4385 omnem
1138 4335 1237 4383 terram
1258 4323 1382 4388 deducta,
1411 4322 1547 4379 stillicidia
1566 4324 1719 4395 iniquitates

60 4410 216 4482 pestilentia
234 4411 370 4479 perimens
389 4409 526 4464 animalia·
547 4410 595 4464 Esl
613 4415 702 4464 aulem
724 4407 795 4463 sss’llfl
827 4407 863 4461 li·
877 4415 904 4475 D
919 4417 1082 4474 diffundunt.
1106 4416 1146 4472 De
1174 4414 1273 4486 quibus
1285 4412 1441 4468 fluminibus
1454 4412 1595 4468 Psalmista
1608 4415 1634 4469 in
1654 4430 1719 4487 per-

60 4499 127 4556 bido
143 4499 333 4555 irrationaliter
346 4497 467 4554 viventes
482 4497 650 4565 interimens,
676 4503 704 4552 at
726 4497 753 4550 in
777 4496 863 4565 turpi-

61 4597 159 4655 tudine
173 4596 340 4668 putrefactos
355 4595 524 4651 daemonibus
547 4595 623 4665 quasi
650 4594 761 4651 canibus
789 4593 863 4649 lace·

60 4685 162 4743 randos
177 4701 326 4757 exponens.
344 4683 429 4739 Sexta
455 4681 536 4755 plaga
560 4682 744 4754 producuntur
765 4683 862 4738 resicae

63 4776 199 4831 ferventes
213 4781 240 4829 et
254 4773 356 4829 ulcera.
376 4772 472 4830 Ulcera
486 4780 547 4827 suut
561 4772 716 4828 dolositates
744 4771 863 4828 malitio-

60 4887 154 4927 somm
179 4870 278 4925 vesicae
306 4867 459 4924 inflationes
490 4869 679 4938 superbomm.
712 4869 745 4923 lli
778 4869 864 4925 malos

62 4960 229 5028 excruciant,
246 4965 273 5014 et
291 4957 411 5014 moribus
439 4958 494 5012 suis
522 4957 654 5013 stellantes
683 4958 760 5028 quasi
790 4964 864 5029 peste

62 5049 217 5118 deturpant.
234 5046 355 5117 Septima
369 5045 449 5117 plaga
464 5053 525 5100 sunt
539 5046 653 5118 grando,
671 5045 742 5118 ignis
757 5052 782 5101 et
796 5046 865 5101 toni·

63 5154 136 5202 trua.
160 5146 289 5201 Tonitrua
308 5153 369 5201 sunt
388 5154 502 5201 terrores
521 5144 683 5217 principum,
704 5144 809 5216 grando
839 5149 865 5198 et

63 5243 147 5316 ignis,
162 5243 266 5299 saevitia
284 5244 455 5316 predonum.
488 5244 522 5298 lli
549 5243 647 5315 impios
675 5243 863 5313 examinant,

63 5339 130 5396 dum
149 5354 196 5395 eoa
223 5354 286 5394 cum
316 5341 398 5396 rebus
428 5340 560 5396 violenter
590 5339 730 5412 dissipant.
763 5338 865 5396 Octava

63 5438 148 5514 plaga
162 5443 189 5493 et
201 5436 320 5493 bruchus
334 5446 361 5494 et
387 5440 499 5495 locasti.
529 5438 625 5495 ltruchi
648 5446 710 5495 sunt
743 5455 864 5509 voraces,

63 5538 176 5595 locuta
189 5536 337 5604 discordes,
354 5538 536 5610 voluptatibus
562 5538 696 5595 salientes.
725 5538 759 5594 ιιι
786 5537 865 5595 dores

64 5625 194 5685 arborum
208 5633 235 5683 et
247 5634 371 5699 segetum
385 5626 542 5684 devorando
556 5627 710 5695 corrodunt,
733 5627 797 5698 quia
820 5633 865 5683 ta-

65 5716 107 5775 lea
119 5714 195 5773 bona
207 5712 341 5773 (loedoria
354 5732 403 5789 per
415 5731 500 5788 prava
513 5717 641 5791 exempla
653 5724 681 5776 et
691 5716 764 5775 mala
776 5715 865 5774 collo·

225 5840 358 5903 Parnon.
382 5839 502 5907 CLVII.

918 4524 985 4564 sona
997 4507 1090 4579 populi
1104 4504 1191 4559 fidelis
1216 4503 1313 4560 cecinit
1333 4501 1425 4558 dicans
1441 4520 1447 4558 :
1466 4526 1477 4550 ι
1497 4502 1584 4572 Super
1606 4503 1719 4561 flumine

919 4604 1072 4676 Babylonis,
1090 4628 1101 4653 u
1119 4611 1173 4659 etc.
1192 4603 1283 4673 (Prot.
1302 4602 1428 4671 ιιιιιί.)

956 4696 995 4751 ιιι
1010 4694 1051 4749 his
1078 4701 1180 4765 septem
1196 4692 1267 4746 vitiis
1295 4689 1473 4746 cusatoribus
1486 4689 1597 4745 humaui
1611 4689 1719 4761 generis

922 4792 949 4841 et
976 4784 1127 4841 universam
1154 4781 1335 4851 integritatem
1365 4786 1467 4834 naturae
1486 4777 1719 4848 cormmpentibus

921 4882 1054 4952 simulque
1081 4878 1214 4934 malorum
1229 4876 1349 4932 omnium
1373 4876 1496 4948 germina
1508 4873 1718 4945 producentibus

922 4978 1049 5042 quantum
1070 4969 1103 5024 ad
1122 4982 1240 5039 praesens
1259 4964 1398 5037 negotium
1429 4962 1621 5034 explicandum
1640 4961 1717 5018 suffi-

920 5078 981 5116 cere
999 5067 1125 5129 putamus
1141 5056 1296 5126 loquamur.
1321 5053 1430 5124 Septem
1463 5067 1528 5123 orgo
1547 5059 1616 5116 sunt,
1638 5059 1666 5107 et
1684 5070 1718 5108 ex

921 5158 1025 5213 histria
1039 5156 1177 5212 hominem
1206 5152 1366 5223 despoliant,
1388 5156 1511 5220 quartum
1540 5151 1718 5223 exspoliatum

921 5247 1049 5321 flagellat,
1066 5245 1186 5315 quintum
1201 5241 1365 5314 flagellatum
1385 5238 1468 5309 ejicit,
1484 5246 1588 5293 sextum
1603 5239 1717 5308 ejectum

921 5337 1032 5403 seducit,
1052 5333 1196 5407 septimum
1223 5330 1362 5385 seductum
1389 5327 1507 5397 subjicit.
1523 5326 1656 5399 Superbia
1673 5345 1721 5385 au·

923 5434 974 5489 fert
987 5430 1090 5487 homini
1118 5429 1215 5497 Deum,
1228 5425 1330 5482 invidia
1349 5424 1436 5481 aufert
1454 5422 1478 5477 ei
1496 5423 1663 5493 proximum,
1679 5426 1719 5482 ira

921 5522 1010 5579 aufert
1022 5520 1047 5576 ei
1062 5518 1190 5589 seipsum.
1207 5514 1324 5572 Tristitia
1350 5512 1494 5585 spoliatum
1511 5511 1640 5586 flagellat,
1656 5529 1719 5571 aaa·

921 5612 983 5669 ritia
995 5608 1160 5683 flagellatum
1175 5604 1258 5678 ejicit,
1272 5603 1336 5677 gula
1350 5602 1466 5674 ejectum
1480 5600 1594 5669 seducit,
1609 5602 1721 5657 luxuria

921 5707 1063 5769 seductum
1084 5703 1212 5767 seruituti
1232 5700 1464 5774 abiecimus
1474 5689 1750 5751 casamassa-

1602 5799 1659 5857 ‘bk
