3780 6038
139 257 192 315 939
708 250 880 311 wessaut
900 252 1042 309 itaartTls
1056 254 1089 310 S.
1110 255 1222 312 BLASll
1742 264 1792 321 alt

140 384 196 441 iso.
212 381 306 451 extu.)
321 401 334 429 ο
351 379 447 445 Edom,
464 380 536 451 quod
554 379 652 436 dicitur
682 382 766 451 rosas
790 387 832 435 est
861 378 933 433 Esau
947 380 976 442 A
989 378 1112 434 Claristus
1126 379 1316 453 voluitligari,
1331 381 1465 456 cruciligi,
1477 385 1661 455 pertriduum
1674 381 1793 459 quiesce·

140 479 307 551 appellatus,
323 485 434 549 propter
449 476 538 532 relum
553 477 721 548 pulmentum
737 492 792 549 quo
817 492 833 530 a
854 475 938 531 fratre
992 491 1033 544 re,
1052 476 1094 533 sic
1110 492 1159 532 nos
1175 479 1306 535 debemus
1321 496 1418 535 sensus
1432 489 1550 547 nostros,
1573 498 1610 554 qu
1629 490 1697 537 sunt
1719 483 1795 553 pueri

139 583 189 625 suo
202 568 286 623 Jacob
301 574 342 623 est
356 565 474 623 cibatus.
490 566 518 621 A
534 581 588 636 quo
598 567 670 622 dicta
680 573 724 622 est
732 565 809 637 regio
818 565 940 620 idumaea
992 564 1052 621 sine
1065 566 1231 640 paedagogo,
1247 584 1334 638 equus
1349 585 1467 624 currens
1479 570 1537 626 sine
1552 570 1653 643 auriga
1664 579 1692 628 ει
1702 570 1789 640 irena,

139 658 167 713 iu
183 673 236 728 qua
250 663 330 728 caput
344 654 422 728 regni
437 661 498 710 erat
510 654 605 711 civitas
629 656 729 711 bosra.
757 656 786 709 ln
809 654 860 709 hae
887 653 939 710 lob

141 744 278 819 regnavit,
307 745 355 818 qui
383 760 432 800 sua
461 743 616 801 infirmitate
645 742 746 799 Christi
782 742 939 815 passionem

140 844 332 919 praefiguravit.
351 843 473 900 Christus
484 843 519 899 de
530 843 616 900 Edem
626 843 709 911 yenit,
725 842 792 898 dnm
808 859 824 897 a
852 841 941 913 genti·

139 936 191 991 bus
202 950 311 1006 passos.
327 948 392 990 caro
409 932 469 1004 ejus
483 932 619 1007 sanguine
634 931 738 988 rubuit.
765 931 855 987 Vestis
876 930 939 1000 ejus

139 1032 169 1082 lu
180 1026 265 1080 Bosra
279 1023 404 1096 tingitur,
416 1022 481 1077 dum
492 1022 519 1076 in
532 1022 756 1091 Hierosolymam,
775 1037 835 1092 qrrae
859 1026 940 1090 caput

141 1112 290 1186 regniluit,
305 1111 393 1167 vestis
409 1111 469 1179 ejus
490 1109 625 1182 sanguine
645 1109 811 1182 aspergitur.
837 1108 887 1164 Hic
910 1115 940 1163 ut

140 1212 250 1284 phoenix
266 1219 402 1267 sarmenta
415 1208 617 1266 odoriferarum
638 1208 768 1263 arborum
793 1207 819 1261 in
844 1206 938 1262 nidum

140 1301 262 1373 collegit,
285 1300 349 1355 dum
373 1299 483 1369 scriptis
507 1298 701 1368 prophetamm
721 1295 938 1366 Hierosolymam

139 1389 266 1459 replevit.
281 1386 392 1442 Eisdem
415 1402 479 1442 vero
502 1385 653 1441 sarmentis
675 1385 846 1450 conburitur,
874 1383 938 1438 dum

139 1477 290 1534 secundum
303 1476 377 1532 dieta
390 1476 586 1547 prophetarum
602 1475 629 1528 in
645 1474 863 1544 Hierosolymam
874 1472 938 1544 igne

140 1575 278 1649 passionis
298 1573 476 1630 consumitur.
503 1573 596 1629 Tertia
616 1572 661 1627 die
689 1571 748 1626 avis
781 1578 936 1641 reparatur,

141 1664 205 1736 quia
220 1663 346 1719 Christus
362 1663 441 1718 tertia
464 1662 512 1717 die
536 1678 554 1716 a
578 1663 657 1715 l‘atre
680 1660 838 1715 suscitatur.
868 1658 937 1713 lllud

992 669 1007 709 a
1022 663 1149 711 veterana
1156 657 1353 714 cousuetudine
1367 658 1525 729 probibere,
1541 667 1567 715 et
1582 660 1671 717 clavis
1682 660 1792 730 justitiae

993 750 1020 807 in
1035 768 1116 808 eruce
1131 753 1307 824 poenitentiae,
1329 754 1482 811 immobiles
1509 755 1591 812 valde
1618 764 1648 813 et
1677 758 1793 815 insensi-

994 840 1061 896 biles
1074 855 1108 897 ac
1123 850 1245 925 mortuos
1260 842 1369 899 eilicere
1384 851 1413 899 ut
1427 844 1529 900 mundo
1553 844 1793 920 cmeiflgamurin

992 929 1082 985 nobis.
1113 929 1189 985 llulti
1217 930 1413 1003 crucifiguntur
1439 932 1544 988 mundo
1581 950 1639 990 non
1674 934 1792 995 mundus

992 1017 1060 1091 ipsis
1077 1036 1083 1072 :
1100 1018 1168 1074 tales
1182 1026 1209 1074 et
1223 1019 1346 1090 despecti
1357 1028 1420 1076 sunt
1433 1021 1545 1089 mundo,
1561 1023 1611 1079 sed
1625 1023 1683 1096 ipsi
1702 1033 1794 1082 amant

992 1115 1137 1172 mundum.
1157 1117 1189 1171 Hi
1205 1118 1307 1174 mundo
1321 1120 1421 1174 mortui
1436 1128 1508 1187 sunt,
1525 1120 1648 1178 sednon
1673 1124 1794 1181 mundns

992 1206 1071 1277 ipsis.
1089 1205 1188 1261 Paulus
1201 1215 1229 1261 ut
1245 1217 1451 1278 purgamentum
1468 1209 1562 1264 muudi
1585 1219 1658 1277 erat,
1684 1228 1737 1271 nec
1758 1213 1793 1272 de

992 1298 1094 1349 mundo
1104 1295 1227 1351 curabat.
1245 1296 1326 1352 Unde
1341 1296 1399 1352 ait:
1430 1320 1440 1344 ι
1467 1298 1531 1353 Hihi
1555 1301 1679 1357 mundus
1705 1303 1795 1360 cruci·

992 1382 1065 1439 linus
1080 1390 1122 1438 est
1137 1391 1163 1439 et
1178 1400 1231 1457 ego
1245 1386 1347 1439 mundo
1361 1386 1469 1451 (Galat.
1489 1388 1538 1451 st).
1556 1411 1568 1437 ι
1590 1387 1647 1458 Qui
1670 1391 1710 1448 sia
1732 1406 1793 1448 eum

992 1480 1099 1536 Christo
1121 1479 1296 1553 cmciligitur,
1322 1482 1430 1538 Christo
1454 1485 1650 1556 consepelitur,
1676 1495 1707 1543 ut
1730 1496 1794 1563 agat

992 1568 1141 1639 spiritalem
1156 1570 1364 1624 sabbatismum.
1392 1572 1457 1628 Haec
1487 1581 1527 1628 est
1559 1583 1655 1631 sancta
1683 1580 1794 1650 requies

992 1672 1072 1729 quam
1089 1658 1218 1729 praecepit
1232 1659 1364 1714 Dominus
1378 1661 1534 1718 observari.
1550 1664 1615 1720 Haec
1633 1672 1677 1720 est
1704 1667 1795 1738 prima

140 1760 233 1810 autem
244 1753 317 1824 quod
334 1759 442 1823 gestum
457 1750 542 1807 estin
562 1749 677 1815 Christo,
695 1765 748 1805 nou
763 1756 869 1803 tanturn
891 1764 936 1803 re·
950 1736 976 1796 B
991 1746 1079 1809 diaeta,
1092 1746 1340 1803 scilicctdecliuare
1350 1765 1364 1803 a
1375 1748 1456 1804 malo.
1468 1749 1618 1807 Tristitiam
1642 1754 1795 1813 Dominiase

137 1842 269 1910 medium,
285 1841 430 1897 sedetiam
446 1840 494 1895 luit
509 1846 720 1896 sacramentum.
738 1837 867 1908 Oportuit
882 1837 937 1910 igi-

141 1947 224 1996 turnt
238 1939 380 1995 visibiliter
404 1938 472 1994 ioris
492 1936 578 1999 ficret.
604 1944 739 2008 quatenus
767 1935 834 1990 illud
864 1935 937 2007 quod

138 2029 166 2084 in
182 2028 262 2084 nobis
275 2027 451 2083 invisibiliter
466 2025 527 2081 lieri
540 2025 643 2092 debuit,
666 2022 845 2095 significaret.
872 2024 937 2079 Dies

139 2116 380 2190 ejosintrinsccus
408 2116 516 2170 luerunt
545 2113 655 2170 nostri:
685 2112 744 2168 dies
771 2111 937 2168 intrinsecus

140 2206 282 2280 quaerendi
296 2212 367 2260 aunt.
385 2205 452 2260 Tres
476 2218 544 2274 ergo
564 2202 626 2257 dies
649 2201 782 2256 habemus
807 2200 937 2257 intrinse-

140 2321 200 2371 cus,
216 2303 315 2377 quibus
329 2300 496 2357 illuminatur
510 2299 602 2356 anima
622 2306 724 2354 nostra.
750 2298 796 2353 Ad
817 2297 936 2368 primum

34 2400 38 2405 '
139 2393 213 2450 dlem
225 2407 301 2448 mors
315 2391 444 2462 pertinet,
459 2389 496 2446 ad
511 2388 660 2445 secundum
671 2386 822 2459 sepultura,
832 2387 868 2442 nd
879 2394 935 2442 ter·

139 2481 208 2536 tium
224 2477 402 2536 resurrectio.

176 2576 301 2650 igiturin
316 2575 359 2631 his
374 2573 464 2629 tribus
493 2573 590 2629 diebus
616 2580 744 2628 notantur
772 2571 851 2627 etiam
880 2579 935 2628 tres

136 2667 228 2723 diaetae
243 2664 431 2730 medicinales,
449 2679 509 2734 quae
524 2669 586 2717 sunt
601 2670 695 2718 contra
709 2661 821 2716 morbos
842 2669 935 2716 veter·

138 2771 224 2812 nosos
243 2754 352 2809 salubre
384 2751 545 2816 antidotum,
580 2755 676 2806 contra
708 2749 934 2821 quadriduanum

136 2844 271 2900 Lazarum
287 2841 484 2914 supercoeleste
500 2840 667 2895 balsamum.
698 2839 754 2894 Has
782 2839 844 2893 ituri
873 2847 936 2894 sunt

136 2943 182 3017 qui
198 2941 314 2998 Domino
329 2948 392 2996 sunt
404 2937 594 2995 sacrificaturi.
609 2938 665 2994 Hoc
689 2937 742 2991 iter
766 2945 934 3007 praeceptum

136 3039 177 3089 est
193 3031 255 3086 liliis
270 3030 355 3085 lsrael
369 3029 409 3085 ire
438 3038 467 3083 ut
494 3024 683 3083 sacrificarent
711 3025 840 3092 Domino,
870 3041 933 3081 eum

990 1843 1128 1914 passionis
1141 1852 1236 1900 secuta
1251 1853 1292 1901 est
1308 1845 1397 1917 gloria
1414 1853 1440 1901 et
1455 1848 1587 1919 gaudium
1607 1852 1795 1910 resurreetio-

990 1932 1033 1987 nis
1046 1948 1052 1986 :
1069 1933 1112 1988 cui
1128 1942 1154 1988 et
1168 1950 1219 1988 nos
1234 1949 1473 2006 conresurgamus,
1488 1945 1516 1991 ut
1531 1936 1558 1992 in
1573 1960 1582 1985 ι
1595 1939 1721 1997 novitate
1732 1942 1796 1999 vita

989 2021 1160 2077 ambulemus
1175 2023 1262 2091 (Hom.
1279 2022 1328 2093 vr).
1348 2047 1359 2072 ι
1377 2025 1441 2081 Haec
1456 2027 1628 2083 estsecuuda
1639 2027 1796 2100 diaeta,hoc

990 2118 1031 2166 est
1043 2109 1249 2168 lacer-ebenum.
1260 2112 1352 2167 Tertia
1362 2112 1557 2171 diaetaestcum
1566 2116 1688 2174 Domino
1698 2135 1796 2176 ascen-

989 2207 1064 2273 dere,
1080 2215 1108 2262 ut
1122 2223 1176 2280 quo
1187 2209 1331 2279 precessit
1347 2218 1437 2281 caput,
1450 2220 1601 2282 sequantur
1615 2222 1645 2269 et
1659 2217 1795 2286 membra,

989 2314 1050 2370 quse
1061 2313 1171 2351 sursum
1181 2304 1244 2352 suut
1253 2298 1401 2370 quaerondo
1411 2307 1436 2355 et
1448 2301 1588 2372 sapiendo.
1597 2302 1678 2362 Hane
1686 2304 1796 2363 diaetam

991 2385 1054 2441 lacit
1067 2386 1156 2455 justus
1172 2387 1279 2458 quando
1295 2404 1410 2458 superna
1424 2390 1650 2462 contemplando,
1667 2395 1798 2466 exprimit

988 2474 1106 2530 alterum
1128 2474 1240 2530 Paulum
1269 2477 1313 2532 sel
1337 2475 1453 2532 alterum
1483 2479 1639 2550 bladinum,
1670 2482 1794 2541 dicens:

990 2594 1001 2619 ιι
1019 2570 1105 2642 Cupie
1123 2571 1246 2639 dissolvi,
1262 2580 1288 2628 et
1302 2590 1364 2629 esse
1375 2589 1435 2631 cum
1451 2575 1562 2634 cbristo
1578 2578 1722 2654 ,Philipp
1733 2584 1790 2653 1).-

989 2657 1068 2727 Quod
1084 2669 1125 2714 est
1142 2681 1153 2711 ι
1172 2669 1197 2716 et
1212 2661 1332 2716 inhabita
1360 2662 1387 2717 iu
1414 2664 1544 2721 saeculum
1573 2669 1670 2724 saeculi
1694 2658 1794 2740 (Psoi,

989 2750 1102 2820 xxxvi).
1124 2768 1135 2797 ι
1153 2749 1182 2806 Si
1198 2749 1246 2805 iras
1261 2751 1355 2806 diaetas
1371 2768 1438 2823 quas
1455 2755 1541 2810 Devid
1556 2754 1585 2813 in
1609 2757 1665 2814 boe
1686 2775 1794 2815 versu:

990 2839 1132 2893 «Declina
1152 2854 1168 2893 a
1187 2839 1263 2895 malo
1282 2848 1309 2895 et
1330 2841 1371 2897 lae
1400 2841 1512 2908 itanum,
1546 2852 1573 2900 et
1605 2845 1733 2904 inhabita
1768 2849 1796 2904 in

988 2927 1118 2982 saeculum
1146 2928 1238 2983 saculi
1271 2929 1406 3001 (ibid.),n
1436 2942 1646 3001 commemorat,
1676 2921 1796 3007 proees-

989 3024 1068 3088 seris‚
1085 3022 1246 3080 sacrificium
1261 3025 1484 3096 Dominooffers,
1501 3028 1547 3101 qui
1562 3045 1618 3085 non
1635 3029 1713 3088 aliud
1728 3049 1747 3088 a
1768 3040 1796 3090 te

136 3129 297 3179 eruerentur
313 3135 346 3175 ex
360 3118 489 3191 AEgypto.
506 3116 623 3171 blundus
638 3115 688 3171 ista
709 3124 751 3170 est
771 3114 933 3186 relinquen·
948 3106 972 3170 C
988 3112 1085 3180 uisite,
1098 3113 1590 3188 quinonaliudnisisededitprota.
1609 3120 1662 3177 Vel
1675 3120 1721 3177 bae
1737 3130 1794 3179 tres

135 3210 187 3266 dns
202 3225 256 3266 non
271 3209 343 3275 loco,
355 3206 405 3262 sed
415 3206 574 3272 animo,u0n
586 3205 714 3275 passibus
722 3201 934 3274 proficiscendo,

136 3307 185 3363 sed
204 3304 314 3363 actibus
337 3300 521 3375 proficiendo.
554 3302 654 3357 Harum
683 3301 765 3357 trium
795 3300 936 3356 diaetarum

135 3394 305 3451 mentionem
320 3391 384 3448 iacit
398 3390 529 3447 sacerdos
544 3406 626 3446 orans
638 3405 689 3461 pro
705 3405 735 3445 se
758 3397 785 3445 et
808 3404 857 3460 pro
880 3403 934 3460 po·

136 3482 212 3557 pulo,
229 3481 274 3537 ubi
289 3480 354 3536 dicit
370 3496 377 3534 ε
396 3502 408 3529 ι
426 3479 562 3535 llemores
586 3478 687 3534 divina
708 3476 848 3549 passionis
870 3483 933 3544 tuoe,

135 3585 189 3628 nec
203 3585 258 3626 nou
272 3567 402 3642 gloriosae
417 3565 626 3623 resurrectionis
637 3566 673 3622 ab
687 3565 792 3633 inieris,
804 3574 934 3622 etascen·

135 3656 220 3715 sionis
233 3657 262 3712 ln
275 3656 387 3713 coelum.
406 3676 418 3706 ι
443 3655 514 3711 Saue
539 3655 665 3711 ducatum
691 3654 771 3723 bujus
790 3652 933 3727 religionis

134 3747 306 3806 consecravit
322 3744 444 3800 cbristus
468 3750 553 3814 ceput
573 3751 694 3799 nostrum
720 3742 807 3798 tribus
834 3742 933 3798 diebus

989 3199 1078 3256 diaeta
1088 3208 1151 3256 suut
1161 3209 1218 3256 tres
1226 3218 1374 3274 processus
1389 3219 1503 3277 quorum
1517 3206 1624 3278 primus
1643 3218 1686 3265 est
1706 3210 1794 3267 reliu-

989 3306 1076 3361 quere
1091 3291 1222 3360 peecaudi
1238 3293 1464 3349 consuetudinem
1481 3312 1488 3348 :
1504 3294 1575 3352 hanc
1585 3297 1718 3355 concedit
1738 3316 1793 3365 non

990 3386 1104 3442 multum
1120 3387 1218 3444 timens
1233 3389 1301 3460 parti
1319 3406 1387 3446 suae.
1403 3390 1529 3449 Secunda
1543 3392 1678 3452 deserere
1703 3406 1795 3454 aetum

989 3484 1141 3547 peceatum,
1158 3485 1186 3532 et
1202 3476 1273 3534 bane
1287 3479 1412 3534 coneedit
1437 3481 1543 3537 Pharao
1567 3483 1617 3539 sed
1642 3484 1747 3542 invitus
1768 3494 1796 3544 et

988 3564 1098 3619 timens.
1110 3566 1203 3622 Hestat
1214 3566 1294 3621 tertia
1307 3566 1479 3637 difficillima,
1495 3569 1583 3642 ipsam
1599 3588 1715 3647 quoqne
1732 3577 1795 3651 ooyi

988 3653 1126 3725 erpellere
1141 3670 1202 3726 qua
1217 3662 1258 3710 εει
1288 3656 1440 3714 recordatio
1464 3657 1629 3717 affectuosa.
1664 3662 1694 3719 si
1723 3665 1795 3724 hane

987 3742 1093 3799 diaetam
1123 3742 1209 3800 invito
1242 3743 1402 3802 adversario
1430 3757 1526 3805 nostro
1554 3754 1791 3828 processerimus,

133 3834 242 3906 mortis,
257 3833 477 3901 resurrectionis,
493 3831 674 3889 ascensionis.
691 3830 795 3898 Passio,
820 3829 932 3887 crucili-
985 3830 1075 3904 ipsum
1090 3831 1239 3890 cumomni
1255 3832 1355 3890 militis
1369 3833 1399 3890 in
1413 3836 1528 3894 nibilum
1540 3838 1721 3913 redigemus.

134 3925 189 3996 xio,
203 3924 353 3999 sepultura,
369 3929 454 3980 totum
474 3929 516 3978 ost
543 3935 598 3977 una
626 3919 717 3977 diaeta.
752 3920 829 3978 Sicut
858 3919 932 3977 enim

344 4366 656 4474 DOHlNlCA
691 4369 713 4471 l
752 4365 918 4472 POST
960 4365 1258 4476 OCTAVAS
1293 4369 1585 4479 PASCHAE.

178 4668 189 4695 ι
205 4641 266 4719 Ego
281 4658 341 4700 sum
355 4648 447 4716 pastor
460 4641 561 4699 bonus.
580 4643 670 4698 Bonus
692 4649 788 4716 pastor
811 4640 934 4698 animam

140 4751 218 4792 suam
234 4734 340 4804 datpro
355 4731 453 4789 ovibus
468 4731 524 4786 suis
539 4733 631 4799 (loon.
648 4731 686 4803 x).
704 4754 715 4781 ι
732 4732 793 4788 Non
808 4747 841 4787 ex
866 4730 941 4787 acci-

140 4823 214 4881 denti
229 4824 277 4879 sed
291 4820 471 4878 essentialiter
487 4827 528 4875 est
542 4820 641 4887 bouus,
658 4820 704 4891 qul
725 4820 839 4876 sormam
863 4818 943 4874 boni-

140 4923 201 4977 tatis
212 4937 293 4993 quam
304 4917 585 4991 imitemuradjungit,
594 4918 689 4974 dicens
701 4934 707 4970 :
724 4939 735 4969 ι
747 4919 942 4989 bouuspastor

142 5012 261 5068 animam
277 5026 351 5065 suam
367 5009 414 5065 dat
430 5024 479 5079 pro
505 5007 606 5062 oribus
634 5006 703 5062 suis.
726 5030 737 5057 ιι
767 5007 843 5063 Fecit
869 5005 942 5077 quod

143 5100 257 5161 ruonuit,
273 5099 393 5154 ostendit
409 5097 482 5170 qrrod
494 5095 595 5166 jussit;
610 5096 733 5149 enimam
748 5095 849 5166 posuit,
865 5102 894 5148 ut
914 5094 941 5149 iu

143 5196 265 5252 sacrario
278 5204 370 5251 nostro
381 5211 481 5267 corpus
492 5210 571 5249 suurn
583 5200 609 5248 et
628 5194 789 5264 sauguinem
812 5199 941 5258 verteret,

144 5293 170 5341 ει
184 5300 250 5340 oyes
265 5301 331 5356 quas
346 5284 491 5339 redimerat
510 5282 599 5339 carnis
609 5297 663 5338 susc
674 5282 803 5337 alimento
814 5281 937 5336 satiaret.

145 5374 265 5428 Primum
281 5381 321 5428 est
337 5372 473 5427 exteriora
486 5379 581 5426 nostra
605 5370 821 5427 misericorditer
844 5369 942 5426 ovibus

145 5470 304 5541 impendere
315 5489 322 5536 ·,
334 5477 502 5539 postrenum,
519 5469 542 5523 si
557 5485 672 5525 neeesse
693 5467 740 5536 sit,
764 5483 815 5539 pro
836 5467 941 5523 eisdem

145 5559 224 5615 mori.
233 5558 437 5615 Undeloannes
447 5556 473 5610 in
483 5556 606 5627 Epistola
617 5573 700 5612 suan
726 5556 800 5613 Sicut
814 5556 941 5612 Cirr-istus

128 5649 349 5706 animamarum
361 5661 414 5722 pro
430 5645 511 5704 nobis
525 5644 621 5721 posuit
647 5645 689 5705 sic
702 5653 730 5704 et
742 5661 795 5704 nos
808 5645 943 5703 debemus

990 4641 1109 4714 pastoris
1122 4644 1157 4699 ad
1171 4643 1356 4703 differentiam
1370 4647 1534 4705 mercenarii
1548 4648 1594 4707 vel
1617 4650 1708 4712 furis.
1730 4656 1798 4728 Qui·

995 4746 1112 4805 cumque
1125 4735 1264 4805 prepositi
1273 4735 1406 4792 Ecclesiae
1416 4745 1479 4793 sont
1488 4737 1537 4794 lilii
1546 4747 1611 4796 sunt
1622 4745 1799 4814 pastores.Sl

995 4837 1117 4899 pastores
1133 4831 1269 4902 quomodo
1284 4849 1354 4888 unus
1370 4841 1474 4904 pastor.
1486 4835 1539 4890 nisi
1551 4837 1615 4908 quia
1626 4848 1799 4900 suntomnes

994 4919 1118 4975 membra
1130 4920 1348 4992 uniuspastoris,
1368 4922 1446 4992 cujus
1471 4932 1534 4980 sunt
1553 4940 1623 4983 oves
1652 4929 1797 5002 propriael

1034 5018 1254 5074 «blercenarios
1274 5028 1376 5085 autem,
1397 5029 1424 5077 ει
1453 5022 1499 5094 qui
1527 5039 1582 5078 non
1615 5034 1660 5082 est
1693 5038 1797 5100 pastor,

995 5104 1074 5176 cujus
1090 5123 1144 5163 non
1160 5110 1434 5181 suntovcspropriae,
1446 5111 1513 5166 vidit
1523 5111 1619 5183 lupum
1629 5118 1798 5190 venientem,

995 5203 1021 5250 el
1036 5195 1146 5251 dimittit
1161 5213 1227 5252 oves
1243 5205 1270 5253 et
1285 5197 1361 5270 lugit,
1378 5206 1405 5254 et
1425 5198 1504 5270 lupus
1528 5200 1598 5273 rapit
1615 5211 1645 5260 et
1664 5204 1800 5283 dispergit

995 5298 1074 5340 oves.
1111 5286 1298 5342 Herceuarius
1317 5295 1409 5343 autem
1441 5287 1521 5361 fugit,
1556 5289 1622 5362 quia
1653 5310 1798 5355 mercena·

994 5380 1051 5436 rius
1066 5389 1116 5445 εει,
1135 5390 1161 5438 ει
1181 5399 1236 5439 nou
1251 5384 1369 5454 pertinet
1383 5385 1417 5440 ad
1433 5401 1497 5441 eum
1510 5385 1545 5443 de
1559 5387 1673 5447 oribus.
1697 5412 1710 5445 ι
1733 5394 1799 5465 Qui·

995 5485 1112 5543 cumque
1123 5472 1286 5543 praepositus
1301 5472 1433 5531 Ecclesia
1446 5473 1798 5551 quaerittemporsliaoom·

995 5559 1085 5625 moda,
1103 5567 1130 5614 et
1153 5575 1208 5615 non
1238 5576 1268 5616 ea
1293 5579 1353 5635 quae
1381 5573 1443 5619 sunt
1470 5562 1583 5634 coristi,
1607 5572 1799 5631 mercenarios

995 5654 1047 5705 est.
1056 5647 1096 5704 lle
1102 5647 1201 5704 talibus
1207 5647 1272 5706 dicit
1284 5651 1433 5709 Dominus:
1450 5652 1632 5715 «Ameadico
1641 5658 1735 5735 vobis,
1749 5672 1798 5722 ie·

105 5763 165 5821 pro
178 5746 314 5808 fratribus
324 5748 473 5825 penerel!
479 5748 566 5810 lons.
576 5747 631 5823 ru).
647 5767 661 5803 ι
674 5743 744 5809 Hos
754 5754 798 5808 est
807 5746 955 5823 proprium
1006 5745 1315 5821 oepamntmereedam
1326 5749 1533 5818 anamulata,
1549 5750 1606 5821 ab.
1617 5750 1641 5805 ι’
1656 5756 1797 5821 ιω...
