3780 6038
54 269 124 329 123³
518 258 812 320 nnttotttttotttts
830 258 883 317 SS.
906 258 1059 319 terrun.
1074 290 1109 303 -
1123 260 1189 318 Llli.
1209 262 1248 319 ll.
1636 256 1706 317 teat

55 397 128 468 quod
151 393 317 467 praeparavit
330 389 506 464 diligentibus
520 406 550 445 sc
565 405 581 444 a
595 387 689 443 mundi
704 386 849 458 principio,
864 384 892 445 A
906 387 971 458 qnid
986 387 1092 458 lapides
1106 387 1265 457 angulares,
1281 387 1347 461 quid
1368 386 1566 461 pavimentum,
1582 384 1645 457 quid
1661 383 1702 441 ie·
1747 398 1753 409 ¹

53 485 123 539 sicut
137 485 173 539 ibi
191 502 197 539 :
217 508 228 532 a
251 483 393 553 Quotquot
407 489 495 533 nutent
512 486 676 544 receperunt
690 493 762 540 eum,
777 476 853 530 dedit
906 485 1013 542 nestrae,
1023 476 1088 547 quid
1098 477 1195 542 altare,
1207 478 1272 549 qnid
1283 494 1423 548 campanae
1442 476 1587 547 designent
1602 473 1700 529 viden-

54 573 95 628 eis
114 581 278 644 potestatem
302 570 375 625 filios
400 568 449 623 Dei
473 567 542 633 lieri,
566 568 610 621 itis
636 568 680 639 qui
696 565 810 620 credunt
824 564 852 619 in
905 565 969 620 dum
985 567 1063 621 vobis
1078 567 1139 621 erit.
1151 567 1344 623 Cutmeteriutn
1357 568 1446 637 itaque
1460 561 1700 634 denotatrequiem

53 671 164 725 nomine
178 670 239 738 ejus
254 670 351 737 (loen.
371 668 401 735 t).
418 688 429 713 u
447 665 474 720 Si
490 662 535 719 lilii
551 664 611 732 ejus
626 662 725 717 luerint
744 669 770 716 et
783 676 851 717 con-
906 684 985 738 quam
1001 669 1111 724 interra
1125 678 1319 739 postmortem
1337 669 1469 723 babemus
1487 682 1572 738 usque
1586 665 1615 720 in
1628 665 1701 721 diem

53 772 173 829 sequens
188 758 238 812 erit
252 764 281 811 ut
296 764 323 811 et
337 771 419 827 reges
434 754 498 809 sint.
521 752 601 820 Quod
617 752 640 806 si
660 766 741 819 reges
755 748 851 819 sequi·
906 756 1068 811 universalis
1084 758 1304 821 resurrectionis,
1318 774 1379 813 curn
1395 757 1422 811 in
1437 755 1554 827 patriam
1569 754 1642 809 illam
1656 754 1701 809 in-

54 862 100 911 tur
114 864 142 910 ut
157 854 345 925 unusquisque
355 852 477 921 regalem
493 849 631 921 possideat
646 848 750 916 sedem,
766 864 852 902 unus·
905 845 1078 899 tenuerimus.
1100 846 1178 902 Unde
1205 847 1334 916 scriptum
1351 852 1393 900 est
1409 862 1415 899 :
1435 847 1493 899 «ln
1506 843 1618 898 domum
1642 843 1702 898 De-

55 945 171 1016 quisque
197 942 339 1014 proprium
367 941 466 995 babeat
496 955 619 1011 regnum.
644 939 850 1001 dexterrimus,
906 939 1704 1013 minilaetantesibimusql’sol.cxxi).aLimeuvere,ubi

55 1031 149 1104 plures
163 1033 269 1087 babens
284 1030 355 1084 sttios
371 1045 426 1084 non
450 1029 503 1082 nisi
526 1044 608 1082 unum
623 1025 723 1098 poterit
737 1025 851 1095 imperio

55 1130 205 1186 sublimare
221 1146 228 1182 ε
246 1144 296 1184 rex
311 1134 401 1180 autem
416 1141 533 1195 regnum
557 1132 623 1195 quot
642 1122 713 1177 tilios
728 1122 853 1177 babuerit

56 1224 96 1274 tot
122 1233 239 1272 coronas
263 1215 410 1285 unicuique
436 1215 462 1267 in
479 1228 633 1285 regnasua
649 1211 754 1266 tribuit.
774 1210 853 1280 Qttod

55 1306 218 1378 promissum
234 1320 287 1358 nott
308 1312 349 1359 est
371 1308 504 1363 nostrum,
531 1301 581 1355 sed
605 1300 702 1355 Christi
727 1300 772 1370 qui
787 1298 855 1365 dixit

56 1411 106 1451 suo
122 1392 327 1448 l‘etrietelesti:
345 1414 356 1440 e
374 1392 434 1446 Non
450 1407 499 1461 pro
514 1390 556 1443 lris
571 1397 674 1442 tantum
699 1404 781 1460 rogo,
805 1387 853 1442 sed

55 1509 106 1563 pru
121 1492 161 1547 eis
176 1491 220 1561 qui
233 1488 364 1544 credituri
378 1495 439 1542 sunt
453 1503 502 1557 per
519 1486 635 1540 verbam
650 1501 744 1539 cerunt
757 1484 783 1537 in
800 1500 853 1551 nte,

55 1586 84 1637 ut
103 1596 203 1635 omnes
225 1594 306 1633 unum
324 1577 388 1641 sint,
414 1576 483 1631 sicut
499 1583 529 1629 tu
545 1576 626 1628 Pater
645 1574 673 1628 in
689 1590 743 1640 me,
760 1580 786 1627 et
801 1588 854 1644 ego

56 1667 84 1724 in
99 1677 134 1735 te,
150 1677 179 1722 ut
191 1676 218 1723 et
232 1667 283 1738 ipsi
299 1667 326 1719 in
341 1666 419 1721 nobis
442 1680 526 1719 unum
555 1664 621 1725 sint,
637 1669 708 1717 utut
736 1662 854 1715 mundus

907 1032 1021 1101 primum
1035 1032 1166 1101 templum
1183 1032 1327 1099 intramus,
1350 1038 1426 1086 notat
1450 1038 1571 1085 veterem
1587 1029 1676 1100 legem
1693 1043 1701 1097 ;

907 1129 984 1175 antes
1000 1128 1088 1174 antem
1104 1120 1283 1191 apostolicam
1298 1121 1449 1177 doctrinam
1461 1129 1486 1175 ει
1500 1117 1703 1190 evangelicam

906 1231 999 1293 postes
1014 1239 1081 1293 quos
1097 1222 1140 1277 vel
1155 1239 1238 1294 super
1253 1223 1387 1287 liminare,
1400 1222 1472 1293 quod
1485 1229 1627 1292 utrumque
1641 1236 1707 1276 con-

907 1310 983 1375 tinet,
1000 1310 1135 1382 significat
1152 1312 1237 1367 sancti
1252 1311 1368 1380 Spiritus
1383 1310 1517 1382 gratiam
1536 1308 1620 1380 janua
1640 1323 1706 1365 vero

907 1412 1027 1467 totaliter
1041 1428 1102 1468 eum
1114 1413 1172 1467 istis
1189 1412 1365 1467 dinumeratis
1377 1412 1500 1483 partibus
1514 1410 1597 1466 fidem
1607 1412 1705 1468 eatba-

907 1498 997 1567 licam,
1022 1516 1071 1570 per
1086 1517 1168 1572 quam
1190 1502 1348 1557 Ecclesiam
1371 1502 1519 1555 intremus.
1539 1500 1661 1566 lluralia,
1677 1500 1705 1555 itt

907 1588 1004 1661 quibus
1019 1588 1087 1658 lapis
1103 1605 1187 1660 super
1202 1590 1322 1660 lapidem
1346 1597 1388 1645 est
1410 1588 1527 1660 positus,
1544 1595 1619 1642 uetat
1634 1587 1707 1658 quod

910 1690 1097 1762 unusquisque
1112 1699 1235 1747 nestrum
1247 1692 1376 1746 damnum
1391 1699 1482 1761 portet
1497 1688 1620 1755 alterius,
1637 1689 1707 1745 sicut

56 1766 229 1837 credilium
257 1773 285 1819 ¹¹¹
315 1779 359 1819 ¹¹¹⁰
386 1762 483 1817 mi-‘isfi
512 1762 701 1827 wandini·
723 1784 733 1807 ''
752 1736 1044 1848 Unde²I3ecriptum
1061 1788 1102 1834 est
1119 1797 1126 1833 z
1144 1803 1155 1826 ι
1172 1780 1249 1835 diter
1277 1779 1391 1834 alterius
1416 1794 1500 1834 onera
1516 1785 1633 1848 portate,
1648 1785 1704 1833 etc.

59 1881 71 1907 ι
93 1857 185 1912 Nolite
195 1855 317 1927 dilegere
328 1853 471 1919 mundum,
483 1866 576 1922 neque
591 1866 624 1905 ea
638 1866 698 1922 ques
714 1850 741 1903 in
753 1849 856 1904 mundo

56 1953 119 2002 suttt
133 1946 160 2011 (l
171 1946 253 2001 donn.
269 1946 311 2011 tt).
331 1964 342 1989 t»

91 2042 168 2096 Dixit
181 2040 252 2095 eninr
270 2038 456 2095 Ecclesiastes
473 2054 479 2093 :
500 2059 510 2084 ι
530 2036 649 2091 t‘eettas
665 2036 813 2092 vanitatum
829 2043 855 2089 ει

56 2131 149 2187 omnia
163 2129 268 2184 vanitas
284 2129 387 2195 (Eccle.
404 2136 448 2197 tt).
474 2149 484 2175 n
508 2126 607 2181 Omnia
623 2142 684 2197 quan
703 2125 731 2179 in
753 2124 855 2178 mundo

57 2229 130 2284 sunt,
145 2217 367 2287 corruptibiliaet
381 2223 567 2270 veneramen.
592 2214 626 2269 Et
648 2216 700 2269 boc
720 2212 855 2269 describi-

57 2324 101 2372 tur
121 2332 127 2371 :
147 2339 158 2363 e
176 2315 247 2371 Vidit
258 2316 333 2371 Deus
343 2322 442 2371 cuncta
453 2329 513 2384 quae
533 2311 643 2378 iecerat,
656 2320 683 2367 ει
691 2319 766 2366 crant
776 2309 855 2367 valde

57 2408 130 2461 bona
144 2405 223 2473 (Gen.
239 2408 284 2473 tl»
302 2402 383 2472 Quod
398 2401 420 2456 si
436 2403 518 2469 bona,
537 2401 608 2456 unde
626 2400 721 2455 venat
738 2398 854 2463 Coelnm,

58 2503 142 2559 terra,
165 2493 217 2559 sol,
242 2492 315 2557 lana,
346 2500 420 2546 astra
450 2491 564 2555 nobilia,
595 2489 740 2560 splendide
770 2487 856 2543 iacies

57 2582 167 2654 ltlovsi;
185 2579 351 2637 haecomnia
375 2578 499 2650 prodiere
516 2578 617 2633 abone
639 2578 777 2639 Creutere,
793 2576 855 2632 idce

58 2679 144 2735 bona.
167 2679 267 2734 Tamen
288 2677 311 2732 si
330 2679 389 2733 baec
416 2676 451 2731 ad
479 2677 567 2731 Deum
586 2677 768 2741 conterentur,
790 2673 856 2729 nittil

60 2776 134 2837 sunt,
161 2775 188 2823 et
210 2765 402 2821 multominus
429 2766 458 2820 in
482 2765 687 2835 comparatione
702 2763 854 2831 Deierunt,

58 2874 141 2929 quam
166 2855 304 2929 igniculus
318 2854 441 2909 candelae
466 2854 547 2909 totins
569 2854 635 2925 solis
654 2852 852 2924 magnitudine.

58 2954 161 3009 Omnes
177 2960 313 3008 turrentes
330 2952 469 3007 vaduntin
479 2959 585 3006 marcet
598 2964 672 3005 ntarc
690 2965 744 3005 non
757 2950 857 3019 imple-

59 3052 110 3099 tur.
125 3043 168 3097 td
183 3041 272 3097 locum
291 3040 366 3096 illum
381 3042 415 3097 de
430 3057 484 3112 qno
509 3047 643 3095 torrentes
658 3045 767 3107 exeunt,
793 3039 857 3092 illuc

58 3132 111 3203 ipsi
126 3138 311 3194 revertentur,
326 3138 354 3185 ut
369 3129 467 3183 iterum
481 3129 574 3183 llunnt.
601 3128 724 3198 ldipsunt
740 3136 766 3181 ει
784 3128 855 3181 l‘au·

58 3221 102 3277 ltts
117 3235 186 3290 pene
202 3219 288 3291 tangit
303 3220 355 3274 bec
370 3218 454 3273 modo
471 3235 477 3272 :
497 3239 509 3264 ι
534 3218 660 3272 l’raetcrit
682 3216 752 3270 euim
769 3214 857 3288 ligura

58 3317 253 3387 hujusmundi
281 3319 306 3387 (l
333 3319 395 3373 Cor.
413 3325 472 3381 vn).
495 3339 507 3364 ι
528 3315 616 3371 Nobis
636 3315 729 3386 itaque
748 3313 859 3369 miseris

59 3408 119 3479 pari
139 3407 221 3461 tnode
239 3406 380 3476 contingit,
401 3406 447 3476 qui
477 3406 511 3460 dc
531 3414 605 3459 terra
635 3405 695 3458 lacti
714 3404 811 3457 iterum
831 3402 858 3456 in

59 3502 164 3550 terram
179 3495 311 3549 redimus.
323 3496 377 3550 Sed
387 3494 414 3547 hi
429 3510 501 3549 nunc
517 3502 668 3549 nascuntur
681 3492 795 3557 beatius,
813 3491 860 3563 qui

59 3600 123 3664 post
137 3592 172 3648 de
188 3601 258 3647 terra
275 3591 488 3657 resurrexerint,
515 3590 597 3645 multe
623 3589 768 3645 feliciores.
785 3589 858 3644 Cha-

60 3681 172 3738 tissimi.
187 3682 353 3753 quandoque
370 3679 594 3735 renascamurad
606 3679 739 3745 laborem,
749 3676 786 3732 nti
801 3677 859 3732 avis

60 3770 95 3825 ad
111 3770 242 3826 rolatum.
261 3770 357 3840 ltaque
374 3785 436 3824 curn
458 3783 648 3829 nasceremur,
663 3767 791 3823 continuo
807 3782 859 3821 au·

62 3869 186 3923 diebetur
200 3883 216 3922 a
232 3866 309 3923 nobis
324 3870 357 3930 t,
373 3882 398 3934 a,
412 3881 429 3921 a
445 3883 452 3933 ;
477 3865 527 3921 sed
551 3882 605 3921 non
630 3870 714 3920 mutto
729 3872 790 3936 pust
804 3880 859 3935 pren

61 3958 209 4013 acerbitate
224 3957 319 4011 mertis
331 3955 448 4027 idipsum
463 3957 498 4024 Α,
525 3972 550 4022 ε,
578 3970 594 4009 ε
610 3954 754 4025 repetitur.
771 3954 859 4023 Quam

62 4045 177 4117 elegans
192 4060 257 4100 cero
272 4045 353 4100 fucrit
370 4062 377 4099 ε
402 4053 493 4099 tamen
508 4044 628 4100 cadaver
652 4043 772 4099 tuterunt
795 4043 858 4114 erit,

62 4159 95 4200 aa
123 4144 222 4199 deinde
254 4142 357 4216 putris.
388 4144 459 4198 Hinc
484 4151 576 4199 notate
596 4144 670 4216 quod
689 4144 741 4198 lob
760 4142 858 4197 dicati

64 4255 76 4279 u
100 4232 223 4287 Peucitas
241 4232 352 4287 dierum
372 4248 496 4286 meorum
514 4230 607 4286 linitur
627 4231 721 4296 brevi3
742 4230 858 4294 dimitte,

63 4335 117 4383 me,
130 4319 253 4383 llomine,
267 4322 326 4375 sine
334 4321 462 4391 plangam
473 4320 612 4390 paululum
623 4318 747 4374 dolorem
758 4333 858 4381 meunt,

63 4429 211 4491 atttequam
227 4421 323 4474 vadam
337 4419 371 4476 ad
386 4429 488 4475 terram
504 4420 676 4475 tenebrosam
692 4428 718 4474 ει
732 4429 854 4489 opertam
870 4436 900 4500 D

64 4510 161 4565 mortis
174 4508 292 4579 caligine
304 4509 373 4579 (lob.
391 4514 430 4579 κ).
448 4531 459 4556 n
482 4508 550 4577 Quis
570 4508 660 4579 itaque
686 4509 781 4562 lterum
797 4525 858 4562 rue-

63 4599 181 4654 moriam
198 4598 249 4661 tris,
259 4598 305 4669 qui
319 4597 423 4651 dudunt
439 4605 501 4652 ente
514 4612 562 4652 nos
573 4596 692 4651 filerunt.
706 4596 767 4651 Pari
777 4595 859 4651 mode

65 4706 92 4752 et
106 4713 157 4751 nos
171 4696 368 4760 obliviscimur,
386 4704 447 4764 post
461 4709 551 4749 annos
567 4704 697 4752 centenos
712 4703 758 4750 aut
773 4695 858 4767 prius.

66 4787 172 4842 Primus
187 4795 276 4840 autem
291 4794 317 4841 et
332 4785 496 4840 novissimus
512 4784 598 4839 nostri
619 4794 797 4839 memoretur.
815 4785 860 4839 tte

66 4882 214 4946 quenttoto
229 4873 311 4930 corde
326 4874 361 4927 sit
384 4882 478 4927 nostra
497 4873 643 4929 conversio
664 4873 691 4926 in
714 4876 785 4928 bunc
804 4874 861 4927 baec

67 4974 158 5019 nostra
186 4963 322 5018 dedicatio
350 4964 540 5026 transferatur,
571 4970 599 5016 ut
627 4977 659 5017 ea
687 4977 747 5033 quae
769 4961 796 5015 in
811 4961 862 5016 bec

67 5065 172 5135 templo
196 5074 407 5135 componuntur¹
434 5064 554 5119 innubis
575 5064 641 5135 ipsis
660 5062 863 5118 transformen-

68 5162 122 5208 tur.
136 5154 320 5225 scriptumest
332 5154 421 5208 cuim:
435 5175 446 5200 ι
458 5151 601 5223 Ternplum
609 5152 864 5221 bortrini,templum

70 5242 188 5306 Dentini,
202 5241 332 5312 templum
353 5241 462 5297 Domini
479 5251 604 5297 sertatum
623 5249 664 5295 est
683 5242 751 5309 (ter.
767 5244 827 5309 vn).
850 5262 862 5288 ι

70 5339 129 5393 llec
143 5348 169 5393 et
189 5339 288 5393 Paulus
309 5338 350 5392 trit
365 5339 455 5393 verbis
475 5338 577 5394 indicet
593 5354 600 5391 :
618 5360 630 5386 ι
656 5337 800 5408 l'emplnm
815 5336 865 5392 Dei

71 5434 195 5482 sanctum
209 5434 261 5492 est,
275 5428 349 5499 quod
366 5426 431 5481 estis
446 5442 495 5482 ves
513 5426 541 5495 (Ι
556 5427 620 5483 Cer.
641 5428 689 5495 ttt).
707 5449 719 5475 a

105 5530 185 5586 Nunc
198 5529 281 5599 igitar
294 5528 358 5601 quid
370 5527 567 5593 ctnmeterium,
576 5528 650 5598 quod
659 5536 701 5584 est
714 5534 778 5583 ante
795 5536 867 5584 tem-

72 5618 159 5691 plum,
175 5617 241 5688 quid
254 5618 346 5687 janua,
361 5617 427 5689 quid
442 5617 536 5681 limen,
558 5616 722 5689 quidautes,
732 5617 798 5689 quid
813 5634 867 5687 pe·

73 5712 142 5775 stes,
158 5706 225 5777 quid
243 5702 331 5775 janus
344 5718 407 5761 cum
431 5706 473 5761 ltis
500 5706 638 5775 omnibus,
654 5704 719 5779 qaid
740 5704 867 5777 muralia,

908 1866 982 1939 (Gal.
999 1874 1079 1935 vat·
1107 1868 1225 1939 Lapides
1248 1883 1357 1940 queque
1378 1866 1523 1939 angulares
1546 1873 1608 1920 sunt
1621 1865 1709 1921 sancti

910 1964 1028 2034 Spiritus
1052 1965 1121 2020 done
1143 1980 1203 2036 quae
1225 1965 1365 2021 continent
1379 1963 1406 2018 in
1422 1972 1525 2019 aterno
1540 1962 1641 2032 temple
1655 1962 1710 2018 duo

909 2069 1011 2123 genera
1039 2053 1191 2120 bominum,
1216 2053 1374 2108 ludaeorum
1403 2051 1506 2107 seilicet
1524 2058 1551 2106 et
1569 2050 1705 2123 gentium.

910 2140 1103 2196 Pavimentum
1118 2142 1189 2213 qued
1205 2142 1320 2212 pedibus
1333 2141 1430 2197 teritur
1438 2140 1473 2195 ab
1487 2140 1613 2196 omnibus
1623 2139 1710 2195 eccle·

910 2239 979 2293 siam
1004 2240 1176 2303 intrantibus,
1206 2238 1333 2311 designat
1358 2237 1549 2301 humilitatem,
1565 2236 1711 2307 sicutipse

909 2328 1032 2384 Christus
1047 2329 1085 2382 ait
1102 2346 1109 2382 :
1129 2352 1139 2377 a
1158 2327 1210 2397 Qui
1226 2344 1255 2382 se
1271 2326 1371 2381 exaltat
1389 2325 1574 2381 humiliabitur
1588 2325 1705 2394 (llettlt.

909 2419 997 2488 xvru).
1016 2440 1027 2465 ι
1046 2416 1106 2471 Alta
1121 2432 1188 2472 vere
1205 2417 1324 2471 fenestra
1341 2414 1461 2486 quinque
1475 2417 1587 2470 nostros
1602 2428 1711 2479 sensus,

910 2534 978 2589 ques
992 2534 1008 2573 a
1023 2526 1095 2573 terra
1107 2526 1163 2572 tam
1178 2518 1294 2573 sublime
1304 2524 1414 2588 portare
1425 2516 1568 2580 debemus,
1583 2524 1611 2571 ut
1621 2513 1713 2571 lumen

910 2607 1022 2665 coeleste
1039 2606 1177 2678 possimus
1192 2622 1298 2677 capere,
1315 2620 1366 2660 nee
1389 2604 1433 2659 tur
1446 2604 1587 2674 antiquus,
1606 2603 1714 2659 seilicet

910 2694 1049 2761 diabolus,
1081 2695 1196 2750 minime
1230 2700 1314 2765 queat
1345 2691 1407 2748 illos
1427 2692 1595 2763 irrumpere.
1619 2691 1712 2747 Altarc

910 2812 977 2852 veru
993 2803 1034 2850 est
1044 2796 1103 2866 ipse
1115 2796 1197 2859 Deus,
1210 2811 1289 2866 quem
1301 2793 1328 2848 in
1344 2803 1437 2849 nestro
1447 2793 1614 2851 inconcusso
1629 2792 1713 2850 cerda

910 2885 1075 2940 habeamus.
1096 2886 1137 2939 lle
1161 2899 1215 2955 quo
1239 2883 1433 2953 scriptumest
1455 2900 1463 2938 ε
1485 2905 1496 2930 ι
1519 2881 1613 2937 Erexit
1626 2881 1714 2938 laceb

911 2973 1031 3044 lapidem
1052 2973 1079 3027 in
1100 2972 1217 3039 titulum,
1243 2971 1360 3027 tundens
1374 2970 1466 3027 oleum
1488 2971 1609 3042 desuper
1622 2970 1707 3041 (Gen.

911 3068 1016 3138 xit-tn).
1031 3092 1042 3116 ιι
1055 3070 1201 3140 Campanae
1212 3085 1320 3141 quoque
1331 3068 1617 3139 signiticentuostrttm
1625 3067 1714 3136 quoti·

910 3158 1020 3213 dianam
1035 3157 1207 3213 vocationem
1227 3158 1256 3212 in
1278 3156 1440 3222 Ecclesiam,
1459 3165 1486 3211 ut
1497 3156 1533 3210 ibi
1546 3170 1554 3211 ε
1568 3179 1579 3206 a
1593 3156 1712 3223 Currite,

911 3248 976 3303 dnm
991 3245 1081 3302 lucem
1098 3247 1203 3302 bebetis
1219 3245 1315 3318 (deon.
1341 3248 1403 3315 atr).
1426 3268 1437 3295 e
1454 3246 1488 3300 Et
1504 3245 1588 3300 item:
1608 3244 1713 3300 «Con-

911 3344 1047 3401 vertimini
1064 3345 1099 3398 ad
1113 3358 1157 3397 mc
1172 3342 1199 3396 in
1214 3350 1269 3399 tete
1284 3342 1369 3400 corde
1387 3349 1480 3397 vestro
1495 3342 1576 3410 (leel.
1590 3340 1630 3411 tt).
1645 3362 1656 3388 a
1674 3343 1715 3397 Ae

911 3434 1010 3489 deinde
1026 3451 1033 3488 ε
1052 3454 1063 3480 u
1079 3432 1149 3488 Nolo
1165 3440 1282 3486 mertem
1294 3431 1446 3502 peccatoris
1457 3431 1570 3501 (Εεεεὴ.
1589 3430 1680 3501 arnt).
1698 3452 1710 3479 ι

911 3533 1035 3604 itemque
1059 3549 1066 3584 ε
1096 3552 1107 3578 l
1138 3529 1325 3585 Paenitentiam
1354 3528 1451 3599 agite;
1481 3527 1715 3600 appropinquabit

912 3621 984 3676 enirn
1001 3634 1116 3690 regnum
1146 3617 1279 3675 coelorum
1303 3618 1413 3688 (llottlr.
1430 3616 1484 3689 ur).
1503 3640 1515 3667 ι
1531 3617 1610 3673 Hanc
1633 3631 1712 3673 reca-

911 3710 1023 3772 tioncm,
1041 3707 1205 3775 charissimi,
1225 3707 1344 3778 Spiritus
1363 3714 1475 3763 sanctus
1489 3705 1570 3763 vobis
1585 3705 1715 3778 dignetur

912 3808 1022 3871 donare,
1036 3816 1170 3877 quatenus
1180 3806 1257 3860 illem
1273 3805 1314 3862 sic
1328 3805 1498 3876 intelligatis,
1515 3807 1546 3858 ut
1559 3819 1655 3860 omnes
1669 3818 1714 3875 pa·

912 3896 978 3952 riter
991 3896 1020 3950 in
1032 3895 1130 3961 *aulam
1154 3894 1329 3965 perveniatis,
1355 3911 1416 3966 qua
1432 3908 1488 3949 non
1502 3891 1601 3963 recipit
1628 3890 1713 3947 ullam

912 3984 1061 4039 maantam.
1082 3982 1164 4051 Quod
1178 3983 1237 4054 ipse
1262 3982 1344 4038 vebis
1359 3988 1494 4051 praestare
1516 3980 1647 4052 dignetur
1660 3978 1711 4052 qui

911 4096 964 4155 pro
979 4081 1059 4137 vebis
1072 4086 1194 4135 mortuus
1209 4078 1275 4135 vivit
1297 4086 1325 4134 ει
1348 4085 1443 4151 regnat
1465 4077 1540 4133 Deus
1553 4092 1605 4150 pet·
1618 4076 1711 4134 emnia

913 4169 1015 4227 secula
1030 4167 1210 4225 saeculorum.
1225 4169 1326 4223 Amen.

1155 4265 1226 4321 ltcm
1239 4264 1273 4321 de
1288 4264 1479 4322 dedicatione.

950 4372 1025 4428 Sicut
1039 4370 1140 4442 optime
1156 4370 1231 4426 norit
1245 4370 1373 4428 sanctitas
1388 4378 1490 4437 vestra,
1507 4369 1609 4427 tratres
1624 4377 1651 4427 et
1664 4370 1714 4427 de·

915 4461 979 4516 mini
994 4461 1056 4524 mei,
1073 4459 1153 4516 bodie
1175 4459 1347 4516 celebramus
1369 4458 1546 4515 testivitatem
1561 4459 1712 4517 dedicatio·

913 4551 956 4605 nis
970 4549 1075 4619 templi,
1090 4548 1117 4603 in
1134 4562 1188 4618 qua
1205 4547 1246 4604 vel
1261 4548 1421 4604 benedictus
1436 4547 1480 4603 vel
1495 4556 1594 4605 unctus
1611 4556 1654 4604 est
1668 4547 1713 4604 la·

913 4639 966 4711 pis,
984 4638 1010 4691 in
1026 4652 1081 4709 qtro
1096 4637 1177 4691 nobis
1191 4644 1218 4691 ει
1233 4637 1325 4692 divina
1354 4634 1488 4693 sacrificia
1502 4645 1712 4694 consecrentur.

915 4734 1032 4805 Quando
1046 4742 1136 4789 autem
1152 4734 1218 4789 istas
1233 4734 1393 4791 testivitates
1416 4734 1541 4800 colimus,
1567 4734 1715 4807 diligenter

915 4824 1097 4887 attendamus,
1111 4832 1138 4877 ut
1157 4822 1233 4894 quod
1261 4822 1289 4877 in
1318 4822 1480 4878 manufactis
1495 4822 1603 4893 templis
1615 4822 1712 4879 visibi-

915 4913 980 4970 liter
993 4910 1110 4975 collitur,
1128 4910 1194 4966 tetis
1204 4910 1307 4966 viribus
1322 4911 1541 4977 elaboremus,ut
1551 4918 1578 4967 et
1590 4910 1619 4966 ia
1634 4910 1715 4967 nobis

915 5000 1091 5057 invisibiliter
1104 4997 1286 5070 compleatur.
1312 4999 1444 5069 Quamvis
1464 5000 1537 5054 enim
1552 5008 1647 5055 sancta
1661 4998 1717 5055 sint

916 5089 1026 5161 templa,
1039 5104 1099 5158 quae
1114 5087 1238 5143 videmus
1251 5088 1286 5143 de
1300 5087 1418 5160 ligniset
1428 5086 1566 5159 lapidibus
1575 5086 1715 5157 fabricari,

917 5186 1009 5233 tamen
1023 5175 1160 5231 sanctiora
1174 5191 1269 5232 coram
1296 5178 1355 5233 Dee
1384 5183 1447 5231 suut
1468 5175 1571 5249 templa
1584 5176 1677 5233 sordis
1688 5185 1716 5233 ει

918 5264 1044 5335 corporis
1058 5264 1154 5320 nestri.
1171 5264 1288 5335 'templa
1301 5264 1336 5321 dc
1358 5262 1440 5336 lignis
1462 5272 1489 5319 ct
1512 5262 1647 5335 lapidibus
1661 5266 1715 5323 bu·

918 5368 1001 5409 meno
1015 5352 1125 5423 ingenio
1141 5362 1364 5425 componentem
1376 5352 1475 5423 templa
1492 5367 1558 5409 vere
1571 5368 1717 5426 carporum

920 5450 947 5499 et
966 5440 1063 5497 cordia
1076 5458 1093 5494 n
1109 5456 1269 5497 nestrorum
1279 5456 1364 5497 matta
1376 5441 1665 5500 coelestisabricantar.
1677 5444 1718 5499 Da

920 5528 1083 5602 quaiabnca
1093 5530 1177 5587 dome
1190 5530 1315 5587 videlicet
1325 5529 1451 5603 spiritati,
1466 5530 1577 5601 sapiens
1589 5530 1720 5587 Salomon

921 5618 979 5675 ait:
995 5640 1008 5669 ι
1023 5616 1162 5689 Sapientia
1175 5618 1323 5675 adttesrtt
1337 5618 1390 5674 sibi
1403 5618 1531 5687 demum,
1548 5617 1655 5675 encliit
1667 5632 1719 5675 ce·

921 5704 1029 5765 ltttttw
1040 5712 1147 5779 septena
1161 5706 1257 5777 (Pron.
1271 5705 1325 5776 ιιι.
1342 5726 1355 5759 ι
1372 5704 1447 5775 (lan
1461 5706 1607 5761 stadam
1620 5702 1747 5759 &ms
