3780 6038
118 248 171 305 087
669 246 846 305 WERNERI
872 244 1016 304 suasus
1034 247 1063 304 S.
1089 246 1204 305 uLasu
1724 246 1769 303 aas

114 382 177 429 tum
192 372 227 429 de
243 372 341 431 virtute
355 372 516 429 invirtutem
532 373 617 429 ibunt.
633 373 720 445 Hujus
735 374 821 430 barba
843 388 913 445 apo-
927 370 955 432 Α
969 388 1030 428 suas
1044 388 1093 444 pro
1114 373 1211 428 oribus
1233 371 1285 428 sibi
1313 371 1473 439 commissis,
1499 369 1600 444 praevii
1615 370 1702 426 duces
1724 387 1771 442 po·

120 462 180 517 stoli
196 467 279 530 erant,
292 462 356 517 dum
371 462 395 519 ci
411 463 455 532 qui
471 470 510 519 est
524 479 556 519 os
567 464 651 533 putris
668 463 743 534 quasi
765 462 851 518 barba
876 461 915 516 ori
968 464 1087 513 suerunt.
1101 458 1245 528 Postquam
1256 458 1327 514 Deus
1340 459 1432 514 emnia
1447 457 1474 512 iu
1484 456 1626 527 principio
1654 470 1704 511 sex
1718 456 1772 510 dic-

122 544 300 606 adbaeserant.
312 552 352 605 Dc
379 550 464 606 barba
477 561 643 623 unguentum
672 552 701 607 in
727 551 916 607 vestimentum
969 547 1020 602 bus
1033 548 1143 610 creavit,
1168 548 1312 616 septimum
1336 546 1524 614 sanctificarit,
1536 546 1603 616 quia
1620 545 1649 599 in
1663 545 1724 615 ipsa
1733 561 1773 599 rc·

121 646 208 716 fluxit,
225 648 414 719 dumspiritus
437 658 544 705 sanctus
556 666 606 720 per
632 649 831 721 impositionem
860 664 917 702 rna·
970 645 1109 716 quiescens
1124 644 1157 699 ab
1171 660 1252 715 opere
1263 646 1393 701 cessarit.
1413 646 1458 699 Sic
1473 645 1519 715 qni
1536 644 1565 698 in
1575 660 1626 699 sex
1656 643 1775 697 retatibas

122 753 205 791 nuum
225 739 408 809 apostolerum
438 728 651 795 succedentibus
678 737 785 793 inludit.
802 738 856 794 iios
883 734 917 791 de
970 743 1062 797 mutuli
1093 742 1120 796 irr
1144 741 1222 795 donis
1250 740 1366 813 Spiritus
1380 743 1464 797 saneti
1489 741 1601 811 operari
1617 740 1736 801 student,
1752 740 1774 793 in

122 833 338 906 Hermon‚quod
358 838 512 893 anathemo
535 844 621 901 sonat,
651 836 678 891 io
705 843 824 892 mentem
840 835 915 903 Sion,
969 832 1085 903 septima
1109 831 1259 901 peripsum
1289 825 1720 899 abomnilabnrercquieseent.
1736 828 1775 883 Sic

123 923 593 997 quodspecaladicitnrrlcscendit,
609 926 672 979 dum
688 940 803 995 superna
831 924 917 996 gratia
970 936 1141 990 nosquoque
1163 936 1210 973 sex
1243 918 1378 973 diebusiu
1403 912 1580 975 bebdomada
1611 918 1773 979 laboramus,

123 1011 157 1067 de
173 1013 321 1087 Spnagoga
332 1015 358 1069 in
372 1016 522 1070 Ecclesiam
537 1014 704 1070 veaitdlons
717 1012 917 1081 llermonjurta
970 1010 996 1063 iu
1012 1009 1125 1080 septima
1139 1024 1276 1074 necamus,
1293 1009 1354 1078 qnia
1370 1025 1419 1078 per
1438 1008 1633 1080 septilormem
1650 1006 1774 1077 Spiritum

123 1112 267 1167 jordanem
291 1121 331 1168 pst
358 1114 433 1180 spus,
453 1113 498 1168 upj
527 1113 658 1167 Dominus
685 1117 724 1167 ρει
750 1110 912 1180 baptizatus,
969 1113 1041 1152 utruo
1068 1097 1146 1151 bonis
1171 1097 1297 1167 operibus
1312 1097 1467 1161 insistimus,
1498 1097 1527 1151 iu
1543 1095 1640 1150 futuro
1657 1095 1774 1151 ebomui

123 1201 255 1273 llosergo
283 1203 457 1257 llermonest
484 1202 598 1271 Spiritus
624 1209 741 1269 sanetus,
770 1200 813 1269 qui
838 1216 918 1270 super
970 1201 1051 1257 opere
1065 1186 1177 1239 feliciter
1199 1186 1399 1254 requiescimus,
1415 1185 1460 1239 abi
1477 1186 1635 1257 peripsum
1666 1182 1772 1240 vacabi-

121 1284 310 1345 llorninumio
338 1290 614 1360 baptismuadistum
643 1298 761 1345 urentem
777 1289 917 1358 renit,qui
970 1291 1038 1341 ¹⁰⁰⁵,
1056 1274 1506 1331 ²¹D0¹¹¹1¹⁵5⁶1¹¹if²slfltl⁰blffl¹ss=

123 1378 379 1434 hedieiurnnutem
408 1379 514 1435 Sinnin
532 1380 667 1450 quodsitu
682 1387 721 1434 est
737 1378 914 1448 llierusalem,
965 1383 967 1387 '

122 1484 205 1537 super
219 1467 358 1522 credentes
372 1468 521 1524 descendit.
1311 1437 1425 1483 arrisio.

160 1580 281 1650 Qualiter
293 1590 381 1637 autem
395 1583 447 1639 hoe
460 1584 611 1657 eontigerit,
624 1586 759 1657 Scriptura
773 1585 852 1641 nobis
864 1587 916 1641 he·
1007 1579 1037 1632 111
1056 1576 1297 1633 <liIUiio'tolumbu
1311 1592 1414 1633 ramum
1426 1577 1506 1633 olirae
1524 1585 1676 1647 reportans
1695 1574 1771 1647 (Gerr.

126 1668 169 1724 dic
192 1672 294 1726 retulit.
312 1672 382 1726 Dum
411 1673 605 1745 quinquaginta
623 1675 918 1731 diesaresurrcctioue
972 1677 1042 1741 rnrl,
1055 1674 1162 1729 inclusis
1186 1690 1280 1744 pacem
1304 1674 1445 1742 nuntiauit,
1473 1674 1538 1744 quia
1566 1673 1689 1746 Spiritus
1716 1690 1774 1728 san·

126 1759 220 1815 Christi
233 1761 396 1830 transissent,
425 1761 597 1834 ct-diseipuli,
626 1771 654 1819 ut
673 1782 744 1836 seqre
772 1733 1030 1820 aseendeusBctus
1046 1762 1257 1835 perclarismatis
1276 1765 1430 1818 unctionem
1458 1763 1608 1818 animabus
1636 1779 1720 1818 carne
1744 1763 1774 1816 ire

124 1865 300 1930 praeeperat,
318 1856 345 1913 in
357 1858 523 1916 Hierusalem
539 1863 638 1932 pantes
647 1863 815 1925 repetissem,
830 1862 918 1917 subito
972 1852 1052 1908 clusis
1062 1868 1156 1923 pacem
1172 1853 1297 1908 amissam
1312 1852 1465 1907 redonabit.
1499 1852 1550 1907 llic
1566 1852 1653 1907 etiam
1682 1852 1774 1924 digitus

118 1942 222 2019 ingens
235 1964 317 2002 sanus
336 1952 462 2019 tanquam
477 1952 724 2007 vehementisvenrj
740 1952 847 2007 adponit
873 1950 918 2021 qui
972 1940 1073 1997 eleutrre
1088 1943 1136 1997 Dei
1152 1943 1310 2013 appellatur,
1328 1941 1390 2011 quia
1405 1941 1481 1997 sicuti
1498 1958 1600 1997 uranus
1615 1958 1669 2011 per
1682 1942 1774 2013 digites

120 2042 208 2092 ‘folum
235 2036 346 2091 (lonium
374 2038 419 2092 ulti
440 2047 515 2094 erant
542 2039 666 2095 sedentes
688 2042 802 2112 replerit
817 2060 823 2095 ι
840 2048 919 2110 atque
973 2031 1161 2104 operataque
1188 2030 1308 2087 Christus
1324 2030 1369 2100 qni
1383 2037 1425 2085 est
1438 2031 1552 2087 dextera
1567 2030 1669 2097 Patris,
1686 2038 1773 2085 iuncta

124 2123 211 2197 igneae
221 2126 321 2198 linguae
336 2125 389 2181 illis
415 2137 605 2199 apparuerunt,
628 2130 725 2198 quibus
739 2130 840 2184 incensi
862 2146 920 2185 orn·
972 2145 1022 2199 per
1035 2129 1181 2183 divisiones
1202 2129 1349 2200 gratiarum
1382 2128 1497 2200 Spiritus
1520 2129 1611 2184 sancii
1639 2136 1771 2199 operatur.

125 2215 199 2269 uiam
215 2215 336 2286 gentium
355 2215 454 2288 linguis
468 2219 604 2289 nragualia
614 2218 663 2273 Dei
678 2219 750 2287 loqui
764 2227 915 2289 empemut.
972 2219 1050 2274 Unde
1068 2217 1141 2289 magi
1156 2217 1298 2288 quintos-si
1313 2218 1435 2272 resistcre
1457 2233 1512 2273 uon
1526 2224 1691 2288 potueruut,
1710 2216 1774 2289 digi-

125 2311 208 2367 Porro
219 2320 328 2383 propter
340 2313 481 2369 instantem
507 2314 677 2370 festivitatem
692 2316 776 2370 Jtnlaei
803 2317 919 2371 exomni
974 2322 1028 2369 tum
1039 2314 1089 2369 Dei
1099 2316 1151 2369 laea
1164 2330 1222 2369 esse
1236 2314 1361 2370 dixerunt
1386 2315 1484 2381 (and.
1496 2318 1572 2383 vrri).
1593 2314 1642 2385 qui
1673 2314 1774 2370 eridan-

126 2400 235 2455 uatione
261 2401 341 2455 tetius
368 2402 441 2457 erbis
469 2403 496 2457 in
524 2403 690 2459 Hierusalem
725 2404 918 2473 confluxerant,
974 2409 1014 2457 ter
1040 2403 1119 2475 signa
1133 2418 1182 2472 per
1196 2402 1324 2472 Spiritum
1342 2411 1464 2459 sanetum
1479 2401 1538 2458 deri
1565 2411 1773 2475 conspexerunt.

127 2488 191 2557 quie
205 2487 378 2545 Pentecosten
406 2491 520 2563 singulis
545 2493 623 2547 annis
649 2493 684 2548 ob
712 2502 850 2564 acceptam
873 2495 919 2549 illo
973 2492 1109 2546 Perbunc
1128 2499 1167 2547 est
1182 2492 1225 2547 lex
1244 2491 1271 2547 in
1286 2492 1391 2548 duabus
1418 2492 1516 2547 tabulis
1545 2492 1776 2563 descriptaque

124 2589 246 2657 tempore
264 2585 353 2658 legem
381 2588 573 2654 celebrabant3
591 2590 636 2659 qui
665 2590 816 2646 lroeaudito
840 2591 919 2646 si'uul
969 2606 1023 2662 per
1036 2590 1165 2660 Spiritum
1180 2598 1301 2647 sanctum
1317 2591 1344 2646 in
1366 2590 1636 2663 duobuspraeeeptis
1665 2591 1776 2647 ebaritas

118 2683 316 2742 annumerant,
333 2682 361 2731 et
385 2677 484 2749 singul
500 2679 619 2751 lingnam
635 2680 661 2733 in
677 2695 730 2749 qus
742 2680 796 2734 nuri
811 2688 873 2734 sum
886 2679 919 2734 de
974 2697 1013 2743 est
1023 2689 1163 2759 disposita.
1184 2691 1214 2745 tn
1233 2691 1285 2745 hoo
1298 2689 1383 2762 digito
1396 2689 1470 2761 ejicit
1482 2690 1621 2745 Dominus
1632 2688 1776 2757 tremonia,

127 2778 175 2818 ere
189 2778 282 2819 eorum
296 2765 437 2837 stupefacti
453 2767 607 2823 audiebant.
624 2767 697 2836 Quos
712 2770 804 2823 l’etrns
815 2770 919 2824 allocu-
974 2779 1036 2848 quia
1047 2794 1129 2850 opem
1153 2778 1213 2833 Filii
1241 2786 1265 2833 et
1286 2778 1401 2850 Spiritus
1426 2778 1511 2833 sancti
1527 2786 1608 2834 erunt
1639 2779 1776 2851 insepara-

128 2852 332 2923 tusdiritbere,
354 2858 560 2927 perprophetus
586 2858 724 2928 praedicta,
755 2875 803 2928 per
828 2860 919 2914 lesum
973 2867 1048 2923 bilia.
1063 2866 1134 2923 Olim
1154 2884 1241 2940 genus
1266 2869 1413 2922 humanum
1441 2867 1543 2922 lrabeat
1566 2875 1677 2923 tautum
1705 2868 1778 2922 unius

126 2967 191 3007 uero
205 2951 240 3007 ab
255 2951 294 3006 cis
307 2953 463 3008 emeilixum
478 2955 622 3027 completa.
634 2954 685 3023 Qui
696 2957 853 3027 punitentia
866 2957 919 3011 du·
974 2957 1075 3027 lingum
1087 2972 1184 3025 usum;
1200 2956 1248 3009 sed
1262 2972 1325 3021 axx,
1342 2964 1368 3011 et
1382 2957 1435 3011 due
1449 2956 1579 3028 gigantes
1597 2957 1698 3012 turrim
1712 2973 1775 3012 con·

126 3039 210 3095 ctiad
239 3041 289 3097 uia
315 3043 401 3097 millia
421 3043 559 3099 homiuum
589 3044 715 3117 baptizati
743 3054 813 3110 sunt,
829 3053 856 3100 et
870 3045 919 3117 ipsi
976 3043 1776 3118 traDeumconstruebant3indeolfeosuslinguaseenrm

127 3128 227 3199 Spiritu
237 3139 329 3187 sancte
356 3132 424 3186 sicut
450 3133 495 3187 alii
509 3134 603 3203 repleti
625 3143 695 3189 suut.
708 3134 767 3189 stis
781 3134 834 3199 die,
857 3151 917 3189 eum
935 3090 1164 3199 Ceoulundeltat,
1194 3135 1231 3189 ita
1258 3133 1330 3204 quod
1358 3135 1446 3188 nullus
1473 3134 1776 3206 alteriuslinguamiu

125 3217 220 3277 Petrus
233 3226 260 3274 et
272 3220 390 3276 loannes
412 3221 538 3277 claudum
567 3239 615 3293 per
642 3223 770 3294 Spiritum
798 3231 919 3279 sanetum

126 3324 275 3382 sanassent,
291 3317 509 3388 quinquemillia
532 3320 659 3389 baptizati
673 3329 743 3385 sarni,
759 3322 804 3390 qui
827 3337 922 3377 omues

127 3403 229 3474 Spiritu
241 3414 333 3461 sancto
348 3407 425 3462 ditati
440 3410 712 3481 sunausmgninem
719 3410 825 3475 Claristi,
841 3427 921 3480 quem

126 3491 202 3562 prius
229 3493 365 3548 furibundi
391 3495 524 3562 fuderunt,
553 3499 724 3567 postmodum
752 3499 923 3558 tremebundi

120 3578 263 3647 biberunt,
292 3598 323 3637 ac
349 3583 488 3653 perplures
508 3586 668 3657 sauguinem
682 3603 759 3641 aarum
788 3603 836 3658 pre
864 3589 922 3659 ipso

128 3675 267 3732 fuderunt.
299 3681 419 3750 Apostoli
442 3689 542 3747 autem,
571 3691 681 3755 accepto
705 3684 805 3755 Spiritu
819 3694 922 3753 saneto,

122 3771 270 3830 duedecim
285 3790 371 3831 annos
391 3776 418 3831 in
447 3778 613 3834 llierusalem
628 3780 723 3834 eodem
752 3782 924 3852 praecipiente

128 3864 345 3932 commanebant,
356 3882 417 3936 quae
430 3866 456 3922 in
485 3868 585 3923 mundo
596 3869 698 3925 docturi
713 3879 788 3925 erant
816 3870 923 3927 insimul

114 3960 313 4029 conferebant,
344 3965 372 4018 ln
399 3965 510 4021 circuitu
537 3967 644 4023 ludaeos
671 3983 703 4023 ac
730 3968 845 4040 gentius
872 3968 924 4021 do-

128 4051 234 4119 cebant,
250 4051 335 4125 signis
359 4069 391 4109 uc
418 4054 550 4128 prodigiis
563 4057 596 4111 ad
615 4056 696 4111 fidem
711 4057 842 4128 plurimes
856 4073 924 4112 coa-

121 4140 278 4196 ·rertebani.
308 4140 359 4211 Qui
386 4158 481 4199 omues
495 4161 543 4215 per
569 4145 768 4218 impositionem
797 4162 925 4201 manuum

131 4238 314 4307 apostolomm
337 4239 465 4312 Spiritum
476 4250 597 4298 sanctum
621 4245 841 4315 accipiebantur
868 4244 925 4299 rir-

118 4331 200 4379 tutes
219 4326 268 4381 uei
284 4327 362 4383 novis
389 4329 506 4385 edebant
523 4331 631 4403 linguis.
662 4333 782 4402 Apostoli
809 4349 925 4401 nauaque

129 4428 180 4483 per
193 4412 321 4485 Spiritum
334 4424 454 4472 sanetum
464 4420 543 4475 caeeis
556 4421 647 4475 lumen
660 4420 848 4490 refundebant,
864 4438 926 4476 sur·-
939 4442 966 4503 D

131 4509 174 4564 dis
200 4526 278 4566 aures
307 4514 493 4585 recludebant,
520 4517 600 4572 mutis
627 4517 747 4590 linguam
775 4520 926 4587 solvebant,

131 4596 344 4672 claudesgressu
359 4604 509 4676 erigebant,
526 4606 645 4675 leprosos
663 4607 838 4675 mundabant,
868 4608 927 4664 dae·

131 4695 224 4751 monia
252 4694 286 4752 ab
314 4698 430 4754 obsessis
457 4699 622 4773 effugabant,
638 4710 757 4758 morinos
784 4704 928 4759 resuscita-

131 4792 206 4861 bant,
232 4795 340 4867 iusuper
365 4811 415 4865 per
440 4796 551 4852 baculos
564 4799 608 4855 vel
623 4815 672 4870 per
684 4800 853 4870 vestimenta,
865 4801 927 4871 qui-

132 4881 195 4938 dam
209 4882 316 4940 illorum
344 4885 424 4941 etiam
435 4902 484 4956 pcr
499 4887 622 4943 umbram
638 4904 713 4943 suam
729 4889 832 4945 debiles
853 4890 924 4944 sani-

123 4985 186 5034 'tale
200 4982 395 5038 restaurabunt.
434 4984 497 5039 Post
524 4985 738 5041 lraeednodeeim
767 5004 815 5058 per
843 4993 927 5043 totum

132 5068 262 5124 mundum
277 5070 376 5139 diffusi,
401 5080 512 5144 septeno
536 5090 647 5129 munere
682 5074 796 5144 Spiritus
823 5084 930 5131 sanetus

132 5154 243 5225 perfusi,
260 5174 308 5229 per
321 5162 503 5232 septenarium
523 5178 665 5217 numerum
680 5162 796 5218 duodeni
812 5164 929 5220 efficium

119 5258 210 5297 suum
235 5256 405 5319 peragentur,
418 5248 482 5304 dum
511 5258 626 5321 quatuor
634 5258 726 5321 partes
739 5253 832 5308 mundi
846 5253 880 5308 ad
893 5254 929 5308 li-

132 5337 195 5392 dem
218 5349 318 5398 sancte
345 5345 482 5402 Trinitatis
515 5347 708 5421 perduxerunt.
724 5350 790 5405 Tres
816 5352 931 5407 enimet

132 5442 255 5505 quatuor,
284 5440 355 5508 quod
375 5450 478 5512 septem
505 5452 575 5509 sunt,
606 5445 748 5502 duodecim
772 5446 848 5503 lirant.
877 5448 929 5518 Qui

131 5524 195 5579 beai
210 5524 354 5595 piscatores
379 5530 556 5599 sageuafidei
579 5534 666 5602 pisces
694 5535 757 5589 elim
786 5536 819 5590 ad
847 5537 929 5592 uittam

974 3223 1121 3296 telligebat,
1137 3224 1229 3293 sicque
1244 3239 1293 3292 per
1319 3223 1412 3278 orbem
1427 3222 1595 3294 disperserat
1624 3240 1696 3295 ques
1723 3239 1776 3279 em-

975 3330 1023 3367 ues
1050 3312 1129 3367 laodic
1148 3312 1262 3383 Spiritus
1275 3320 1382 3367 sanctus
1396 3312 1423 3366 in
1437 3313 1570 3367 unitiatem
1581 3310 1649 3368 fidei
1666 3329 1715 3384 per
1726 3329 1774 3384 ge·

975 3414 1041 3453 uera
1066 3397 1218 3467 linguarum
1247 3404 1473 3468 congregaverat.
1507 3396 1646 3452 llebrarus
1675 3412 1776 3467 quoque

976 3487 1101 3557 populus,
1116 3485 1274 3557 Aigyptiuea
1294 3485 1420 3540 servitute
1434 3485 1462 3539 in
1489 3485 1612 3556 paselrali
1630 3494 1711 3541 necte
1733 3501 1775 3556 per

977 3572 1130 3643 pasctutun
1157 3587 1258 3641 agnum
1285 3570 1422 3636 liberatus,
1446 3586 1479 3625 ac
1497 3586 1547 3641 per
1557 3587 1637 3627 mare
1660 3571 1775 3627 Rubrum

969 3668 1128 3732 translatus,
1157 3666 1192 3721 ad
1225 3673 1345 3721 mentem
1372 3666 1447 3721 Sinai
1479 3666 1715 3740 quinquagesima
1740 3667 1778 3721 die

978 3756 1110 3828 pervenit,
1139 3772 1220 3825 quem
1249 3755 1338 3809 farmus
1360 3764 1387 3811 et
1414 3755 1485 3827 iguis
1507 3757 1639 3827 neptes-it,
1657 3756 1779 3827 atquede

977 3845 1068 3901 medie
1097 3844 1168 3915 ignis
1194 3844 1325 3899 Dominus
1352 3845 1375 3898 ei
1399 3844 1612 3916 legerntinroris
1643 3847 1673 3901 in
1689 3845 1779 3902 tabulis

977 3934 1103 4005 scriptam
1119 3932 1201 3987 dedit.
1232 3933 1277 3987 Sic
1289 3932 1453 3987 Clrristiauus
1479 3934 1609 4003 populus»,
1627 3934 1665 3989 de
1687 3934 1778 3989 diabe-

978 4022 1030 4078 lica
1059 4021 1232 4092 oppressione
1248 4020 1275 4074 in
1290 4021 1409 4092 pasclrali
1439 4028 1516 4077 nuato
1547 4038 1597 4092 per
1627 4024 1777 4095 paschalem

979 4113 1084 4183 liguum
1097 4110 1229 4164 filaristum
1249 4118 1365 4178 ereptus,
1381 4125 1430 4179 per
1443 4109 1614 4181 baptismum
1644 4113 1723 4183 quasi
1736 4126 1779 4183 per

979 4216 1053 4255 mure
1068 4199 1189 4253 Rubrum
1204 4206 1377 4263 transvectus,
1394 4199 1626 4271 quiuquagesimo
1649 4202 1705 4269 die,
1730 4200 1778 4255 sei·

979 4287 1041 4343 lieet
1067 4288 1157 4355 trotio,
1188 4287 1216 4341 in
1235 4287 1299 4359 igne
1327 4287 1416 4360 legem
1432 4288 1534 4343 ameris
1563 4290 1684 4361 accepit,
1705 4306 1778 4361 quara

979 4392 1040 4431 eum
1056 4375 1188 4430 Dominus
1216 4376 1242 4431 iu
1266 4376 1348 4431 corde
1368 4376 1485 4431 seribere
1501 4379 1649 4449 praecepit,
1675 4378 1780 4435 uiride-

982 4464 1241 4536 licetpostfaeereut
1254 4472 1349 4534 sponte
1365 4465 1414 4520 Dei
1433 4481 1526 4520 amere
1551 4466 1629 4537 quod
1649 4467 1723 4539 prius
1748 4466 1781 4521 fe-

981 4570 1074 4618 cerunt
1087 4563 1172 4617 eeacti
1188 4561 1296 4617 umore.
1315 4562 1346 4617 In
1360 4563 1422 4635 lege
1436 4562 1516 4617 etium
1529 4571 1588 4619 erat
1619 4572 1780 4637 praeceptura

982 4659 1011 4705 ut
1033 4650 1272 4722 quinquagesimus
1299 4668 1384 4706 nunus
1412 4650 1544 4721 jubileus,
1574 4652 1604 4707 id
1642 4662 1683 4709 est
1702 4670 1780 4709 eunus

980 4749 1146 4803 remissionis
1168 4757 1317 4815 vocaretur,
1353 4757 1477 4819 totusque
1506 4750 1542 4805 eb
1571 4766 1659 4823 opere
1696 4750 1780 4807 servili

981 4846 1130 4913 feriaretur,
1161 4856 1239 4916 utrque
1254 4847 1353 4902 amissa
1367 4847 1510 4903 lrarcditas
1523 4849 1646 4919 propriis
1669 4849 1780 4907 baeredi-

980 4944 1031 5000 bus
1044 4943 1212 4999 redderetur.
1245 4945 1296 4999 l‘er
1308 4943 1360 5000 lroe
1377 4944 1492 5013 Spiritus
1505 4953 1617 5002 sauctus
1638 4948 1708 5003 illud
1721 4955 1781 5003 tem·

980 5057 1032 5112 pus
1045 5040 1210 5113 praefigurari
1239 5042 1324 5096 voluit
1350 5042 1378 5096 iu
1392 5041 1464 5110 qued
1479 5043 1614 5114 populum
1643 5060 1722 5101 suurn
1748 5044 1780 5099 ab

981 5139 1173 5210 opereseruili,
1189 5139 1217 5193 id
1240 5148 1280 5195 est
1294 5154 1310 5193 a
1326 5146 1436 5210 peceato
1459 5155 1560 5197 vacare
1575 5140 1682 5211 decuit,
1707 5143 1781 5213 eique

981 5237 1107 5291 emisam
1135 5236 1318 5292 hereditatem
1358 5236 1476 5307 paradisi
1504 5238 1634 5295 restiterit.
1663 5240 1783 5309 (eume

982 5336 1072 5403 runs.)
1088 5333 1202 5405 Spiritus
1225 5342 1332 5390 sanetus
1351 5335 1392 5389 his
1405 5335 1484 5390 datus
1510 5344 1693 5408 memoratur,
1722 5338 1781 5393 dnm

981 5432 1065 5487 semel
1080 5433 1107 5486 in
1124 5440 1202 5495 terra.
1214 5434 1297 5489 semel
1313 5434 1347 5489 de
1374 5434 1442 5489 coelu
1456 5434 1547 5491 datter.
1562 5436 1595 5491 lu
1607 5443 1683 5493 terra
1710 5436 1785 5493 datur

969 5528 1107 5599 Spiritus,
1136 5537 1165 5584 ut
1188 5530 1315 5603 diligatur
1343 5531 1483 5602 proximus
1511 5550 1519 5588 t
1545 5534 1582 5588 de
1610 5536 1684 5591 coele
1711 5535 1785 5590 datur

118 5622 331 5695 praedestinatos
357 5624 445 5703 signis
460 5635 485 5684 et
502 5628 637 5687 miraculis
651 5631 685 5689 de
705 5633 763 5689 salo
785 5636 876 5690 sacnti
896 5634 933 5690 ad
969 5633 1108 5704 Spiritus,
1121 5644 1152 5688 ut
1164 5635 1291 5706 diligatur·
1312 5638 1396 5691 licus.
1410 5636 1462 5706 Qui
1478 5638 1552 5693 euim
1567 5640 1660 5697 Deam
1687 5640 1781 5713 diligit.

103 5720 183 5781 littus
199 5726 265 5785 ritae
277 5736 488 5805 pertraxerunt,
506 5740 535 5791 et
560 5732 663 5791 Christi
679 5734 809 5807 exemplo
837 5734 946 5791 animas
996 5746 1154 5787 sermenem
1167 5731 1228 5799 equs
1239 5732 1537 5799 semitoniusque.
1552 5736 1639 5792 aisne
1649 5738 1723 5795 tiens
1730 5738 1780 5795 Pa·
