3780 6038
131 204 183 260 ⁹31

608 258 617 269 ⁶
704 189 876 248 warram
894 186 1037 280 amaras
1055 187 1088 245 s.
1109 185 1222 245 amm
1736 182 1781 238 aa

130 328 188 381 haec
202 323 355 378 factasunt.
373 317 427 374 Sed
449 324 477 372 et
496 288 622 373 mulieres
639 313 763 387 quaedam
780 332 814 370 ex
827 313 925 371 nostris
938 316 964 376 A
978 313 1012 368 Et
1026 311 1111 383 aperti
1124 318 1186 367 sunt
1206 308 1277 366 oculi
1304 324 1408 377 eoram,
1437 315 1466 366 et
1492 312 1690 382 cognorerunt
1711 320 1779 376 euin,

130 417 280 470 termerunt
293 425 351 477 nos,
368 423 427 479 qaae
440 414 501 462 anto
526 407 613 462 lucem
633 411 762 462 venerant
784 404 818 459 ad
831 420 927 460 monu-

132 508 262 567 mentum,
293 505 319 554 et
346 512 401 552 non
428 497 538 552 invento
561 511 675 567 corpore
703 494 762 565 ejus
784 500 923 563 venerunt,

129 602 249 657 dicentes
261 615 291 655 ae
305 597 387 653 etiam
406 595 524 653 visiones
550 595 707 668 angelorum
728 592 836 662 vidisse,
864 608 925 663 quae

128 690 219 746 dicunt
233 683 294 744 eum
310 687 410 743 virere.
428 686 461 741 Et
487 685 611 741 abiemnt
636 683 746 753 quidam
769 699 803 738 ex
828 681 926 737 nostris

130 780 164 835 ad
188 784 402 843 monumentum,
433 782 460 831 et
482 775 519 830 ita
532 773 692 830 invenemnt
712 772 779 827 sicta
800 771 925 826 mulieres

128 877 253 934 dixemnt
264 891 270 944 ;
280 875 369 947 ipsum
379 889 444 929 raro
460 888 513 929 non
529 872 697 926 invenerunt.
711 891 722 919 ι
736 870 776 924 Ex
787 871 838 924 hac
856 868 925 924 seria

129 965 288 1022 narrationis
325 963 432 1018 attende
453 961 595 1016 ‘mulieres
622 959 739 1017 visiones
766 957 923 1030 angelorum

128 1056 202 1127 prius
216 1054 333 1122 vidisse3
350 1051 447 1106 deinde
469 1052 574 1105 Petrum
590 1056 615 1103 et
629 1049 760 1103 Joannem
776 1046 809 1102 ad
825 1063 924 1102 monu-

127 1163 246 1209 mentum
274 1151 432 1208 cucurrisse.
458 1152 479 1204 Λ
501 1147 659 1203 mulieribus
680 1146 769 1217 itaque
793 1145 924 1200 visionem

126 1241 305 1299 referentibus
325 1239 406 1294 territi
436 1238 572 1310 fugemnt,
601 1235 646 1306 qai
673 1235 708 1290 de
732 1250 786 1290 non
816 1233 925 1289 invento

980 409 1007 457 et
1020 400 1078 473 ipse
1092 400 1200 457 evanuit
1223 416 1257 455 ex
1286 398 1370 456 oculis
1396 413 1501 455 eorum.
1519 418 1532 446 ι
1549 396 1645 451 Deum
1662 395 1781 465 qaremin

980 489 1147 561 expositione
1171 488 1316 560 Scripturas
1338 503 1394 544 non
1419 489 1611 560 cognovemnt
1646 481 1677 538 in
1710 483 1783 555 panis

979 584 1110 641 fractione
1124 590 1299 658 cognoscunt.
1314 580 1455 639 audiendo
1470 578 1620 638 illuminati
1637 592 1695 635 non
1715 586 1781 647 sant,

978 682 1025 738 sed
1047 682 1181 754 faciendo,
1202 683 1266 755 quia
1287 682 1415 754 scriptam
1437 689 1498 739 est:
1519 703 1531 732 a
1548 679 1615 737 Non
1651 677 1783 735 auditores

978 772 1047 845 legis
1058 772 1123 845 justi
1136 780 1198 827 sunt
1207 771 1279 844 apud
1289 773 1386 841 Deum,
1402 770 1450 828 sed
1464 770 1584 827 factores
1599 770 1696 841 (Rom.
1710 769 1755 840 ιι.)
1769 790 1780 817 ι

978 859 1031 931 Qui
1045 877 1110 933 ergo
1124 862 1181 919 vult
1195 860 1286 917 audita
1301 861 1460 934 intelligere,
1478 859 1590 916 festinet
1601 858 1667 930 jam
1682 858 1781 914 intelle-

978 970 1021 1017 cta
1044 977 1126 1033 opere
1149 961 1275 1034 implere.
1304 961 1503 1018 Subtrahitur-a
1519 958 1681 1016 carnalibus
1704 959 1782 1016 omlis

978 1051 1082 1122 species
1109 1049 1280 1118 infirmitatis,
1305 1058 1333 1106 at
1355 1050 1489 1106 mentibus
1516 1047 1635 1122 incipiat
1655 1063 1782 1121 apparere

978 1140 1066 1213 gloria
1079 1140 1289 1196 resurrectionis.
1304 1139 1381 1197 Unde
1395 1139 1518 1195 subditur
1534 1157 1541 1195 :

1018 1260 1028 1286 ι
1048 1237 1079 1292 Et
1100 1237 1228 1292 dixerunt
1254 1237 1429 1295 adinvicem:
1458 1238 1558 1293 Nonne
1586 1251 1639 1293 cor
1667 1244 1782 1293 noscam

127 1348 241 1404 corpore
257 1330 315 1402 plus
338 1327 492 1382 moestitiam
516 1333 689 1396 suscepemnt
709 1340 790 1394 quam
804 1323 838 1379 de
853 1338 925 1379 nun-
979 1327 1076 1383 ardens
1090 1336 1147 1382 erat
1160 1327 1189 1381 in
1203 1326 1292 1397 nobis,
1307 1326 1372 1382 dum
1386 1326 1542 1398 loqueretur
1555 1326 1585 1381 in
1601 1327 1660 1393 iia,
1677 1334 1705 1383 et
1720 1343 1782 1398 ape-

128 1423 193 1478 tiata
204 1418 397 1475 resurrectione
410 1414 510 1488 gaudio
525 1421 716 1470 recrearentur.
978 1416 1043 1472 riret
1057 1417 1136 1473 nobis
1151 1416 1323 1487 Scripturas?
1337 1439 1348 1466 a
1369 1417 1409 1472 Ex
1424 1416 1516 1472 audito
1530 1432 1665 1472 sermone
1679 1417 1782 1473 Domini

166 1540 177 1568 ι
194 1517 226 1571 Ει
240 1515 298 1586 ipse
311 1512 379 1567 dixit
402 1511 436 1568 ad
459 1510 564 1568 eos:O
589 1510 660 1565 stulti
683 1516 709 1565 et
732 1509 801 1565 tardi
815 1508 849 1564 ad
863 1524 925 1566 cre·
979 1506 1113 1577 corprius
1137 1514 1243 1578 torpore
1260 1505 1453 1562 incredulitatis
1466 1512 1493 1561 et
1518 1505 1630 1562 timoris
1644 1504 1781 1577 frigidam,

129 1606 247 1663 dandum
277 1604 304 1658 in
335 1601 461 1658 omnibus
488 1616 548 1672 quas
572 1599 652 1655 locuti
680 1605 741 1653 sunt
767 1600 921 1670 prophetae.
979 1603 1043 1676 igno
1057 1603 1172 1676 Spiritus
1189 1604 1273 1660 sancti
1293 1613 1333 1660 est
1356 1620 1498 1660 accensum
1522 1611 1553 1659 ut
1573 1619 1699 1674 superno
1714 1604 1782 1660 (ἰδῇ.

127 1697 223 1752 Nonne
236 1696 295 1750 haec
308 1691 427 1763 oportuit
439 1690 495 1762 pali
517 1689 650 1747 Christum
665 1696 691 1745 el
704 1688 803 1744 intrare
818 1688 845 1742 in
859 1688 924 1760 glo·
937 1677 964 1739 Β
977 1691 1053 1749 derio
1063 1692 1164 1760 ardeat,
1181 1700 1208 1748 et
1222 1693 1256 1749 ad
1267 1692 1431 1749 credendam
1440 1693 1585 1751 yemalem
1604 1710 1636 1750 se
1649 1693 1781 1750 extendss.

125 1794 194 1850 riam
208 1790 308 1847 suam?
323 1789 356 1843 Et
369 1787 501 1859 incipiens
523 1802 540 1842 a
563 1787 655 1857 lloyse
677 1792 703 1840 et
721 1783 847 1841 omnibus
860 1800 923 1857 pro·
976 1780 1048 1851 Quot
1071 1781 1213 1854 praeceptis
1239 1781 1377 1838 instruitur
1402 1784 1484 1838 homo
1510 1781 1592 1854 quasi
1617 1789 1660 1839 tot
1683 1782 1783 1839 facibus

127 1882 215 1958 phetis
240 1878 464 1951 interpretabatur
489 1875 542 1930 illis
560 1875 588 1930 in
607 1873 734 1931 omnibus
761 1874 921 1946 Scripturas,
976 1869 1166 1926 inflammatur.
1196 1872 1379 1927 Vemmtatem
1398 1887 1453 1927 non
1477 1878 1678 1945 cognoverunt
1712 1888 1779 1937 eum,

127 1988 188 2045 quae
213 1970 246 2025 do
267 1970 326 2038 ipso
351 1974 465 2024 emat.»
491 1965 541 2020 llic
568 1963 739 2037 geminanos
762 1961 922 2018 humiliandi
976 1969 1064 2025 donce
1084 1968 1111 2023 in
1135 1968 1265 2026 fractione
1288 1969 1375 2041 panis,
1401 1968 1477 2025 cerae
1503 1970 1631 2041 mysterii
1646 1985 1729 2026 mu„
1742 1971 1781 2026 fa.

126 2069 270 2128 necessitas
283 2065 424 2134 incumbit,
440 2063 486 2136 qui
508 2079 558 2119 nec
571 2063 600 2118 in
627 2062 770 2135 Scripturis
794 2069 923 2132 quantum
976 2076 1047 2123 ctum
1071 2074 1120 2137 est,
1148 2073 1176 2122 ut
1204 2066 1243 2122 eis
1257 2067 1284 2123 in
1297 2067 1344 2124 illo
1372 2065 1476 2141 efligies
1489 2067 1686 2126 ostenderetur
1704 2084 1780 2141 quarn

127 2166 232 2234 oportet
246 2157 343 2226 edocti,
358 2170 410 2212 nec
425 2152 599 2223 adimplenda
613 2168 674 2222 quae
689 2151 822 2218 novimus,
839 2166 923 2221 quan·
976 2172 1032 2212 non
1046 2164 1239 2229 cognoscerent
1253 2156 1304 2212 nisi
1332 2155 1361 2211 in
1389 2155 1519 2212 fractione
1548 2157 1643 2229 panis,
1657 2174 1694 2215 ne
1708 2159 1780 2230 quis·

126 2258 183 2306 tum
196 2249 285 2316 decet,
301 2261 393 2300 sumus
403 2243 507 2299 intenti.
522 2242 591 2297 Nam
602 2241 625 2296 si
634 2242 739 2311 lfoyses
749 2248 775 2295 et
783 2241 923 2311 prophetae
977 2262 1057 2315 quam
1072 2262 1101 2299 so
1116 2244 1250 2301 Christum
1269 2245 1412 2319 agnovisse
1436 2245 1594 2316 arbitretur,
1607 2246 1633 2301 si
1646 2246 1709 2317 ejus
1722 2262 1779 2305 001.

127 2338 160 2394 de
176 2336 280 2393 Christo
294 2333 376 2390 locuti
390 2341 460 2401 suut,
486 2337 512 2386 et
540 2345 602 2385 eum
625 2345 673 2401 per
700 2329 852 2400 passionem
867 2328 924 2400 glo·
976 2333 1050 2404 poris
1062 2335 1196 2407 particeps
1223 2342 1363 2391 nonest:
1389 2333 1461 2406 quod
1484 2342 1527 2391 est
1551 2335 1691 2402 Ecclesia,
1710 2336 1781 2406 cnjus

125 2436 194 2492 riam
222 2433 381 2487 intratumm
410 2428 600 2501 praedixemnt,
629 2426 766 2497 quomodo
794 2426 924 2498 gloriatur
976 2432 1104 2489 unitatem
1119 2431 1147 2488 in
1162 2440 1330 2490 sacramento
1351 2433 1429 2505 panis
1446 2434 1781 2507 commcndatdpostolna

127 2541 155 2581 se
170 2521 351 2581 Christianum
369 2536 437 2585 esse,
450 2518 592 2589 quineque
612 2516 771 2587 Scripturas,
793 2522 922 2586 quantum
976 2520 1090 2577 dicens:
1113 2545 1124 2571 a
1142 2539 1210 2577 unas
1237 2521 1324 2594 panis,
1353 2538 1437 2578 unum
1465 2537 1565 2595 corpus
1590 2522 1673 2579 multi
1694 2539 1781 2580 snmus

127 2614 161 2670 ad
189 2612 323 2669 Christum
350 2609 483 2681 pertinent
508 2605 662 2679 investigat,
692 2621 780 2676 neque
806 2604 923 2677 gloriam
977 2610 1006 2683 (t
1020 2611 1083 2668 Cor.
1103 2610 1144 2681 x).
1163 2633 1174 2661 e
1192 2611 1266 2668 Tunc
1280 2610 1354 2667 euim
1367 2627 1431 2670 rere
1446 2611 1647 2686 cognoscimus
1660 2628 1782 2687 comper

127 2728 207 2783 quam
222 2726 283 2766 cum
299 2707 402 2764 Christo
429 2706 529 2762 habero
557 2704 638 2778 cupit,
663 2703 865 2776 perpessiones
879 2710 922 2758 at·
976 2714 1173 2764 sacramentum
1202 2708 1328 2765 Ecclesiae
1365 2724 1427 2764 eum
1454 2724 1505 2779 pro
1534 2709 1619 2766 nobis
1648 2718 1781 2767 mortuum

125 2802 230 2873 tingere
244 2797 387 2854 desiderat.
977 2813 1034 2852 esse
1056 2805 1083 2853 et
1105 2797 1235 2854 revixisse
1258 2796 1373 2854 fideliter
1396 2797 1593 2871 intelligamus.
1613 2800 1679 2856 Non
1694 2801 1782 2856 lncan-

164 2922 175 2949 e
194 2899 225 2954 Et
253 2895 536 2968 appmpinquavorunt
565 2892 674 2948 castello
699 2907 752 2962 quo
771 2890 867 2959 ibant;
897 2895 923 2945 et
976 2893 1104 2959 gruenter
1129 2886 1277 2957 accipimus
1304 2889 1357 2943 hoc
1384 2886 1615 2958 impedimentum
1644 2889 1677 2944 in
1701 2889 1782 2946 ocutis

125 2989 182 3062 ipse
197 3003 227 3043 se
240 2985 318 3041 finxit
332 2984 439 3057 longius
460 2984 507 3037 ire.
525 2982 558 3036 Et
571 2989 717 3054 coegemnt
736 2980 810 3035 illum
826 2979 922 3034 diceu-
976 2999 1069 3039 eorum
1089 3001 1106 3040 a
1132 2984 1233 3041 Samira
1265 2984 1380 3053 venisse,
1407 3001 1441 3040 ne
1461 2995 1669 3058 agnosceretur
1687 2988 1773 3044 lesus.

126 3087 165 3134 tes
181 3098 187 3133 :
203 3078 281 3131 Mane
299 3073 451 3142 nobiseum,
481 3072 600 3139 domine,
631 3070 758 3140 quoniam
787 3069 922 3138 advespe·
936 3040 961 3104 C
977 3073 1030 3129 Sed
1055 3080 1174 3130 amena
1197 3074 1303 3130 Christo
1324 3073 1396 3130 facta
1419 3083 1459 3131 est
1480 3076 1632 3146 pmmissio
1649 3074 1781 3150 usquead

122 3167 214 3236 nascit,
230 3172 256 3221 et
270 3163 396 3219 inclinata
424 3168 463 3217 est
488 3161 546 3230 jam
574 3159 642 3215 dies.
673 3160 706 3213 Et
729 3158 837 3213 intrarit
859 3173 921 3213 cum
976 3179 1084 3234 panem,
1099 3171 1128 3218 ut
1148 3179 1218 3219 nunc
1233 3162 1521 3236 intelligaturanobis
1535 3167 1679 3224 removeri
1694 3168 1779 3240 impe·

124 3257 188 3312 illis.
210 3278 222 3304 a
240 3252 385 3323 Scripturae
413 3267 496 3306 sacrm
517 3248 644 3319 mysteria
668 3264 729 3320 quae
743 3247 820 3303 dese
834 3256 920 3318 erant,
975 3251 1124 3307 dimentum
1139 3252 1288 3322 inimicum,
1304 3268 1365 3308 cum
1384 3252 1412 3309 in
1434 3253 1554 3310 Ecclesia
1577 3255 1666 3330 digne
1682 3255 1780 3312 intelli-

123 3356 175 3410 illis
189 3353 294 3409 duobus
307 3351 439 3406 Dominus
453 3349 566 3420 aperuit,
591 3356 617 3405 et
641 3356 740 3414 umen,
757 3346 820 3418 quia
833 3347 921 3403 adhuc
975 3351 1065 3424 gimus
1083 3351 1239 3423 mysterium
1263 3351 1424 3408 sacramenti
1448 3352 1572 3424 corporis
1590 3362 1619 3411 et
1642 3353 1779 3429 sanguinis

123 3444 151 3498 ia
165 3459 259 3500 eorum
273 3441 399 3497 cordibus
412 3439 570 3511 peregrinus
583 3445 641 3495 erat
655 3454 671 3493 a
685 3436 747 3506 fide,
763 3437 802 3492 ire
816 3454 845 3492 sc
859 3437 921 3492 lon·
973 3438 1093 3495 Domini.

123 3534 184 3606 gius
207 3531 297 3587 tinxit.
328 3530 443 3601 Fingere
469 3544 586 3598 naraque
613 3543 776 3599 componere
795 3527 918 3582 dicimus.
1013 3539 1075 3593 «Ει
1088 3545 1229 3611 surgentes
1242 3539 1337 3596 ecdem
1352 3541 1419 3597 hora
1436 3540 1553 3614 regressi
1568 3543 1777 3601 suntlliernsa·

123 3629 201 3686 Unde
224 3635 251 3684 et
273 3625 467 3697 compositores
489 3623 537 3678 luti
565 3622 664 3695 figulos
685 3640 822 3681 voconius.
845 3622 921 3678 Nihil
975 3626 1043 3696 lem,
1062 3626 1452 3703 etinvoaemntcougregatos
1469 3630 1613 3701 undecim,
1631 3639 1661 3689 et
1676 3632 1778 3705 eosqui

123 3718 196 3776 enim
224 3717 340 3787 simplex
368 3713 466 3769 veritas
493 3728 543 3784 per
562 3711 745 3782 duplicitatem
769 3712 843 3779 fecit,
873 3712 920 3768 sed
974 3732 1035 3771 cum
1050 3716 1115 3789 ipsis
1129 3725 1214 3787 erant,
1239 3718 1378 3775 dieentes:
1402 3718 1481 3790 Quod
1504 3722 1627 3778 surrexit
1650 3723 1779 3780 Dominus

123 3808 203 3865 talem
218 3823 246 3861 se
261 3805 299 3860 eis
315 3803 437 3860 exhibuit
465 3802 492 3857 in
510 3817 622 3872 corpore
651 3801 737 3871 qualis
765 3801 836 3872 apud
860 3800 920 3857 illos
973 3829 1047 3882 vere,
1072 3821 1098 3870 οι
1130 3815 1254 3888 apparui,
1277 3816 1392 3873 gjmoni·
1415 3817 1448 3872 Ep
1470 3816 1523 3890 ipsi
1545 3820 1704 3879 mabam
1722 3836 1777 3894 qu„

120 3914 178 3964 erat
191 3905 218 3960 in
233 3911 331 3960 mente.
348 3900 483 3957 Probandi
498 3910 574 3955 erant
587 3918 592 3954 :
606 3898 628 3953 si
651 3900 723 3955 hunc
746 3915 827 3969 quem
847 3915 919 3954 non·
973 3911 1049 3975 gesur
1073 3911 1148 3959 erant
1176 3905 1205 3959 in
1228 3905 1281 3973 via,
1307 3913 1333 3961 et
1353 3906 1490 3977 quomodo
1509 3919 1709 3981 cognorerunt
1721 3926 1776 3968 eum

120 3997 184 4052 dum
199 4002 229 4051 ut
243 3994 329 4049 Deum
344 3990 504 4063 diligebant,
520 3990 615 4045 saltem
630 3995 659 4043 ut
672 3989 845 4061 peregrinum
859 3988 919 4043 dili·
972 3991 1000 4045 in
1015 3993 1144 4049 fractione
1158 3993 1246 4063 panis.
1262 3995 1318 4050 Nec
1328 3994 1575 4052 illiscredideruat.
1594 4021 1606 4048 a
1624 4001 1776 4058 Notandum

119 4094 223 4161 gerent.
253 4084 286 4140 Et
313 4082 377 4154 quia
401 4078 521 4137 extranei
545 4095 561 4135 a
579 4079 707 4134 charitate
727 4095 781 4134 non
795 4086 920 4149 poterant
973 4081 1036 4151 quia
1049 4082 1130 4152 aliqui
1145 4082 1252 4138 fuerant
1268 4082 1303 4138 ibi
1320 4083 1366 4154 qui
1381 4100 1436 4140 non
1451 4085 1630 4145 credidemnt
1646 4090 1703 4147 illis
1716 4090 1776 4147 duo·

119 4193 177 4233 esso
206 4174 233 4230 hi
257 4189 318 4229 cum
347 4170 444 4242 quibus
471 4169 576 4225 Veritas
602 4169 786 4243 gradiebatur,
807 4185 869 4223 arira
884 4168 918 4224 ad
972 4169 1031 4240 bus,
1048 4170 1135 4226 sedhi
1151 4171 1248 4243 quibus
1262 4172 1321 4244 jam
1340 4173 1475 4229 Dominus
1490 4188 1664 4248 apparuerat
1688 4180 1775 4253 pmfc·

117 4264 264 4336 hffipifium
291 4270 320 4316 ¹¹¹
346 4260 519 4332 Wflssfissum
547 4266 653 4326 V0⁰³¹¹b
687 4258 743 4314 iffl0
772 4265 918 4329 ⁰⁰⁰8er111¹²
971 4278 1014 4325 cto
1029 4270 1200 4326 crediderunt
1222 4270 1270 4326 eis.
1287 4271 1361 4328 Sicut
1383 4289 1418 4327 ex
1431 4273 1597 4333 mulieribus
1610 4278 1708 4337 llariae
1720 4280 1774 4335 lla·

117 4371 190 4411 eum.
207 4353 315 4421 Exque
342 4349 485 4421 colligitur,
502 4348 566 4419 quia
587 4348 723 4421 peregrini
750 4364 806 4404 noa
823 4347 912 4404 solum
971 4360 1095 4432 geatwa)
1120 4359 1157 4415 ita
1180 4377 1214 4416 (ιχ
1229 4360 1293 4418 viria
1319 4361 1398 4418 Petro
1422 4362 1496 4419 visus
1509 4372 1552 4421 esa
1576 4367 1686 4439 primo,
1704 4367 1774 4440 Quod

114 4446 245 4507 invitandi
259 4453 328 4514 sunt,
345 4444 392 4499 sed
407 4444 487 4499 etiam
502 4443 537 4499 ad
551 4444 696 4513 hospitium
711 4442 843 4498 trahendi.
927 4411 956 4475 D
971 4449 993 4505 si
1008 4465 1062 4506 non
1076 4448 1149 4507 dicat
1163 4450 1338 4523 evangelista,
1358 4450 1465 4524 mando
1479 4453 1525 4514 rel
1539 4455 1592 4513 ubi
1613 4457 1717 4517 factum
1729 4465 1772 4528 eat

156 4560 167 4589 ι
184 4538 218 4593 Et
232 4535 332 4591 factam
342 4540 391 4598 est,
406 4533 470 4588 dam
493 4533 662 4588 recumberet
677 4549 737 4587 cum
758 4532 822 4601 illis,
838 4548 914 4589 acoe-
968 4545 1058 4596 mmm
1073 4539 1136 4610 quja
1150 4539 1194 4610 sit,
1210 4554 1265 4597 110„
1280 4547 1358 4598 geg·

116 4628 158 4703 pit
171 4641 269 4701 panem
284 4631 311 4682 et
323 4622 471 4693 benedixit,
487 4621 620 4694 ecfregit,
639 4628 666 4677 et
683 4620 840 4694 porrigebat
850 4622 912 4678 iltis.

656 4981 873 5093 FERIA
912 4983 1216 5091 TERTIA.

761 5249 960 5319 Secundum
979 5250 1119 5319 Lucam.

152 5481 163 5513 a
191 5453 271 5516 Stetit
295 5455 370 5514 Jesus
384 5456 412 5511 in
436 5449 526 5512 medio
563 5452 755 5529 discipalomm
788 5471 908 5527 suorum,
962 5456 1102 5530 ligandum
1118 5457 1190 5529 quod
1204 5456 1266 5515 inde
1280 5457 1400 5517 Thomas
1413 5456 1528 5533 exierat,
1544 5470 1697 5538 antequam
1715 5464 1765 5524 Dc·

38 5597 42 5606 .
112 5563 139 5611 et
150 5551 219 5610 dixit
232 5547 293 5604 eis:
324 5548 383 5603 Pax
409 5545 497 5602 vobis.
525 5546 585 5618 Ego
600 5563 679 5616 sum;
710 5546 792 5602 nolite
816 5549 908 5604 timere
963 5547 1052 5603 minus
1065 5549 1312 5621 apparuissetaliis.

112 5647 190 5720 (Luc,
216 5639 304 5711 χχιι),
332 5659 343 5686 e
369 5635 433 5693 lloli
455 5634 584 5704 corporis,
617 5636 664 5692 ubi
692 5635 818 5693 diviuitas
841 5646 907 5707 erat,
1003 5660 1014 5688 a
1030 5639 1186 5697 Conturbati
1223 5656 1287 5698 vero
1315 5646 1343 5696 et
1366 5639 1487 5699 exterriti
1509 5642 1710 5705 existimabant
1737 5660 1764 5703 ac

109 5737 177 5796 ostia
200 5732 292 5792 clausa
312 5744 369 5787 aon
391 5723 560 5785 oosdterunt.
575 5724 609 5781 ta
621 5725 716 5799 procul
730 5726 812 5783 dubio
825 5727 908 5784 intel-
962 5729 1050 5788 visum
1063 5729 1168 5789 videre.
1188 5753 1199 5783 ι
1218 5731 1373 5789 Credebant
1395 5733 1525 5807 apostoli,
1537 5735 1663 5797 sednon
1675 5736 1763 5807 hadra-
