3780 6038
109 242 162 299 287

320 244 486 303 GOl'l'lllDl
501 246 645 302 attans
661 242 935 301 VINDOClNENSlS
949 244 1072 300 raptet.
1089 244 1139 300 titt
1154 243 1322 300 OllDlNllT.
1338 242 1459 311 EPlSC.,
1480 242 1546 299 ETC

1704 237 1759 297 2⁸8

112 365 227 423 verbum
241 381 258 422 a
274 366 414 425 Salvatore
437 376 532 424 nostro
554 367 648 425 audire
676 368 794 424 meruit:
822 369 906 427 llodic
921 367 950 429 A
964 366 1067 434 nititur,
1084 367 1133 422 sed
1147 367 1265 437 seipsum
1283 365 1329 421 liei
1343 365 1409 421 Filio
1423 363 1592 436 superiorem
1608 375 1658 416 sua
1677 359 1761 432 impia

112 445 217 503 scilicet
226 450 400 504 mccumcris
409 451 439 504 in
448 450 579 521 paradiso
589 451 667 519 (Luc.
676 466 751 512 ιιιιι,
763 450 817 518 ta).
833 449 912 505 Unde

113 533 140 588 in
156 533 317 591 latrooaillo
332 537 453 592 mxxime
472 537 643 594 declaratum
655 537 822 609 agnoscitur,
840 536 925 608 quod.

115 622 157 677 vir
171 622 329 693 catholicus,
346 625 408 680 licet
417 627 495 698 prius
511 625 627 682 infamia)
641 626 756 682 maculis
771 641 911 696 aspersus,

117 710 179 766 lidei
195 711 354 769 defensione
371 713 531 784 paradisum
558 715 660 785 pariter
675 723 777 770 etcum
805 714 913 770 Christo

117 804 325 856 assumeretur.
342 803 375 857 lit
399 803 527 875 quoniam
551 803 585 858 de
601 802 723 859 Simonis
749 803 912 859 mentionem

116 886 241 955 fecimus,
257 904 305 944 cur
315 889 376 961 ipsa
392 898 418 947 et
428 891 562 947 laicorum
572 892 737 948 investitura
746 892 778 947 sit
786 891 912 960 haeresis,

116 1003 143 1051 et
158 994 254 1050 merito
267 997 382 1053 baeresls
396 997 530 1070 appellari
545 999 654 1065 debeat,
667 999 784 1069 amplius
793 999 851 1054 Deo
865 999 914 1054 ad·

114 1095 226 1165 juvante
242 1098 358 1165 dicetur,
374 1116 408 1155 ne
423 1117 507 1171 super
534 1102 586 1157 boc
614 1101 744 1173 deinceps
762 1102 909 1157 dubitetur.

118 1185 176 1242 lloc
189 1193 260 1241 etam
279 1186 427 1243 silendumi
441 1204 494 1243 non
525 1190 585 1254 erit,
603 1191 676 1261 quod
704 1190 774 1245 sicut
789 1188 913 1261 quaedam

118 1273 279 1331 investitura
293 1276 426 1332 laicorum
437 1286 532 1332 contra
556 1276 648 1343 fidem,
665 1279 702 1333 ita
718 1280 842 1350 quasdam
870 1279 914 1333 in-

119 1364 249 1419 vestitura
263 1380 357 1420 eorum
373 1365 446 1420 salva
461 1364 516 1422 lide
533 1367 592 1422 lieri
621 1376 722 1438 potest.
742 1368 914 1423 Crerlendum

120 1468 172 1524 est,
187 1459 274 1516 irater
300 1461 468 1527 charissimo,
484 1469 511 1517 et
540 1460 653 1518 firmiter
677 1464 823 1518 tenendum
847 1463 915 1517 illud

120 1548 259 1621 praecipue
271 1550 397 1606 baeresim
412 1566 473 1605 esse
489 1550 584 1622 quoda
600 1550 797 1607 Patrisunitate
807 1550 913 1616 illium,

119 1637 177 1693 sive
191 1636 322 1709 Spiritum
333 1646 456 1695 sanctum
470 1647 583 1695 conatur
596 1656 735 1712 separare,
752 1640 793 1696 vel
816 1655 913 1710 perso-

966 456 1071 512 actione
1100 454 1256 527 siguificare
1284 454 1400 516 videtur,
1425 462 1498 509 recto
1520 451 1630 508 nomine
1649 457 1677 505 et
1702 449 1761 520 ipse

967 551 1119 620 lraeraticus,
1135 553 1235 621 etejus
1262 550 1423 607 investitura
1449 549 1560 608 baerasis
1586 545 1757 619 appellatur.

967 642 1028 698 Nun
1043 640 1077 695 sit
1087 641 1305 712 {imperatoribus
1333 638 1485 712 stragibus
1513 638 1659 693 molestum
1689 632 1762 707 quod

968 729 1092 795 dicimus,
1109 746 1161 786 uec
1175 728 1373 786 consuetudine
1392 727 1445 783 sibi
1474 726 1613 783 vindicare
1633 723 1761 792 nitantur,

969 819 1041 890 qood
1056 818 1096 874 cis
1111 819 1224 875 veritate
1237 826 1362 891 negatur.
1383 817 1449 874 Cum
1464 815 1541 872 laicis
1555 814 1636 871 etiam
1651 811 1762 886 religio·

968 919 1006 975 sis
1017 919 1248 991 disponendarum
1261 918 1446 975 Ecclesiarum
1459 915 1502 974 val
1516 912 1764 972 ecclesiasticarum

969 1023 1060 1063 rerum
1076 1009 1165 1064 omnis
1181 1007 1294 1064 incultas
1308 1006 1343 1061 ab
1357 1004 1488 1078 apostolis
1501 1003 1689 1077 prohibeatur,
1706 1017 1765 1054 ma-

969 1098 1097 1153 nifestum
1112 1097 1282 1168 estquodeis
1299 1094 1458 1151 investitura
1466 1092 1617 1167 negatorab
1626 1091 1685 1163 ipsa
1696 1088 1766 1147 veri·

970 1194 1035 1252 tate,
1051 1203 1065 1241 a
1081 1184 1325 1242 Christovideticet
1338 1184 1387 1257 qui
1400 1183 1427 1238 io
1442 1181 1574 1254 apostolis
1588 1178 1754 1253 loquebatur

970 1274 1048 1344 Quod
1062 1285 1153 1330 autem
1163 1274 1288 1330 Christus
1297 1274 1323 1328 in
1338 1271 1468 1344 apostolis
1482 1270 1516 1326 sit
1535 1271 1652 1337 locutus,
1665 1267 1767 1324 Paulus

969 1364 1108 1435 apostolus
1127 1363 1227 1418 asserit
1242 1363 1362 1417 dicens:
1383 1361 1426 1416 rln
1453 1358 1686 1433 experimentum
1704 1357 1768 1428 ejus

969 1462 1104 1534 queritis,
1113 1463 1197 1534 quiin
1205 1477 1247 1516 ma
1255 1461 1379 1532 loquitur
1387 1457 1535 1515 Christus?
1544 1454 1648 1529 (licor.
1660 1470 1721 1521 ιιιιι,
1729 1456 1769 1521 3.)

969 1560 1040 1615 Cum
1050 1559 1134 1631 igitur
1148 1558 1270 1615 Christus
1286 1557 1385 1613 veritas
1400 1556 1444 1621 sit,
1460 1555 1529 1612 sicut
1543 1556 1604 1625 ipse
1616 1551 1685 1607 dixit
1696 1569 1702 1605 z
1713 1553 1768 1623 Epo

969 1665 1033 1705 suin
1047 1648 1251 1718 ueritoslloo-n.
1263 1662 1317 1714 xtv,
1335 1647 1372 1716 6),
1388 1660 1439 1701 nec
1466 1658 1595 1716 unquam,
1622 1642 1684 1715 Ego
1706 1655 1767 1694 sum

119 1741 216 1782 narum
231 1726 344 1782 atteram
356 1728 443 1783 attera
457 1728 591 1784 minorem
605 1730 648 1785 vet
674 1730 805 1799 majorem
834 1745 912 1784 asse·
927 1725 953 1785 B
968 1737 1148 1802 consuetudo,
1164 1735 1271 1803 disent,
1283 1735 1328 1807 qui
1343 1733 1513 1790 christianus
1528 1739 1579 1800 est,
1608 1728 1766 1786 christum:

121 1831 192 1870 rere.
210 1815 276 1870 Sunt
284 1816 393 1888 quidem
401 1833 506 1873 errores
518 1825 544 1872 et
556 1817 715 1883 divisiones,
724 1835 784 1891 quae
795 1819 915 1875 haereses

121 1913 298 1983 appellantur,
316 1913 414 1984 quibus
425 1914 459 1970 de
473 1930 593 1984 persona
619 1916 703 1970 l‘atris
717 1916 759 1972 vol
773 1916 842 1982 Filii,
858 1916 915 1971 sive

122 2000 236 2071 Spiritus
253 2002 349 2070 sancti,
364 2003 406 2057 vel
421 2003 456 2059 de
469 2004 549 2059 simul
570 2011 626 2060 tota
639 2005 770 2061 Trinitate
785 2020 916 2076 peruerse

30 2094 32 2099 ’
122 2089 247 2146 sentitur.
264 2091 318 2147 Sed
333 2091 476 2147 sciendum
491 2092 617 2165 estquod
627 2093 673 2149 ille
688 2093 805 2150 maxime
821 2102 849 2150 ct
862 2110 917 2149 ma-

121 2178 166 2251 gis
185 2180 296 2252 proprie
310 2180 455 2236 haereticus
466 2182 629 2249 nominatur,
652 2183 699 2255 qui
722 2183 803 2239 iidem
818 2182 917 2238 Christi

121 2293 202 2349 quam
230 2277 345 2348 accepit,
366 2278 502 2334 obstinato
527 2279 611 2356 429
641 2281 733 2336 animo
757 2281 918 2352 impugnare

123 2374 240 2431 videtur.
259 2376 344 2447 igitur
355 2376 448 2433 Simon
473 2378 569 2449 llagus
582 2393 599 2432 a
614 2378 646 2433 S.
662 2377 787 2449 Pbilippo
800 2378 919 2449 baptiza-

124 2472 165 2520 tus
181 2479 234 2520 non
248 2473 350 2520 tanturn
379 2465 534 2532 haereticus,
564 2466 613 2522 sed
639 2467 830 2523 baereticorum
859 2468 919 2538 pri-

124 2575 185 2615 mus
201 2567 226 2615 et
239 2560 374 2631 pessimos
389 2561 511 2627 exstitit3
542 2562 587 2633 qui
603 2578 657 2617 non
684 2563 772 2619 solum
788 2579 807 2618 a
831 2564 919 2619 Patris

124 2647 276 2720 equalitate
290 2650 410 2721 separari
423 2666 505 2722 posse
534 2652 661 2722 Spiritum
689 2661 811 2709 sanctum
826 2653 919 2708 existi-

125 2738 277 2803 mavit,sed
299 2739 381 2794 etiam
408 2738 468 2810 ipso
493 2740 594 2811 Spiritu
622 2750 717 2797 sancto
746 2743 830 2811 muJ'or
858 2759 920 2798 esso

124 2835 338 2898 presumptuose
367 2828 496 2883 tentando
525 2830 692 2901 concupivit.
718 2831 786 2885 Nam
814 2846 875 2887 cum
891 2848 920 2886 se

124 2940 206 2995 posse
220 2925 333 2994 pecunia
356 2925 497 2996 possidere
512 2927 641 2999 Spiritum
656 2937 783 2984 sunctum
806 2930 918 3000 putavit,

127 3031 192 3102 quid
207 3031 320 3103 appetiit
335 3031 418 3099 aliud,
435 3033 486 3088 nisi
503 3042 532 3088 ut
547 3034 649 3102 Spiritu
661 3043 756 3090 serrato
768 3036 920 3106 major-ipsa
950 3083 960 3108 ,

937 3085 949 3145 (

125 3120 282 3187 baberetur,
292 3136 353 3176 cum
364 3121 489 3190 majorsit
497 3122 542 3193 qui
550 3123 686 3193 posssidet
697 3124 924 3196 quomqnodpos-
952 3120 961 3145 ¹

125 3218 371 3290 sideturrdctuntj
383 3220 565 3293 iCumitaquc
575 3221 664 3275 Putris
672 3229 699 3278 et
709 3222 727 3276 F
729 3223 766 3277 ilii
775 3232 801 3278 ct
807 3224 923 3295 Spiritus

127 3307 214 3364 sancti
228 3322 360 3378 personas
374 3307 522 3379 inaequales
537 3310 649 3380 quilibet
677 3311 770 3366 nititur
790 3321 921 3379 astruere,

128 3395 234 3450 ratione
249 3393 351 3466 pariter
373 3401 399 3449 ει
423 3396 585 3452 auctoritate
610 3398 756 3456 baereticus
780 3402 922 3467 habeatur,

128 3482 214 3539 multo
229 3482 319 3554 magis
334 3483 426 3538 Simon
455 3485 561 3558 liugos,
578 3486 623 3557 qui
651 3486 781 3558 Spiritum
800 3501 923 3546 sanctum

125 3582 184 3638 Deo
199 3580 269 3634 l’atri
283 3584 311 3635 et
329 3579 396 3636 Filio
423 3581 556 3653 aequalem
571 3600 620 3655 per
634 3584 726 3641 omnia
745 3587 796 3641 sibi
810 3588 923 3659 pecunia

127 3668 400 3737 subiiceretentarit,
423 3670 577 3738 baereticus,
606 3682 630 3729 et
665 3675 794 3742 simonia,
813 3694 874 3749 quas
890 3678 924 3734 ab

129 3772 190 3844 ipso
203 3771 313 3828 inventa
327 3778 377 3841 est,
394 3780 418 3828 ει
433 3773 468 3827 ab
478 3789 510 3828 eo
525 3772 633 3843 dicitur,
660 3777 771 3833 heresis
793 3795 923 3851 compro-

129 3875 217 3929 batur.
234 3873 331 3932 Laious
345 3883 436 3932 autem
459 3892 520 3933 oum
537 3876 721 3936 investituram
737 3881 923 3938 Ecclesiarnm

132 3962 225 4018 tribuit
240 3979 288 4035 per
302 3963 407 4036 virgam
423 3972 450 4020 et
465 3966 605 4032 aonidum,
630 3977 767 4040 quaesunt
792 3970 924 4027 Ecclesiae

132 4060 317 4120 sacramenta,
329 4052 398 4108 sicut
412 4054 452 4108 sal
467 4063 494 4109 ει
508 4070 589 4126 aqua,
605 4055 697 4112 oleum
712 4066 739 4113 et
754 4059 882 4124 chiama,
898 4067 925 4115 et

130 4154 257 4225 quaedam
269 4153 333 4219 alia,
350 4155 409 4210 sine
424 4154 522 4227 quibus
545 4157 686 4212 bominum
702 4166 730 4215 et
744 4158 923 4216 ecclesiarum

128 4243 351 4299 consecrationes
363 4242 422 4298 fieri
450 4260 505 4299 non
532 4254 654 4315 possunt,
677 4247 727 4302 sibi
753 4248 801 4320 jus
825 4248 923 4304 Cbristi
976 4253 1049 4322 jure,
1066 4251 1128 4324 quia
1156 4248 1254 4305 Christi
1268 4246 1372 4304 domini
1395 4257 1468 4310 sunt,
1489 4245 1621 4300 bonorem
1644 4242 1778 4299 debemus

128 4349 240 4410 usurpat
255 4350 281 4397 ει
294 4349 471 4412 potestatem,
486 4348 513 4397 et
529 4344 731 4415 quodammodo
746 4363 776 4403 se
792 4348 841 4403 liei
858 4348 924 4403 Filio

969 1842 997 1890 ot
1012 1834 1057 1907 qui
1072 1850 1120 1890 rex
1134 1841 1176 1889 est
1191 1833 1294 1905 Regem
1321 1848 1429 1905 regum,
1445 1831 1531 1901 ipsam
1546 1827 1648 1884 scilicet
1663 1826 1768 1882 verita-

970 1932 1035 1991 tem,
1048 1930 1186 1996 sequatur,
1203 1937 1257 1977 non
1273 1919 1508 1978 consuetudinem.
1522 1920 1552 1973 ln
1567 1913 1765 1973 ecclesiasticis

971 2011 1202 2084 possessionibus,
1218 2011 1344 2082 quamvis
1359 2024 1410 2065 nec
1425 2007 1452 2063 in
1467 2007 1585 2081 legibus,
1611 2020 1663 2061 nec
1677 2004 1704 2058 io
1719 2018 1768 2059 ca-

971 2101 1089 2157 nonibus
1110 2100 1272 2161 inveniatur.
1301 2107 1391 2154 tamen
1414 2104 1527 2169 propter
1555 2093 1717 2151 scandalum
1741 2098 1768 2147 et

971 2190 1091 2246 schisma
1105 2188 1253 2253 vitandum,
1270 2187 1330 2242 talis
1346 2185 1456 2258 regibus
1482 2182 1646 2240 investitura
1662 2194 1767 2238 conce-

971 2290 1060 2356 datur,
1078 2298 1105 2344 ut
1119 2305 1170 2345 nec
1198 2287 1258 2358 ipse
1272 2293 1383 2373 propter
1399 2285 1478 2362 431
1499 2285 1552 2340 hoc
1576 2282 1701 2354 pereant,
1715 2294 1768 2337 nes

972 2397 1068 2446 sancta
1082 2387 1206 2445 Ecclesia
1220 2385 1411 2441 detrimentum
1428 2382 1553 2454 patiatur.
1579 2380 1769 2435 lnvestituram

973 2496 1024 2552 per
1038 2479 1143 2551 virgam
1158 2486 1184 2532 et
1198 2474 1328 2531 annulum
1353 2473 1490 2544 accipere,
1502 2470 1554 2525 nisi
1576 2485 1593 2525 a
1608 2484 1659 2524 suo
1673 2483 1772 2524 conse·

973 2577 1088 2633 oratore,
1106 2564 1279 2621 manifestum
1295 2570 1335 2619 εει
1356 2578 1418 2618 εεεε
1433 2561 1604 2625 damnosum,
1622 2557 1687 2631 quia
1702 2555 1772 2612 nulli

974 2657 1045 2713 laico
1061 2654 1184 2712 licetilla
1213 2652 1343 2710 lloclesiae
1372 2658 1539 2708 sacramenta
1569 2649 1645 2717 dare,
1662 2644 1773 2702 siontei

974 2762 1027 2802 non
1044 2745 1105 2800 licet
1120 2743 1277 2814 episcopum
1292 2755 1468 2797 consecrare.
1482 2740 1538 2795 Res
1551 2740 1641 2806 etiam,
1657 2751 1767 2809 quaese·

974 2834 1028 2890 mel
1042 2832 1326 2895 licolcsiaedatarsunt,
1337 2845 1417 2902 reges
1425 2844 1474 2884 eas
1490 2827 1586 2884 iterum
1597 2824 1673 2893 dere,
1682 2824 1728 2880 vel
1736 2823 1772 2878 de

974 2932 1042 3003 ipsis
1057 2930 1187 2985 investire
1202 2943 1254 2983 nac
1263 2928 1371 2992 debent,
1388 2942 1437 2982 nec
1448 2923 1771 2994 convenienterpossuut.

975 3032 1046 3086 Nam
1061 3029 1144 3084 alicui
1160 3026 1225 3083 illud
1235 3025 1380 3099 darequod
1393 3025 1485 3090 babet,
1499 3032 1526 3078 et
1536 3024 1570 3079 de
1582 3024 1634 3079 buc
1641 3020 1774 3077 investire

977 3120 1095 3192 aliquem
1110 3118 1182 3190 quod
1197 3115 1243 3171 illc
1254 3119 1309 3182 jam
1324 3122 1407 3179 tenet,
1439 3112 1606 3184 superfluum
1621 3119 1664 3165 est
1678 3117 1704 3165 et
1723 3124 1774 3163 va-

978 3225 1052 3273 num,
1068 3214 1223 3262 nontamen
1240 3205 1347 3259 videtur
1373 3202 1564 3259 criminosum.
1591 3199 1654 3255 Alia
1678 3197 1776 3270 utique

978 3307 1018 3353 est
1032 3295 1202 3360 investitura,
1219 3310 1279 3365 qum
1294 3292 1452 3364 episcopum
1476 3290 1598 3360 perlicit;
1628 3287 1681 3343 alia
1695 3302 1775 3354 vero,

978 3400 1039 3456 quae
1054 3382 1211 3454 episcopum
1225 3379 1322 3450 pascit.
1353 3379 1401 3435 llla
1417 3394 1449 3435 ex
1461 3376 1553 3432 divino
1564 3375 1626 3448 jure
1649 3373 1774 3441 habetur,

977 3483 1031 3538 ista
1045 3499 1076 3537 ex
1089 3482 1151 3551 jura
1166 3480 1294 3534 bumana.
1312 3478 1447 3534 Subtrahe
1459 3477 1504 3545 jus
1532 3473 1662 3540 divinum,
1691 3470 1777 3544 spiri·

978 3570 1088 3626 tualiter
1102 3569 1247 3640 episcopus
1259 3582 1313 3622 non
1327 3574 1452 3631 creatum
1480 3563 1609 3618 subtrahe
1622 3562 1667 3631 jus
1681 3559 1774 3615 buma-

979 3676 1044 3714 num
1059 3657 1249 3729 possessiones
1275 3655 1382 3719 amittit,
1401 3655 1499 3725 quibus
1513 3652 1574 3723 ipse
1595 3648 1777 3721 corporaliter

978 3756 1155 3805 sustentatur.
1184 3746 1245 3800 Non
1259 3743 1331 3800 enim
1351 3741 1536 3810 possestiones
1552 3739 1666 3795 baberet
1680 3736 1778 3794 Eccle-

979 3849 1027 3915 sia,
1044 3849 1096 3904 nisi
1111 3848 1161 3904 sibi
1176 3863 1193 3903 a
1208 3846 1318 3919 regibus
1346 3845 1524 3908 donarentur,
1539 3849 1567 3897 ει
1580 3842 1615 3897 ab
1631 3840 1698 3911 ipsis
1721 3855 1777 3894 non

979 3958 1089 4031 quidem
1104 3955 1205 4012 divinis
1219 3951 1404 4016 sacramentis,
1421 3950 1469 4005 sed
1483 3947 1705 4022 possessionibus
1720 3956 1775 4002 ter-

980 4046 1054 4102 renis
1068 4044 1251 4101 investiretur.
1270 4043 1309 4097 Er
1322 4043 1385 4112 jure
1399 4040 1491 4096 divino
1506 4037 1615 4111 regibus
1627 4036 1737 4109 quidem
1749 4044 1777 4092 et

978 4147 1189 4220 imperatoribus
1205 4145 1393 4210 dominamur3
1410 4142 1476 4215 ipsis
1505 4149 1594 4196 tamea
1619 4155 1651 4195 ert
1677 4139 1777 4195 eodem

979 4348 1006 4396 ει
1020 4339 1206 4403 reverentiam,
1223 4337 1292 4393 siout
1302 4336 1367 4392 dicit
1381 4333 1546 4405 apostolus:
1563 4334 1665 4404 lienem
1689 4348 1770 4389 reue·

129 4438 258 4508 predicat
272 4438 406 4496 altiorem.
437 4441 507 4496 Nam
522 4442 586 4497 dnm
614 4442 658 4499 illa
679 4445 811 4502 Ecclesia
826 4461 923 4502 sacra·
937 4444 964 4506 D
978 4443 1083 4499 remini
1091 4442 1116 4511 (l
1125 4444 1201 4497 Petr.
1217 4457 1248 4507 n,
1266 4441 1323 4505 t't).
1340 4439 1378 4493 Ειι
1391 4436 1452 4509 jure
1466 4443 1557 4491 autem
1571 4434 1692 4490 humano
1712 4441 1774 4489 tan·

130 4544 404 4613 menisminorum,
433 4548 558 4604 abidan
586 4549 698 4618 debent,
727 4561 753 4607 92
777 4552 924 4622 quibuw
977 4539 1035 4586 tum
1051 4531 1104 4585 illis
1119 4530 1261 4594 debemus,
1274 4534 1402 4600 quantum
1417 4524 1609 4597 possessiones
1624 4522 1777 4595 diligimus,

130 4632 248 4706 quaudo,
266 4642 292 4690 ει
306 4635 447 4706 quomodo
461 4637 571 4703 debent,
588 4656 637 4710 per
651 4642 864 4697 consecrationis
879 4641 926 4696 mi·

128 4723 254 4788 nistrum,
269 4739 284 4778 a
300 4724 349 4779 Dei
378 4725 444 4781 Filio
463 4726 572 4790 dautur,
588 4744 603 4782 a
624 4745 679 4801 quo
707 4729 835 4785 universa
861 4728 926 4785 liunt

129 4838 312 4894 sacramenta,
329 4839 382 4886 eta
397 4848 451 4904 quo
468 4833 632 4891 tribuuntur.
652 4836 730 4892 Unde
756 4838 828 4891 Deus
851 4839 927 4892 Pater

130 4920 165 4975 ad
179 4919 311 4975 loannem
333 4919 455 4993 loquitur
471 4922 584 4978 iliceos:
610 4925 698 4997 Super
716 4942 798 4997 quem
824 4925 928 4981 uideris

128 5018 269 5090 Spiritum
279 5017 501 5083 descendentem,
521 5018 606 5096 430
623 5022 673 5077 ille
686 5024 787 5095 estqui
803 5023 931 5095 baptizat

128 5118 222 5188 (loon.
238 5129 257 5178 t,
272 5116 331 5183 33).
350 5113 464 5182 Quando
479 5116 554 5180 dixit,
571 5119 621 5174 ille
642 5123 685 5174 est
707 5119 755 5189 qrri
766 5119 931 5191 duplisona

129 5206 302 5274 partetotum
331 5198 504 5268 significavit.
535 5202 602 5257 Nam
619 5203 668 5259 Dei
698 5203 780 5258 Filius
802 5204 931 5259 universa

131 5307 232 5357 sanctae
247 5294 379 5350 Ecclesia
394 5294 504 5351 coniicit
518 5307 544 5353 et
560 5299 652 5355 tribuit
668 5309 849 5356 sacramenta.
868 5302 931 5356 Lai-

129 5404 182 5446 cus
195 5395 297 5454 autem,
312 5387 422 5459 quando
443 5395 538 5443 contra
553 5387 602 5443 Dei
617 5387 712 5443 Filium
728 5389 768 5444 sio
783 5390 932 5459 presumit,

130 5478 153 5535 si
167 5492 222 5531 non
235 5476 361 5546 amplius,
377 5491 430 5531 non
446 5476 535 5532 minos
548 5485 639 5532 tameo
666 5493 748 5548 quam
763 5478 859 5534 Simon
874 5480 933 5533 lla-

131 5582 203 5641 gnus
217 5565 350 5632 intumuit,
367 5573 394 5620 ει
414 5566 473 5636 ipse
488 5566 655 5633 intumescit,
679 5566 765 5636 quiin
789 5565 935 5622 collatione

131 5661 364 5714 sacramentorum
377 5672 407 5712 se
423 5656 471 5711 Dei
486 5656 555 5711 Filio
573 5653 722 5725 anteponit.
740 5657 774 5710 ttt
788 5656 853 5727 quin
874 5657 935 5711 Deo

130 5763 182 5825 Dei
197 5762 266 5821 Filio
280 5779 334 5821 non
359 5761 446 5821 solum
461 5762 504 5821 sui
519 5762 606 5819 Patris
621 5759 804 5835 equalitatem
823 5762 936 5819 demere

980 4628 1118 4700 quibusab
1127 4627 1193 4698 ipsis
1205 4626 1269 4682 vela
1280 4624 1434 4696 parentibus
1444 4623 1503 4679 suis
1514 4621 1638 4679 Eccelsia
1654 4621 1739 4677 ditata
1752 4628 1779 4677 et

981 4714 1293 4784 investitadignoscitor.
1308 4712 1385 4769 Unde
1397 4713 1426 4767 Β.
1435 4710 1781 4784 Augustinussuperloan·

981 4835 1043 4874 nem
1059 4819 1098 4873 sir.
1107 4817 1225 4889 loquitur
1234 4816 1332 4886 (tract.
1342 4818 1369 4885 b)
1381 4833 1387 4869 :
1398 4814 1459 4871 Noli
1468 4813 1561 4869 dicore
1571 4830 1577 4867 :
1589 4812 1662 4880 erid
1672 4813 1781 4869 mibiet

983 4911 1043 4982 repi
1053 4912 1064 4964 t
1075 4908 1145 4975 Quid
1156 4906 1208 4961 tibi
1216 4920 1279 4977 erpo
1290 4908 1318 4961 et
1326 4902 1515 4977 possessioni?
1528 4902 1597 4958 Nam
1606 4902 1725 4972 perjura
1736 4916 1782 4956 ra-

984 4996 1782 5081 gumpossessionesbubenturSiver0432dixeris,Qoid

986 5107 1050 5162 mihi
1066 5114 1091 5160 et
1106 5102 1164 5175 regi
1175 5102 1316 5171 iNoliJam
1328 5102 1420 5157 dicore
1431 5099 1624 5170 possessiones
1634 5103 1708 5164 tuas,
1719 5096 1784 5168 quia

986 5196 1085 5265 adipso
1093 5193 1163 5262 jura,
1176 5192 1276 5264 quibus
1288 5188 1477 5262 possessiones
1488 5185 1673 5258 possidentur,
1684 5202 1784 5241 renun-

986 5284 1073 5341 tiasti.
1099 5282 1167 5337 Nam
1196 5280 1347 5337 secundum
1373 5278 1417 5345 jus
1445 5278 1637 5347 imperatorum
1658 5274 1785 5347 possides

988 5381 1107 5429 terrena.
1125 5370 1200 5426 Tolle
1215 5367 1489 5440 imperatorumjura,
1506 5365 1565 5436 quis
1580 5362 1663 5419 audet
1677 5363 1785 5420 dicere:

988 5464 1048 5518 llea
1061 5469 1102 5516 est
1118 5459 1165 5514 illa
1181 5459 1253 5523 villa,
1269 5464 1313 5511 sut
1328 5472 1404 5511 meus
1420 5462 1461 5509 est
1474 5455 1525 5508 isto
1541 5468 1649 5519 servus,
1664 5459 1712 5507 aut
1726 5466 1785 5506 mea

988 5558 1031 5607 est
1042 5551 1094 5604 ista
1106 5548 1227 5604 domus?
1242 5545 1301 5617 Quo
1315 5542 1508 5614 juredeiendis
1522 5540 1740 5607 villasldivino,
1751 5555 1788 5596 an

987 5650 1132 5707 humano?
1145 5650 1266 5706 divinum
1279 5649 1324 5717 jus
1338 5648 1365 5701 in
1385 5644 1534 5717 Scripturis
1563 5643 1718 5708 babemus;
1733 5643 1785 5697 bn·

990 5757 1191 5829 manumissio
1204 5755 1431 5831 legibusregum.
1448 5749 1652 5824 Unde-quisque
1663 5746 1788 5823 possidet
