3780 6044
543 221 903 330 naruomrxonns'ss.
924 272 1124 333 alrann-
1142 274 1206 333 nra.
1228 277 1252 331 1.

76 268 129 322 8ἾἹ
1675 277 1728 332 878

76 388 251 446 dilectionem
277 402 331 444 non
357 389 512 461 sustinens,
542 408 597 448 non
624 393 795 465 imperative,
824 397 871 452 sed
885 403 912 463 Α
928 397 1727 473 naripraevaleat,etexistasapientiagustansduicedinem

73 476 163 533 votive
175 483 202 533 et
217 477 345 534 aestuanti
360 476 497 537 desiderio
511 488 635 551 exoptat.
656 481 734 539 Unde
748 490 774 538 et
789 483 871 540 dicit:
927 488 977 543 Dei
993 502 1056 544 cum
1070 491 1204 560 propbeta
1232 488 1295 545 dicit
1311 509 1321 557 ‚·
1339 511 1350 537 .
1368 488 1484 544 Gustata
1499 496 1526 545 et
1537 487 1628 545 videte
1656 502 1728 560 qno-

73 588 84 615 ·
104 565 253 623 Osculetur
273 581 319 623 me
341 567 437 624 osculo
465 569 522 624 oris
551 570 605 625 sui.
624 591 637 621 s
653 570 714 627 Duo
728 579 790 627 sunt
801 571 873 629 labia
926 577 1000 631 niam
1015 577 1111 632 suavis
1125 586 1169 633 εει
1184 578 1316 633 Dominus
1336 578 1534 648 (Prol.xxxu1).
1552 576 1727 647 »Reliquum

71 678 202 735 sponsae:
223 662 324 719 labium
346 663 459 720 interius
492 667 627 732 voluntas,
653 685 714 738 quae
735 669 873 741 appetitus
926 674 968 721 εει
982 666 1076 721 videre
1092 666 1191 737 quibus
1205 667 1333 738 personis
1356 667 1383 720 in
1405 665 1530 723 Ecclesia
1556 666 1600 722 vol
1621 664 1726 721 meritis

71 752 188 821 dicitur;
220 760 247 808 et
278 752 506 820 consensualitas,
534 772 615 827 qnam
638 757 771 813 babemus
794 774 872 814 eom·
926 764 953 818 in
968 764 1059 819 anima
1073 765 1132 820 bec
1146 763 1255 836 singula
1269 763 1363 821 oscula
1377 763 1549 820 conveniant.
1563 763 1726 820 Provolutus
1806 763 1810 769 '

68 856 179 898 munem
192 856 257 897 cum
272 840 445 897 animalibus.
462 843 577 899 Labium
592 845 719 915 superius
734 853 776 901 est
790 848 871 902 ratic.
927 853 1014 909 estad
1032 852 1117 925 pedes
1135 852 1197 918 tob,
1222 853 1321 911 radens
1340 853 1445 908 saniem
1461 859 1542 921 testa,
1558 851 1643 908 idest
1659 867 1725 908 cor·

69 931 184 996 ilerum.
205 930 260 986 duo
289 937 353 984 sunl
377 929 450 985 labia
478 932 603 1005 sponsi:
633 933 737 989 labium
761 933 873 993 interius
926 942 1082 1013 ruptionem
1108 940 1215 1012 peccati
1243 940 1311 997 dura
1340 941 1513 1011 poenitentia.
1535 940 1665 997 Osculum
1690 940 1725 1015 ad

68 1026 256 1100 intelligentia,
271 1027 381 1098 quando
393 1027 495 1084 labium
505 1029 679 1102 conjungitur
689 1031 874 1099 voluntati,ut
926 1054 1024 1094 manus
1052 1038 1206 1110 suscipiens
1233 1043 1276 1093 est
1304 1039 1413 1105 Esther,
1443 1037 1488 1095 eui
1515 1037 1549 1093 ad
1564 1054 1659 1110 regem
1680 1037 1724 1092 in-

69 1115 330 1189 intelligatquidem
345 1115 432 1172 libere
447 1116 518 1173 velle
533 1125 560 1173 et
574 1127 718 1190 appetere,
735 1126 762 1175 el
777 1119 871 1177 dicat:
926 1127 1043 1184 troeunti
1066 1141 1152 1182 aurea
1176 1126 1265 1198 virga,
1295 1126 1323 1182 id
1352 1133 1394 1182 est
1417 1126 1512 1182 divina
1535 1125 1681 1183 elementia
1696 1132 1723 1181 et

70 1204 148 1260 Prius
169 1204 312 1276 cupiebam
338 1204 472 1272 camilli&
498 1221 571 1263 ⁰⁰⁰0
591 1222 659 1264 velo
682 1230 693 1256 ·
717 1208 874 1281 concupivit
925 1216 1055 1272 virtutum
1092 1214 1228 1286 promotio
1257 1212 1292 1269 de
1319 1229 1400 1268 manu
1433 1211 1551 1271 benefici
1583 1212 1723 1285 largitoris

70 1302 160 1361 anima
175 1319 237 1359 mea
253 1303 411 1360 desiderare
436 1303 643 1375 justificationes
671 1316 729 1363 tuas
749 1307 778 1363 in
798 1307 873 1364 omui
925 1303 1091 1376 porrigitur.
1107 1302 1270 1374 Pertingens
1285 1301 1321 1357 ad
1335 1302 1460 1358 osculum
1475 1302 1532 1359 oris
1547 1305 1589 1358 est
1603 1304 1721 1373 Moyses,

68 1400 192 1464 tempore
207 1392 297 1463 (Psoi.
316 1390 424 1466 oxvnx).
443 1393 578 1464 Superius
599 1395 701 1451 labium
716 1394 816 1467 Sponsi
830 1409 873 1458 εει
926 1392 1013 1466 quiin
1027 1398 1120 1449 monte
1134 1406 1197 1448 cum
1226 1390 1348 1447 Domino
1375 1398 1569 1458 commoretur,
1586 1398 1612 1446 et
1625 1405 1672 1445 ore
1687 1388 1723 1444 ad

67 1489 211 1560 sapientia,
227 1504 309 1560 quam
340 1488 428 1563 tangit
457 1489 526 1546 ratio
541 1489 871 1564 utnibilpraeterDeutu
925 1488 1106 1562 osloquitur,
1137 1488 1181 1545 vel
1210 1486 1307 1554 blaria,
1334 1504 1396 1561 qum
1421 1488 1533 1546 verbum
1548 1503 1580 1544 ex
1596 1487 1723 1543 oretesu

68 1577 170 1650 sapiat,
194 1577 290 1651 sicque
314 1594 374 1635 suae
397 1578 569 1636 sensualitati
595 1597 717 1652 praecsse
739 1588 767 1638 et
780 1580 872 1639 domi·
925 1593 993 1636 aure
1007 1576 1218 1634 intentsaudire
1232 1576 1343 1648 expetit.

599 1985 916 2082 bottlttlca
969 1983 1235 2078 innuli.

724 2181 921 2250 Secundum
942 2183 1076 2248 Lucam.

107 2391 201 2449 ·nrav
218 2391 299 2448 lesus
327 2391 443 2463 ejiciens
468 2392 644 2463 daemonium,
676 2401 703 2452 et
728 2400 787 2450 erat
802 2394 910 2461 illudB
926 2396 983 2453 eis.
1006 2394 1123 2452 uOmne
1147 2408 1265 2467 regnum
1292 2391 1321 2448 in
1349 2392 1470 2466 seipsum
1497 2393 1617 2452 divisum
1637 2394 1721 2453 deso·

73 2488 190 2537 mutum.
210 2481 243 2537 Et
258 2496 320 2537 cum
344 2482 472 2552 ejecisset
499 2482 678 2552 daemonium,
707 2483 815 2541 locutus
829 2491 872 2541 est
924 2484 1035 2552 labitur,
1052 2491 1079 2541 et
1093 2483 1192 2540 domus
1213 2481 1300 2539 divisa
1322 2482 1461 2538 adversus
1476 2498 1507 2539 se
1522 2497 1578 2540 non
1591 2483 1687 2540 stabit.
1708 2507 1721 2535 ι

70 2579 173 2637 mutus,
185 2576 212 2626 et
225 2569 365 2627 sdmiratae
388 2580 451 2626 sunt
481 2572 567 2628 turbae
581 2572 724 2629 dicentes:
741 2572 871 2645 Nunquid
923 2574 966 2629 Ad
980 2572 1166 2646 cogitationes
1193 2571 1395 2628 Pharisaeorum
1423 2570 1569 2644 respondit
1582 2580 1610 2627 ut
1624 2571 1668 2628 vel
1680 2572 1722 2630 sic

68 2660 193 2732 apparuit
208 2658 248 2715 sic
274 2659 301 2715 in
324 2659 418 2715 lsrael.
448 2661 577 2733 Nunquid
602 2661 654 2716 iste
675 2669 717 2717 εει
731 2659 802 2717 filius
817 2662 871 2717 Da·

69 2757 125 2825 vid,
141 2766 193 2813 etc.
210 2757 296 2829 (Lac.
315 2757 354 2828 xx)
370 2760 406 2810 la
432 2760 475 2814 Ac
497 2759 520 2814 si
540 2759 633 2815 dicant
649 2760 735 2816 turbae
748 2757 845 2815 fideles
862 2777 870 2816 :

69 2844 133 2901 Non
161 2853 263 2901 tanturn
291 2855 334 2905 est
359 2845 433 2902 filius
460 2847 547 2903 David
569 2847 632 2916 iste,
663 2847 711 2903 sed
726 2848 807 2903 etiam
822 2848 871 2903 Fi·

68 2934 123 2990 lius
151 2934 215 2990 Dei.
248 2937 279 2990 ln
308 2935 405 2992 Graeco
431 2936 529 2992 melius
557 2936 767 3008 sonatfsurdum
788 2951 871 3009 quam

71 3033 194 3090 mutum;
222 3024 271 3080 sed
306 3023 450 3093 Scriptura
487 3024 605 3081 alterum
633 3024 730 3096 accipit
757 3025 871 3083 indiffe-

68 3131 163 3178 renter
175 3138 227 3194 pro
241 3121 334 3178 altero.
354 3122 483 3194 Egressis
497 3130 598 3188 autem,
616 3121 751 3179 subaudis
767 3124 801 3179 de
817 3124 873 3181 boc

69 3210 181 3280 saeculo,
209 3211 366 3268 obtulerunt
393 3210 510 3269 Domino
538 3210 734 3284 praedicatores
755 3220 870 3283 mutum,

70 3299 176 3356 scilicet
190 3299 321 3372 populum
344 3308 459 3367 mutum,
491 3300 537 3372 qui
565 3300 633 3356 nibil
649 3300 871 3359 adbuceratlo·

69 3398 151 3447 cutus
166 3389 201 3445 de
215 3387 305 3462 gloria
321 3388 380 3456 Dei,
398 3388 471 3462 quod
484 3405 540 3445 nou
554 3389 691 3446 habuerat
705 3388 871 3461 praedicato-

69 3505 125 3545 res.
141 3486 323 3561 liicpopulus
351 3486 511 3561 intelligitur
538 3487 623 3544 luisse
652 3487 688 3545 da
716 3487 871 3561 gentibus:

71 3576 145 3635 unde
159 3585 186 3634 et
200 3577 325 3650 sequitur
351 3575 494 3632 admiratio
523 3577 664 3633 turbarum
687 3577 724 3633 da
743 3577 812 3648 ipsis
827 3576 873 3633 di·

71 3667 198 3726 centibus
222 3681 363 3740 nunquam
392 3664 434 3722 sic
461 3665 623 3737 apparuisse
637 3665 772 3733 inlsraal,
793 3666 872 3722 scili·

924 2662 1156 2734 compellerentur
1174 2660 1301 2718 credere.
1322 2660 1404 2715 Juxta
1419 2659 1538 2716 litteram
1558 2665 1634 2731 patet
1648 2660 1722 2732 quod
1740 2712 1742 2719 .

924 2775 1005 2816 omne
1032 2775 1152 2832 regnum
1181 2757 1298 2814 solidum
1327 2765 1354 2813 et
1376 2755 1494 2824 firmum,
1517 2756 1540 2812 si
1562 2772 1612 2828 per
1632 2766 1722 2828 partes

924 2848 1064 2917 dividitur,
1089 2863 1152 2904 cum
1172 2847 1219 2902 aiii
1236 2846 1272 2902 ab
1285 2846 1347 2902 aliis
1367 2846 1411 2901 vei
1435 2846 1586 2917 puniuntur
1599 2845 1642 2902 vel
1657 2860 1723 2916 per-
1810 2910 1817 2925 ¹

924 2938 1055 3007 imuntur,
1084 2936 1112 2991 iu
1141 2934 1317 2992 solitudinem
1342 2934 1485 3007 redigitur,
1514 2941 1659 2991 vacuatum
1685 2933 1722 2990 ab

924 3035 1134 3092 habitatoribus.
1155 3034 1260 3091 Cadere
1275 3048 1384 3105 quoqne
1407 3032 1480 3088 ratio
1494 3039 1536 3087 est
1550 3032 1648 3089 domus
1661 3031 1722 3089 siva

924 3125 1030 3183 civitas.
1050 3122 1129 3193 Quod
1158 3123 1300 3179 Matthaeus
1331 3120 1417 3192 ponit.
1434 3120 1585 3177 Concordia
1598 3134 1723 3191 namque

923 3228 1016 3286 psrvae
1031 3229 1079 3269 res
1093 3218 1233 3279 crescunt;
1250 3209 1388 3266 discordia
1409 3209 1527 3265 maxime
1549 3208 1719 3265 dilabuntur.

924 3301 983 3374 Qun
999 3310 1093 3359 autem
1107 3302 1166 3357 baec
1190 3298 1367 3370 spiritualiter
1389 3298 1573 3366 attendantur,
1590 3297 1719 3369 exponit.

961 3422 972 3451 ι
990 3401 1019 3458 Si
1039 3407 1130 3458 autem
1146 3405 1173 3455 et
1187 3398 1301 3455 Salsum
1328 3397 1357 3453 iu
1385 3396 1509 3469 seipsum
1536 3395 1641 3453 divisos
1667 3402 1720 3463 εει,

925 3491 1062 3564 quomodo
1081 3488 1165 3545 stabit
1179 3502 1293 3560 regnum
1308 3485 1407 3558 ipsius.
1429 3507 1440 3534 a
1457 3485 1518 3541 Nou
1533 3492 1623 3556 potest
1637 3491 1723 3553 ειεεε,

924 3589 973 3645 sed
988 3587 1069 3644 finem
1085 3586 1177 3652 babet,
1193 3583 1258 3657 quia
1281 3581 1370 3638 dicitis
1395 3582 1422 3637 ia
1447 3579 1601 3638 beelzebub
1624 3582 1725 3652 ejicere

924 3673 1126 3733 medaemonia.
1152 3671 1264 3743 Eligant
1283 3668 1357 3741 quod
1381 3668 1478 3727 velint.
1496 3669 1526 3725 Si
1539 3668 1657 3725 Satanm
1672 3668 1724 3725 Sa·

68 3774 114 3825 cet
128 3774 157 3822 ut
171 3773 210 3823 tot
228 3765 292 3821 inde
321 3762 402 3820 simul
432 3770 660 3821 converterentur
676 3763 712 3819 ad
734 3763 870 3821 Christia-
885 3760 910 3825 C
924 3781 1021 3830 tanam
1037 3776 1197 3842 nonpotest
1218 3767 1332 3842 ejicere,
1357 3765 1425 3822 nibil
1452 3774 1549 3824 eontra
1571 3767 1723 3823 Dominum

68 3856 199 3913 nismum.

107 3957 266 4017 starisaei
287 3964 378 4014 autem
399 3954 526 4012 dicebant
543 3973 549 4008 ε
567 3954 597 4009 ln
617 3953 774 4010 beelzebub
788 3953 869 4028 prin·

69 4047 338 4120 cipedaemoniornm
354 4045 398 4101 hio
416 4043 491 4113 ejicit
505 4043 655 4099 daemones.
674 4065 685 4091 a
701 4043 800 4098 Turbis
814 4041 869 4098 mi·

67 4152 119 4192 nus
143 4137 256 4193 eruditis
283 4134 355 4192 lacta
382 4131 491 4191 Domini
519 4131 693 4199 mirantibus,
715 4131 817 4188 scriba
843 4139 871 4188 et

68 4225 197 4281 Pharisaei
212 4224 324 4282 sinistra
346 4221 569 4295 interpretatione
593 4220 628 4276 de
652 4219 733 4276 lactis
759 4217 872 4275 Domini

68 4315 232 4371 laborabant
259 4312 437 4370 attribuentes
465 4310 594 4366 miracula
618 4308 675 4378 ejus
719 4306 873 4364 beelzebub

71 4413 146 4486 quod
159 4414 227 4470 deus
254 4421 312 4469 erut
339 4415 477 4469 decaron.
511 4407 575 4464 Beel
590 4406 650 4479 ipse
664 4409 707 4463 est
721 4405 798 4462 Baal.
815 4408 868 4462 Ze-

72 4502 127 4558 bub
153 4510 244 4559 autem
268 4516 366 4559 musca
389 4507 511 4557 vocatur.
544 4497 609 4552 Haec
633 4496 711 4565 Juxta
739 4494 868 4568 quaedam

70 4591 205 4648 mendosa
231 4591 404 4663 exemplaria,
437 4591 456 4657 l,
484 4588 584 4654 littera,
614 4584 657 4642 vel
681 4585 699 4641 d
719 4582 813 4640 iuliue
828 4599 870 4660 esp

70 4691 190 4749 nominis
203 4692 333 4766 legenda.
349 4691 402 4748 Sed
426 4690 453 4759 b,
480 4687 551 4756 beel,
573 4685 670 4755 zebub,
687 4691 732 4741 aut
746 4685 789 4740 cir
801 4700 869 4741 mu-

72 4799 197 4845 scarum,
215 4784 275 4838 sive
290 4781 395 4838 babens
412 4794 523 4835 muscus
537 4778 740 4847 interpretatur,
755 4773 791 4830 ob
805 4788 868 4828 sor·

71 4870 121 4926 des
149 4870 276 4928 videlicet
304 4868 467 4926 immolatitii
491 4866 607 4932 cruoris,
633 4880 665 4920 ex
689 4862 768 4932 cujus
791 4877 868 4933 spur-

69 4965 184 5025 cissimo
197 4966 252 5023 ritu
265 4966 308 5024 vel
323 4965 434 5023 nomine
448 4963 597 5036 principem
611 4959 808 5015 daemoniorum
823 4972 866 5014 co·

69 5056 277 5131 gnominabant.
299 5057 369 5112 Nota
398 5056 471 5128 quod
499 5053 596 5119 Ninus,
612 5066 664 5106 rex
682 5046 808 5104 conditor
821 5046 868 5101 Ni·

923 3863 1026 3920 dicunt.
1051 3860 1081 3917 Si
1101 3867 1193 3916 sutem
1223 3863 1324 3929 potest,
1354 3855 1484 3913 recedant
1506 3870 1524 3911 a
1549 3870 1638 3928 regno
1652 3856 1723 3926 ejus,

923 3951 996 4024 quod
1024 3948 1143 4006 divisum
1171 3953 1244 4002 stare
1270 3960 1326 4000 non
1353 3951 1444 4015 potest
1464 3959 1499 3999 ne
1516 3943 1545 3998 in
1568 3944 1647 4001 ruina
1665 3943 1724 4012 eius

923 4048 1028 4121 pariter
1054 4045 1236 4102 involvantur.
1254 4066 1266 4090 ι
1282 4041 1313 4097 Si
1339 4048 1430 4097 eutem
1446 4056 1499 4112 ego
1514 4040 1542 4095 in
1567 4039 1722 4096 Beelzebub

925 4137 1003 4207 ejicio
1027 4133 1173 4200 damonia,
1194 4129 1242 4186 lilii
1264 4129 1348 4186 vestri
1369 4129 1398 4184 in
1422 4145 1477 4200 quo
1499 4127 1640 4199 eliciunt?
1655 4128 1722 4186 ldeo

923 4225 976 4298 ipsi
997 4224 1109 4296 judices
1129 4219 1213 4277 vestri
1236 4226 1327 4274 erunt.
1356 4240 1367 4267 a
1391 4217 1475 4274 Filios
1502 4218 1658 4274 tudaomm
1679 4215 1722 4273 vel

923 4314 1074 4372 exorcistas
1088 4309 1182 4384 gentis
1195 4308 1270 4364 illius
1284 4305 1455 4380 signitieant,
1472 4306 1517 4363 vel
1531 4306 1671 4378 apostolos
1685 4321 1723 4363 ex

924 4418 1020 4460 eorum
1043 4400 1128 4472 stirpe
1151 4404 1306 4471 generatos.
1330 4394 1414 4465 Quasi
1433 4393 1528 4452 dicat:
1552 4395 1581 4450 Si
1606 4395 1634 4451 in
1658 4394 1722 4451 tiliis

923 4499 1025 4558 vestris
1035 4497 1223 4570 expulsionem
1234 4494 1394 4550 daemonum
1402 4492 1623 4562 Deoattribuitis,
1635 4508 1721 4566 quare

923 4589 951 4646 in
966 4604 1010 4645 me
1024 4603 1080 4644 non
1092 4586 1166 4642 idem
1178 4583 1286 4641 tacitis?
1300 4581 1433 4653 Apostoli,
1451 4583 1497 4654 qui
1512 4590 1574 4638 sunt
1588 4580 1722 4655 ignobilia

924 4686 951 4735 et
977 4674 1190 4746 mntemptibitia
1220 4672 1302 4742 hujus
1336 4669 1442 4738 mundi,
1471 4669 1499 4726 in
1527 4669 1626 4743 quibus
1663 4685 1721 4726 non

924 4776 1092 4848 malignitas,
1114 4773 1163 4828 sed
1192 4785 1260 4825 mem
1285 4768 1395 4826 virtutis
1416 4767 1576 4840 simplicitas
1593 4774 1720 4839 apparat,

922 4869 1008 4923 testes
1027 4861 1081 4918 mei
1103 4867 1192 4924 erunt,
1214 4855 1287 4930 quod
1300 4856 1328 4912 in
1343 4855 1444 4928 Spiritu
1457 4864 1552 4912 saneto
1566 4855 1645 4925 ejicio
1659 4855 1719 4912 dae·

922 4961 1026 5020 monia.
1054 4959 1087 5014 Et
1106 4961 1187 5012 erunt
1209 4952 1294 5010 vestri
1318 4951 1426 5021 judices
1441 4952 1475 5008 de
1490 4953 1542 5007 boc
1557 4951 1630 5023 quod
1653 4950 1720 5007 mihi

922 5048 1060 5123 impunitis
1087 5062 1138 5117 per
1158 5041 1310 5099 Beelzebub
1339 5040 1460 5112 operari.
1489 5040 1540 5096 Vel
1564 5040 1718 5111 exorcistae,

69 5144 147 5202 nives
163 5145 228 5203 Belo
242 5145 313 5217 patri
328 5153 440 5201 statuam
454 5140 636 5206 consecravit,
661 5137 742 5210 eique
756 5135 867 5191 divinos
881 5124 908 5186 D
923 5139 970 5213 qui
984 5137 1033 5193 stlii
1047 5133 1131 5191 vestri
1155 5139 1218 5187 sunt
1242 5138 1269 5185 et
1290 5129 1430 5185 daemoues
1458 5128 1553 5201 lugent
1568 5129 1605 5184 ab
1619 5128 1718 5185 obses-

70 5243 190 5300 bonores
214 5243 368 5299 constituit.
395 5243 477 5312 Cujus
498 5237 641 5296 simulacri
660 5232 866 5291 similitudinem

70 5332 190 5389 Cbaldaei
200 5332 393 5405 suscipientes,
416 5331 461 5388 Del
477 5329 620 5388 vocabant.
640 5325 707 5382 lnde
725 5320 865 5380 Palaestini

69 5422 262 5493 suscipientes,
272 5420 480 5479 Banldicebaut.
492 5419 616 5475 bloabitrc
625 5414 806 5486 Beelphegor,
819 5413 832 5466 J
836 5427 867 5465 u·

71 5509 124 5568 ‹taei
137 5519 237 5580 autem,
254 5513 333 5569 unius
348 5511 398 5567 Dei
421 5510 540 5566 exaltares
563 5513 683 5578 propter,
699 5501 865 5559 derisionem

66 5609 204 5683 gentium,
220 5609 374 5667 Beelzebub
391 5606 575 5680 appellabant,
600 5609 757 5659 asserentes
771 5599 799 5654 in
814 5599 867 5656 boc

70 5694 222 5756 simulacro
237 5698 388 5774 principem
403 5694 597 5753 demoniorum
607 5690 741 5747 babitare.

105 5808 118 5837 a
145 5787 208 5861 lpse
228 5795 367 5846 autemut
391 5784 458 5845 vidit
478 5781 659 5861 cogitationes
679 5793 774 5836 eornm
796 5775 869 5832 dixit

921 5229 959 5284 sis
969 5226 1078 5298 judices
1091 5220 1175 5280 vestri
1202 5223 1291 5281 erunt,
1318 5231 1372 5273 non
1402 5223 1536 5288 potestate
1557 5226 1586 5273 ut
1605 5217 1660 5274 mei
1674 5218 1718 5274 di·

920 5325 1030 5394 scipuii,
1051 5320 1101 5377 sed
1130 5315 1352 5389 comparatione,
1378 5313 1442 5370 dum
1466 5314 1507 5370 illi
1527 5314 1718 5387 expulsionem

920 5415 1075 5471 damonum
1098 5406 1159 5464 Deo
1178 5405 1331 5477 assignant,
1355 5419 1405 5462 vos
1419 5403 1572 5461 Beelzebub
1594 5405 1718 5479 principe

921 5499 1128 5561 daemouiorum.

959 5614 970 5639 ι
988 5591 1083 5655 Porro,
1093 5586 1116 5642 si
1124 5585 1152 5641 in
1164 5582 1272 5656 dignito
1282 5581 1332 5640 Dei
1342 5580 1426 5654 ejicio
1434 5581 1578 5650 demonia,
1594 5581 1718 5656 prolecto

921 5679 1047 5753 pervenit
1069 5675 1097 5731 in
1121 5689 1171 5732 vos
1194 5688 1313 5746 regnum
1340 5671 1404 5728 Dei.
1426 5695 1438 5722 s
1464 5669 1493 5726 Si
1506 5684 1560 5741 eun
1574 5669 1729 5738 inspiras

921 5768 974 5830 Dei
987 5766 1070 5842 eiiaic
1094 5763 1253 5836 demones,
1269 5775 1329 5819 nec
1348 5758 1435 5815 rainer
1455 5750 1652 5832 nassamones
1658 5744 1763 5800 essex
1782 5800 1785 5805 ,
