3780 6044
121 259 177 314 ast

591 246 889 308 nantontnontts
903 245 954 304 SS.
969 243 1126 313 partun.
1141 274 1176 289 -
1190 245 1259 305 tta.
1279 248 1302 303 l.

1720 249 1772 305 858

122 380 281 455 gellabitnr,
295 388 320 437 et
328 386 502 450 conspuetur.
510 378 545 434 lit
559 383 704 448 postquam
720 371 922 447 flagellaverint
936 368 964 431 Α
980 377 1080 444 quanto
1094 370 1183 445 magis
1198 378 1320 439 vetatur,
1337 379 1413 429 tanto
1426 370 1514 445 magis
1528 370 1698 427 accenditur.
1713 371 1773 428 ιιι·-

121 464 249 521 oceident
264 479 337 530 eum,
354 471 381 519 et
396 461 475 518 tertia
489 461 534 516 die
549 465 680 531 resurget
693 460 773 523 (Luc.
796 459 886 521 xviii).
907 477 919 505 l

122 554 152 611 Si
168 552 288 624 apostoli
310 552 388 608 toties
411 550 566 622 praemoniti
580 549 615 604 de
629 555 715 603 morte
730 545 850 613 Domini,
866 551 921 600 turn

122 657 185 698 cum
200 641 309 714 quando
324 641 539 710 comprehensus
563 644 604 692 est
619 636 797 708 reliquerunt,
820 641 922 706 quanto

121 739 211 811 magis
226 738 487 805 scandalizarentur,
503 736 527 791 si
546 733 701 807 praemoniti
723 749 778 788 non
793 731 920 787 luissent.

122 829 227 884 Crebro
246 827 330 899 igitur
343 825 469 898 praedixit
483 825 535 895 eis,
555 833 582 880 et
604 823 741 897 passionis
755 837 874 892 poenam,
895 828 922 877 et

122 916 330 975 resurrectionis
340 916 501 990 gloriam,ut
512 931 574 970 cum
589 913 752 968 morientem
766 920 918 977 cernerent,

121 1016 205 1072 etiam
219 1023 437 1070 resurrecturum
453 1028 508 1068 non
522 1010 685 1067 dubitarent.
710 1007 789 1079 Quod
803 1006 921 1063 ostendit

119 1104 316 1177 prophetarum
331 1101 475 1174 praesagiis
489 1101 524 1156 ad
551 1098 765 1156 destructionem
780 1095 921 1152 haeretico-

120 1210 183 1249 rum
199 1194 225 1247 in
240 1191 363 1249 Ecclesia
379 1190 543 1246 iuturorum.
569 1210 581 1237 ι
605 1187 642 1243 Ει
662 1186 715 1258 ipsi
729 1184 795 1241 nihil
823 1186 919 1241 borum

120 1291 334 1348 intellexerunt.
352 1291 387 1345 Et
401 1297 458 1345 erat
473 1305 521 1346 rer
534 1304 579 1345 um
597 1287 674 1343 istud
689 1285 879 1343 absconditum
887 1283 923 1339 ab

122 1380 173 1447 eis,
188 1387 279 1436 elnon
294 1378 486 1450 intelligebant
499 1394 559 1450 quae
570 1377 741 1435 dicebantur.
762 1399 774 1425 l

156 1493 285 1566 Legimus
300 1492 326 1547 in
341 1491 495 1564 Evangelio
510 1491 661 1548 secundum
676 1491 809 1546 loannem
825 1491 916 1559 (loun.

120 1592 330 1661 inquirentem
348 1609 354 1644 :
374 1613 384 1638 ι
403 1588 431 1644 Si
448 1589 583 1644 exaltatus
606 1588 682 1644 luero
697 1603 713 1643 a
728 1595 809 1654 terra,
826 1585 918 1643 omnia

121 1680 228 1735 trabam
259 1679 292 1733 ad
318 1678 464 1749 meipsum,
494 1677 670 1748 respondisse
699 1676 807 1731 turbam
835 1682 915 1747 atque

120 1767 236 1822 dixisse.
276 1767 361 1822 «Nos
376 1767 528 1822 audivimus
553 1782 588 1822 ex
614 1765 684 1836 lege,
714 1764 778 1835 quia
792 1763 914 1819 Christus

119 1869 213 1917 manet
227 1862 254 1916 in
270 1870 411 1927 aeternum,
438 1869 464 1917 et
492 1860 629 1932 quomodo
644 1869 671 1914 tu
700 1859 768 1915 dicis
785 1859 919 1929 :Oportet

118 1951 230 2007 exaltari
247 1951 341 2007 Filium
354 1951 485 2006 bominis.
507 1973 518 1999 l
531 1948 604 2019 Quid
618 1956 661 2004 est
675 1962 743 2019 ergo
754 1948 826 2019 quod
837 1947 921 2005 disci·

117 2041 175 2110 puli
191 2041 255 2095 totis
270 2039 321 2093 sibi
338 2039 498 2109 replicatum
515 2037 666 2093 Dominicae
688 2036 823 2109 passionis
838 2051 919 2093 arca·

115 2145 184 2186 num
213 2136 351 2202 nequeunt
376 2126 546 2201 [capere],et
567 2126 664 2193 ludaei,
686 2126 719 2181 ad
742 2142 827 2181 unum
854 2143 919 2184 ver·

118 2227 183 2283 bum
206 2236 233 2282 et
257 2235 312 2282 tarn
340 2226 460 2282 obscure
488 2226 618 2296 positum,
639 2232 666 2279 ut
681 2224 733 2281 hoc
752 2223 920 2295 expositione

116 2317 234 2389 dignum
249 2314 420 2387 eraiigelista
435 2314 527 2371 dicat:
542 2337 552 2362 ιι
568 2314 627 2369 Ηοε
640 2320 730 2369 autem
746 2312 863 2381 dicebat,
880 2312 920 2368 in·

117 2405 186 2477 quit,
201 2405 362 2477 significans
378 2420 430 2477 qua
455 2412 541 2459 morte
556 2410 629 2458 esset
656 2402 807 2468 moriturus,
827 2425 837 2450 ι
854 2418 917 2458 mox

117 2503 179 2575 quia
201 2503 291 2560 crucis
319 2501 448 2559 exaltatio
477 2499 647 2574 significetur
673 2499 836 2572 intelligunt,
864 2498 917 2555 nisi

117 2591 180 2664 quia
194 2590 320 2662 discipuli
336 2591 415 2662 cujus
431 2592 513 2647 vitam
529 2589 651 2646 maxime
667 2589 863 2646 desiderabant
877 2589 916 2644 vi-

117 2682 194 2747 dcre,
211 2681 274 2752 ejus
285 2688 401 2736 mortem
416 2681 511 2736 audire
526 2696 579 2737 nou
602 2685 738 2752 poterant,
752 2694 832 2750 quem
859 2694 914 2735 non

116 2777 205 2834 solum
233 2777 372 2835 hominem
397 2778 580 2843 innocentem,
603 2777 651 2833 sed
677 2784 703 2833 et
719 2776 806 2831 Deum
820 2791 915 2831 vemm

115 2867 247 2923 sciebant.
264 2868 343 2923 Hunc
358 2866 511 2922 nullatenus
525 2866 593 2922 mori
609 2865 651 2921 vel
666 2881 748 2935 posse
763 2865 909 2937 putabant.

116 2956 171 3012 Sed
185 2972 246 3013 cum
262 2957 296 3013 de
310 2956 440 3028 passione
466 2971 516 3011 sua
531 2955 572 3011 cis
600 2953 768 3027 loqueretur,
784 2953 915 3027 putabant

116 3044 188 3117 quod
203 3046 254 3101 sibi
268 3061 318 3117 per
331 3044 477 3116 parabolas
492 3045 657 3116 loqueretur.

156 3202 167 3227 ι
184 3178 295 3235 Factum
310 3186 351 3233 est
366 3186 458 3235 autem
473 3194 534 3234 cum
545 3177 779 3250 appropinquaret
791 3177 913 3246 Jericho,

114 3282 205 3325 caeous
220 3267 332 3340 quidam
362 3266 475 3323 sedebat
490 3282 571 3323 secus
596 3266 667 3321 riam
682 3266 852 3323 mendicans.
883 3268 916 3323 Et

114 3372 176 3414 cum
205 3356 311 3411 audiret
340 3358 446 3412 turbam
475 3364 691 3428 pretereuntem,
728 3355 915 3429 interrogabat

113 3455 249 3529 quidhoc
265 3462 352 3511 esset.
386 3455 516 3511 Dixerunt
536 3460 625 3509 autern
640 3453 675 3520 ei,
690 3453 751 3526 quia
770 3455 914 3511 lesusNu·

114 3559 232 3600 zarenus
247 3544 384 3601 transiret.
404 3566 415 3592 ι
431 3543 512 3614 Quod
527 3544 614 3599 Lucas
633 3543 667 3599 de
688 3558 751 3611 uno,
774 3543 827 3600 hoc
842 3544 913 3599 llat-

113 3635 201 3690 thaeus
216 3633 251 3690 de
265 3633 372 3689 duobus
387 3633 467 3690 caecis
496 3632 565 3688 dixit
591 3632 629 3687 ita
644 3648 758 3688 exorsus
774 3651 780 3687 :
795 3656 805 3681 ι
822 3633 913 3706 Egre-

113 3722 215 3789 diente,
235 3723 373 3795 inquiens,
397 3724 463 3779 lesu
487 3721 647 3778 abJericbo
675 3729 768 3778 secuta
782 3730 825 3778 est
852 3739 912 3778 eum

114 3820 196 3876 turba
212 3821 295 3876 multa
310 3821 425 3889 (diutili.
446 3821 500 3890 xx).
519 3842 531 3868 l
548 3818 625 3875 llulti
646 3819 767 3874 latrones
795 3827 872 3875 erant
885 3819 912 3874 in

112 3910 232 3976 Jericbo,
249 3909 296 3981 qui
310 3910 484 3981 egredientes
499 3909 533 3964 de
548 3907 745 3981 Hierosolymis
764 3907 792 3963 in
804 3907 913 3964 Jcriclio

111 3997 270 4071 interficere
294 4004 493 4055 consueverant
520 4005 547 4054 et
577 3997 734 4053 vulnerare.
760 3997 795 4052 Et
810 3996 913 4052 idcirco

114 4087 249 4145 Dominus
264 4102 325 4144 cum
339 4086 481 4159 discipulis
507 4086 564 4143 suis
583 4086 658 4143 venit
672 4085 790 4143 liberare
813 4085 912 4141 uulne-

113 4195 203 4250 talos.

152 4343 163 4369 α
179 4321 212 4376 Et
222 4335 286 4375 ecce
296 4318 436 4382 duocaeci,
447 4316 913 4392 exquibuseratBartliimaeuslilius

975 475 1019 523 tus
1034 467 1107 523 enim
1122 467 1184 524 fidei
1200 485 1294 526 secura
1309 477 1349 526 est
1364 470 1389 524 in
1405 469 1544 542 periculis.

1013 605 1025 631 ι
1042 583 1078 637 Ει
1092 582 1165 639 ειειίι
1179 583 1258 638 lesus
1273 591 1300 638 et
1324 580 1482 640 convocant
1498 598 1546 638 eos
1573 592 1599 637 et
1615 580 1652 637 ait
1668 598 1675 637 :
1700 580 1772 651 Quid

975 670 1056 727 vultis
1065 678 1093 725 ιιι
1102 670 1198 727 luciam
1208 671 1609 738 robis‘lDicuntilli:Domine‚
1619 669 1773 740 utaperiam-

975 759 1101 816 turoculi
1117 761 1212 815 nostri.
1231 783 1242 808 ι
1273 760 1355 816 Filius
1377 759 1473 829 David,
1489 759 1515 815 id
1531 767 1575 816 est
1588 760 1705 815 humana
1720 774 1773 815 na-

976 865 1047 925 tura,
1063 873 1152 915 caeoos
1167 857 1323 914 illuminare
1334 874 1387 913 non
1399 865 1503 929 potcst;
1517 856 1600 913 Filius
1610 865 1700 913 autem
1710 853 1771 923 Dei,

974 945 1002 1002 id
1016 954 1057 1001 est
1071 945 1173 1012 divina,
1190 947 1340 1002 illuminare
1356 954 1456 1018 potest.
1476 947 1541 1003 ldeo
1555 946 1696 1018 interrogo
1706 942 1773 1017 quid

973 1034 1067 1093 vultis.
1092 1035 1167 1092 Tunc
1197 1034 1235 1091 illi
1260 1036 1319 1107 jam
1346 1052 1401 1092 non
1413 1035 1540 1091 dixerunt
1560 1053 1567 1090 :
1588 1033 1713 1103 Domine,
1733 1031 1763 1088 sil

974 1132 1070 1200 David,
1087 1133 1136 1188 sed
1149 1141 1250 1188 tantum
1268 1148 1274 1188 :
1297 1133 1451 1199 «Domine,
1468 1139 1497 1188 ut
1519 1132 1677 1203 aperiantur
1699 1129 1772 1188 oculi

974 1221 1069 1278 nostri.
1087 1245 1098 1271 n
1120 1221 1256 1292 Quamdiu
1270 1222 1399 1279 dixerunt
1412 1220 1449 1276 fili
1463 1221 1564 1290 David,
1580 1237 1715 1293 suspensa
1730 1228 1772 1276 est

974 1309 1078 1366 sanitas
1091 1330 1098 1377 3
1113 1327 1176 1367 mox
1191 1318 1218 1366 ut
1233 1310 1359 1368 dixerunt
1373 1310 1571 1376 tautummodo,
1591 1310 1718 1377 Domine,
1729 1309 1771 1364 in·

973 1407 1033 1463 lusa
1049 1415 1102 1464 est.
1122 1408 1162 1463 td
1176 1410 1228 1464 hoc
1239 1408 1320 1464 etiam
1335 1409 1495 1481 interrogat,
1513 1416 1541 1463 nt
1555 1424 1604 1464 cor
1618 1407 1653 1463 ad
1668 1406 1770 1463 oratio·

972 1512 1035 1553 nem
1051 1497 1159 1565 excitet,
1176 1497 1239 1570 quia
1258 1497 1315 1552 vult
1329 1513 1343 1552 a
1359 1497 1439 1552 nobis
1460 1497 1513 1553 hoc
1526 1495 1582 1568 peti
1608 1495 1681 1568 quod
1694 1511 1769 1567 prae-

970 1585 1060 1643 noscit
1076 1600 1135 1642 ase
1150 1585 1264 1642 concedi
1280 1601 1287 1656 ;
1313 1585 1356 1642 vel
1380 1584 1484 1642 idcirco
1499 1585 1611 1658 requirit
1625 1589 1654 1639 nt
1669 1584 1769 1641 creda-

970 1702 1032 1741 mus
1048 1685 1168 1743 nonnisi
1183 1685 1356 1743 confitentem
1371 1703 1454 1757 posse
1469 1686 1580 1743 salvari.

1012 1814 1023 1840 a
1041 1793 1168 1848 llisertus
1183 1800 1274 1849 autem
1289 1809 1384 1850 eorum
1399 1793 1480 1851 lesus
1504 1793 1591 1867 tetigit
1604 1793 1699 1851 oculos
1719 1808 1768 1849 eo-

974 1896 1046 1947 rum,
1063 1889 1090 1936 et
1111 1878 1257 1937 confestim
1283 1882 1418 1951 viderunt,
1447 1891 1474 1938 et
1494 1883 1580 1939 secuti
1603 1891 1667 1938 sunt
1694 1898 1768 1948 eum,

973 1969 1180 2043 magnificantes
1195 1971 1354 2027 Dominum.
1372 1972 1407 2026 Et
1421 1972 1511 2027 omnis
1528 1971 1613 2042 plebs,
1644 1978 1672 2026 ut
1691 1970 1768 2036 vidit,

974 2059 1049 2115 dedit
1062 2059 1172 2114 laudem
1187 2059 1313 2116 Domino.
1333 2059 1456 2131 »Tetigit
1482 2059 1575 2115 oculos
1595 2074 1690 2114 eorum
1705 2073 1768 2114 cur·

975 2157 1082 2225 naliter,
1108 2173 1162 2213 non
1191 2158 1283 2224 verbo,
1305 2158 1367 2230 quia
1398 2157 1488 2213 Dar-id
1503 2156 1587 2213 silium
1611 2156 1766 2212 eumdixe-

973 2255 1037 2302 runt
1051 2261 1059 2315 ;
1075 2246 1181 2301 sanavit
1196 2255 1224 2301 ιιι
1237 2247 1322 2315 Deus,
1339 2246 1403 2320 quia
1418 2247 1603 2305 crediderunt.
1617 2245 1769 2301 Transiens

973 2335 1073 2409 quippe
1088 2350 1175 2391 caecos
1188 2335 1275 2403 audit,
1295 2342 1372 2392 stans
1386 2351 1454 2392 vero
1475 2333 1618 2399 illuminat,
1635 2334 1699 2406 quia
1718 2349 1770 2404 per

972 2432 1167 2488 humanitatem
1182 2448 1260 2488 suam
1276 2438 1378 2489 nostrae
1392 2432 1502 2489 oaetitati
1517 2430 1680 2501 compatitur
1695 2448 1702 2496 ;
1719 2429 1769 2487 sed

970 2520 1178 2592 perpotentiam
1193 2521 1340 2577 divinitatis
1354 2521 1447 2576 lumen
1469 2519 1548 2576 nobis
1568 2519 1663 2591 gmtire
1676 2518 1769 2573 inlun-

968 2609 1020 2665 dit.
1047 2608 1122 2665 Videt
1136 2617 1227 2666 autern
1241 2617 1268 2666 et
1294 2609 1417 2683 sequitur
1442 2617 1649 2681 praetereuntem
1664 2609 1767 2675 lesum,

970 2697 1016 2769 qui
1032 2697 1132 2754 bonum
1148 2699 1220 2769 quod
1234 2699 1361 2772 intelligit
1375 2697 1471 2754 iutuitu
1485 2698 1544 2768 ejus
1565 2704 1702 2767 operatur.
1719 2695 1769 2752 Hic

968 2794 1029 2851 talis
1044 2803 1070 2850 et
1085 2793 1190 2866 proficit
1215 2803 1241 2849 ει
1269 2794 1339 2850 alios
1357 2794 1393 2850 ad
1420 2794 1528 2850 laudem
1556 2793 1607 2849 Dei
1632 2792 1768 2849 accendit.

969 2884 1072 2941 laudat
1086 2883 1166 2955 plebs
1193 2885 1291 2951 Deum,
1304 2899 1360 2939 non
1374 2883 1461 2940 solum
1476 2899 1526 2954 pro
1547 2883 1689 2953 impetrato
1704 2897 1768 2935 mu-

969 2988 1035 3028 nere
1050 2972 1129 3039 lmis,
1151 2974 1199 3029 sed
1223 2982 1251 3028 et
1276 2989 1326 3045 pro
1353 2972 1451 3029 merito
1477 2972 1540 3029 fidei
1567 2969 1735 3041 impetrantis
1759 2984 1768 3039 5

930 3084 954 3146 (3
969 3067 1032 3124 ideo
1048 3084 1102 3125 non
1113 3068 1201 3125 solum
1211 3068 1283 3141 quod
1296 3076 1423 3140 potenter
1437 3075 1464 3124 et
1482 3066 1694 3124 misericorditer
1703 3064 1768 3121 illu-

968 3157 1063 3225 minat‚
1079 3157 1128 3214 sed
1144 3158 1209 3229 quia
1224 3156 1305 3213 etiam
1334 3159 1484 3214 clamorem
1501 3156 1565 3213 fidei
1579 3154 1693 3210 tirmiter
1711 3153 1769 3211 ola·

969 3245 1068 3301 mantis
1081 3246 1202 3302 exaudit.
1226 3247 1327 3319 Typice
1346 3247 1412 3304 cuci
1436 3245 1615 3317 appellantur,
1638 3243 1684 3316 qui
1700 3257 1765 3298 neo·

968 3344 1033 3401 dum
1056 3344 1146 3402 dicere
1174 3353 1299 3416 poterant
1315 3362 1322 3400 :
1341 3368 1352 3394 α
1371 3344 1401 3400 Ιιι
1426 3343 1527 3400 Ιιιιιιίιιε
1552 3348 1600 3400 tuo
1617 3341 1769 3398 ridebImus

968 3432 1060 3489 lumen
1076 3435 1163 3505 (Paul.
1180 3436 1281 3505 xxxv).
1300 3456 1311 3482 ι
1328 3434 1414 3490 Secus
1427 3433 1499 3491 viam
1514 3432 1591 3499 dicit,
1613 3431 1676 3505 quia
1690 3430 1767 3486 vide·

968 3521 1067 3578 bantur
1081 3522 1183 3579 habere
1197 3522 1267 3596 legis
1282 3521 1471 3589 notitiam,sed
1486 3521 1556 3577 viam
1571 3537 1631 3592 quae
1641 3519 1761 3576 Christus

969 3627 1009 3675 est
1028 3619 1202 3693 ignorabant.
1223 3620 1277 3676 Hos
1293 3620 1403 3693 quidam
1430 3618 1585 3692 intelligunt
1613 3616 1766 3673 Pharisaeos

968 3716 995 3765 et
1009 3708 1193 3775 Sadducaeos3
1209 3708 1254 3763 alii
1270 3724 1335 3764 vero
1350 3707 1766 3780 utrumquepopulum,quorum

968 3797 1038 3854 alter
1051 3796 1140 3868 legem
1156 3796 1295 3867 scriptam,
1320 3797 1389 3853 alter
1415 3796 1563 3852 naturalem
1579 3794 1707 3852 babebat.
1739 3790 1768 3849 si

967 3892 1035 3950 caeci
1050 3891 1206 3949 reseruntur
1219 3892 1380 3960 adtudaeos,
1403 3900 1466 3948 tunc
1490 3908 1538 3963 per
1548 3891 1655 3947 turbam
1665 3888 1770 3944 intelli·

968 3981 1050 4054 gandi
1065 3989 1130 4037 sunt
1145 3981 1265 4047 ethnici;
1282 3981 1323 4036 sin
1339 3981 1374 4036 ad
1398 3988 1547 4051 utrumque
1568 3978 1714 4051 populum,
1735 3977 1770 4034 de

966 4079 1082 4143 utroque
1097 4070 1198 4141 populo
1213 4070 1370 4125 eratturbu.
1388 4068 1498 4124 Aliter:
1517 4067 1673 4124 Secundum
1687 4081 1769 4137 quos·

967 4159 1027 4214 dam
1051 4159 1118 4214 caeci
1143 4156 1300 4229 significant
1328 4158 1397 4213 duos
1424 4155 1542 4228 populos
1571 4171 1604 4212 ex
1629 4154 1767 4235 gentibus,

966 4271 1099 4311 unumex
1124 4254 1217 4320 Cham,
1242 4255 1359 4310 alterum
1387 4269 1422 4309 ex
1446 4252 1573 4324 laphetb.
1591 4250 1664 4308 Caeci
1689 4256 1768 4306 crant

967 4343 1029 4416 quia
1044 4360 1098 4399 non
1113 4350 1278 4414 apparuerat
1289 4343 1329 4399 eis
1361 4342 1409 4398 lux
1436 4341 1585 4414 Unigeniti.
1614 4338 1768 4395 Audierunt

112 4408 235 4476 Thimaei,
253 4409 380 4463 sedentes
393 4424 473 4464 secus
490 4408 571 4475 viam,
583 4408 729 4463 audierunt
743 4408 807 4480 quia
828 4407 912 4462 lesus
928 4442 1063 4507 meme,
1078 4433 1112 4488 de
1123 4432 1239 4488 ,mosim
1255 4433 1329 4502 jesu,
1348 4431 1498 4488 secundum
1519 4428 1673 4486 testimoni,
1696 4445 1763 4500 pm,

111 4499 270 4554 Nuzarenus
281 4496 416 4563 transiret,
429 4505 455 4551 et
470 4497 790 4553 clamaveruntdicentes
807 4512 813 4552 :
831 4519 842 4543 κ
858 4495 911 4550 Do·

112 4596 196 4661 mine,
208 4594 340 4651 miserere
353 4594 449 4661 nostri,
466 4594 503 4649 iili
524 4595 613 4650 David
633 4595 743 4664 (lluttlr.
753 4610 789 4648 xx
803 4609 809 4661 ;
821 4595 908 4650 llere.

112 4683 155 4751 x).
175 4706 185 4730 ι
203 4679 282 4750 Quod
298 4682 407 4734 llarcus
422 4680 457 4734 de
479 4682 566 4736 altero
581 4695 654 4735 caeco
669 4686 750 4743 tacet,
772 4677 808 4732 ita
825 4678 913 4733 solvi·

113 4777 169 4838 tur,
185 4777 214 4824 ut
228 4769 274 4823 illa
289 4769 376 4823 soluta
392 4776 434 4824 est
449 4769 564 4840 questio
580 4768 615 4823 de
629 4768 736 4822 duobus
759 4767 807 4839 qui
821 4766 911 4837 legio-

113 4873 178 4914 nem
193 4858 348 4913 daemonum
365 4857 535 4927 patiebantur
549 4857 576 4910 in
592 4857 704 4928 regione
724 4854 913 4911 Geueraseno·

114 4971 185 5010 rum.
200 4956 270 5010 Nam
287 4955 402 5011 duonum
417 4970 552 5012 caecorum
567 4971 653 5010 unum
670 4953 752 5010 luisse
767 4953 914 5010 famosissi-

114 5059 187 5099 mum
203 5043 230 5098 in
242 5045 293 5100 hoe
307 5053 431 5116 apparet,
447 5043 521 5116 qnod
537 5060 638 5099 nomen
656 5044 735 5100 etiam
752 5043 838 5114 patris
853 5042 912 5113 ejus

114 5133 351 5190 commemorarit.
371 5133 457 5189 Lucas
472 5148 537 5188 vero
551 5133 675 5205 quamvis
690 5131 800 5188 omuino
815 5130 911 5187 eodem

114 5229 199 5286 modo
215 5229 314 5286 iactum
331 5229 365 5285 de
380 5246 454 5285 cacco
468 5237 671 5297 commemorat,
701 5237 790 5285 tamen
813 5228 841 5282 in
856 5227 912 5285 alio

113 5333 187 5375 caeco
211 5317 418 5392 intelligendum
443 5325 483 5373 est
499 5333 549 5389 par
562 5334 778 5374 commemorare
793 5317 912 5374 miracu-

105 5406 181 5463 lum.

152 5529 269 5586 iTurba
298 5537 388 5586 autem
404 5529 563 5602 increpabat
591 5546 640 5586 eos
664 5537 692 5586 ut
705 5538 842 5588 tacerent.
875 5531 912 5585 At

106 5626 153 5710 ‚itti
179 5627 268 5699 magis
297 5627 453 5684 clamabant
476 5628 618 5686 dicentes:
637 5628 761 5696 Domine,
783 5629 912 5685 miserere

106 5729 212 5807 ,noemi
237 5730 276 5786 iili
302 5729 402 5786 David.
430 5730 530 5787 »Talis
558 5740 598 5789 est
614 5739 711 5788 natura
738 5729 811 5801 fidei,
838 5731 912 5805 quod

967 4532 1112 4602 phetarum
1129 4528 1766 4602 annuntiantibusapostolis.Cumegressuses·

967 4629 1008 4675 set
1024 4620 1060 4674 ab
1074 4619 1194 4685 loricbo,
1207 4619 1234 4674 id
1246 4631 1286 4675 est
1297 4619 1331 4675 de
1345 4620 1398 4675 hoc
1408 4618 1530 4687 mundo,·
1540 4617 1650 4674 Jericho
1664 4616 1766 4688 quippe

969 4704 1037 4760 lunc
1047 4709 1249 4775 interpretatur,
1266 4719 1314 4775 per
1328 4719 1408 4776 quam
1424 4701 1652 4759 delectusnostrae
1661 4710 1766 4758 morta·

967 4800 1050 4856 litatis
1064 4799 1238 4873 intelligitur.
1250 4800 1481 4871 Appropinquans
1492 4814 1560 4870 ergo
1572 4797 1705 4854 Dominus
1718 4798 1761 4853 Je-

967 4889 1054 4955 richo,
1070 4889 1220 4946 secundum
1236 4887 1346 4955 bucam,
1357 4903 1430 4944 caeco
1445 4887 1537 4943 lumen
1553 4884 1686 4953 reddidit,
1701 4884 1766 4955 quia

966 4986 1030 5034 ante
1039 4977 1196 5051 passionem
1211 4976 1313 5048 populo
1330 4984 1432 5032 tantum
1447 4975 1602 5031 Judaeorum
1629 4972 1764 5045 praedica-

966 5065 1014 5123 vit.
1032 5065 1208 5123 Proficiscens
1223 5080 1291 5138 ergo
1306 5064 1342 5120 de
1356 5064 1467 5122 iericho
1482 5078 1570 5120 caecos
1593 5060 1763 5127 illuminarit,

966 5155 1028 5228 quia
1043 5155 1118 5227 prius
1134 5153 1363 5210 resurrectionem
1379 5161 1405 5209 et
1428 5152 1618 5209 ascensionem
1631 5168 1682 5225 per
1695 5167 1764 5224 apo·

966 5250 1053 5308 stolos
1068 5258 1094 5306 et
1109 5250 1210 5306 ludnis
1239 5259 1265 5306 et
1279 5248 1408 5324 gentibus
1424 5258 1532 5306 aeterum
1555 5248 1720 5316 Divinilatis,
1738 5257 1765 5304 et

966 5348 1114 5411 assumptae
1131 5338 1306 5394 humanitatis
1319 5353 1419 5394 arcana
1430 5337 1572 5409 patefecit.
1600 5337 1679 5407 Quod
1690 5339 1762 5392 llar-

967 5452 1014 5492 cus
1042 5451 1125 5490 unum
1148 5433 1329 5490 illuminatum
1352 5433 1453 5503 scribit,
1477 5432 1514 5489 ad
1538 5435 1660 5507 gentium
1687 5433 1764 5489 salu-

967 5540 1023 5589 tem
1040 5532 1162 5603 respicit,
1179 5547 1295 5604 quarum
1310 5534 1420 5588 cecitas
1435 5531 1582 5587 norissima
1607 5539 1675 5586 crat.
1698 5532 1763 5586 llat-

966 5631 1052 5686 thaeus
1083 5637 1157 5686 recte
1179 5630 1248 5685 duos
1280 5629 1448 5686 iiluminatos
1475 5627 1598 5685 scribens
1626 5626 1762 5691 llebraeis,

966 5728 1068 5789 sciebat
1084 5725 1158 5785 enirn
1185 5727 1313 5787 notitiam
1324 5728 1381 5785 Dei
1399 5734 1610 5799 paruesturam
1618 5722 1661 5775 aa
1671 5725 1804 5807 gemes.-
