3780 6044
74 242 128 301 tat
546 231 836 293 nassonemonss
856 230 896 290 SS
926 225 1074 288 samon.
1088 261 1126 273 -
1142 227 1205 286 tto.
1224 231 1249 287 i.
1670 233 1724 288 898

74 363 270 439 cognovissent
280 362 401 429 Patrem,
412 358 509 417 Filium
519 361 580 432 ejus
590 357 772 430 recepissent:
791 372 872 431 quem
886 356 913 418 Α
929 355 1038 413 babuit.
1057 355 1152 428 ltaque
1167 363 1297 429 quantum
1313 356 1341 413 in
1357 356 1417 428 ipsa
1431 357 1489 426 fuit,
1505 373 1558 416 non
1573 359 1724 419 debuitsu-

75 471 131 512 vox
146 453 234 509 Patris
247 449 420 525 glorificabat
435 450 462 504 io
477 450 655 520 baptismate,
669 447 697 502 in
721 455 824 514 monto,
849 455 876 504 ct
929 453 1030 509 stinerc
1045 468 1164 523 pennam,
1181 454 1312 524 quonism
1326 455 1382 523 jam
1407 470 1460 510 uon
1481 456 1577 512 habuit
1600 457 1721 530 culpam,

77 544 103 599 in
118 542 179 598 aliis
194 539 364 611 hujusmodi.
384 541 449 594 Ideo
469 546 564 594 contro
587 537 640 593 boc
661 536 734 608 quod
757 535 874 592 dicunt:
930 543 1038 597 Poterat
1050 557 1115 613 argo
1131 541 1206 612 juste
1222 543 1347 600 Salvator
1360 543 1388 598 itt
1403 559 1484 600 carne
1499 561 1557 612 sna,
1573 563 1653 618 quam
1667 549 1726 605 sina

78 632 167 702 Quem
180 627 384 701 teipsumincis,
397 625 480 683 relert
490 624 606 698 gloriam
624 640 702 680 suam
712 624 746 679 ed
761 625 875 679 Patrem
930 629 1009 701 eulpa
1028 631 1188 702 assumpsit,
1204 647 1313 703 poeuam
1326 631 1508 701 mortalitatis,
1525 636 1725 705 passibilitatis·

78 722 198 820 aliem}
214 718 242 774 3¹
257 733 311 790 08⁰
327 717 402 772 ⁵0¹¹¹⁸
417 717 476 814 ⁸¹⁰⁹
492 711 707 813 9⁸¹¹0ti¹⁰¹¹fi⁰0
728 711 875 784 ¹¹¹⁰¹PS¹¹¹¹¹2
930 741 983 799 que
997 725 1193 792 infirmitatem,
1209 743 1263 784 non
1279 728 1465 801 assumpsisse
1480 748 1487 796 ;
1514 732 1563 787 sed
1586 748 1646 789 eam
1671 751 1727 792 non

78 816 151 867 stent
166 807 353 872 simulatores,
369 804 460 877 glorta
476 818 537 859 mea
551 801 619 857 aulul
634 809 685 857 eet.
931 814 1021 870 ,opum
1036 829 1119 885 sup„
1134 814 1161 869 jd
1177 816 1249 886 quod
1265 833 1314 874 nos
1329 833 1422 873 ,umus
1436 819 1577 888 mortales,
1594 822 1728 894 quiam·

118 926 290 982 aabralram
311 930 391 994 pater
417 929 512 977 vester
539 918 684 975 exsultavit
714 927 742 973 ιιι
769 916 879 973 videret
931 910 1076 959 0³¹⁰¹¹¹⁰¹¹
1093 910 1160 969 “¹¹1
1180 908 1228 959 ⁸⁰¹¹
1252 922 1334 976 ⁸¹¹l¹0¹
1359 905 1387 961 id
1414 907 1496 962 eliam
1525 909 1598 979 quod
1624 911 1728 981 primns

80 1016 154 1074 diem
187 1029 276 1069 meum
294 1026 300 1066 :
316 1019 342 1067 et
356 1010 433 1077 vidit,
450 1017 476 1065 et
491 1008 601 1082 gavisus
615 1016 665 1064 est.
679 1030 690 1056 u
702 1005 879 1063 Credensex-
931 1001 1013 1057 bomo
1026 1009 1088 1056 autc
1103 1009 1245 1072 peccatum
1261 1001 1318 1070 luit,
1334 1004 1395 1075 quia
1414 1005 1569 1075 probandus
1590 1023 1645 1063 non
1669 1020 1729 1067 erat

78 1099 352 1173 ,quaprapter-audo,
369 1106 398 1155 ut
414 1097 520 1154 videret
535 1096 722 1168 intelligendo.
737 1093 817 1164 Quod
840 1091 879 1150 ait
932 1089 1057 1161 aprima
1085 1090 1264 1161 conceptione
1296 1090 1411 1164 gloriam
1444 1092 1655 1151 immortalitatis
1682 1099 1728 1153 iu·

79 1192 154 1248 diem
180 1205 280 1255 meum,
306 1187 442 1243 incertum
470 1194 647 1258 potestesse
672 1183 745 1240 unde
771 1180 877 1250 dixerit,
932 1178 1039 1234 duisse.
1060 1178 1634 1253 Primusqnippehomoquisprobaudus
1657 1195 1725 1257 erat,

79 1289 171 1336 utrum
186 1279 258 1334 diem
274 1275 383 1333 Domini
398 1272 578 1346 temporalem
593 1272 726 1342 incarne,
749 1287 783 1326 an
805 1269 878 1327 diem
934 1276 995 1332 talis
1010 1292 1073 1332 esse
1086 1275 1190 1341 debuit,
1208 1276 1254 1346 qni
1270 1284 1295 1332 et
1310 1293 1423 1348 peccare
1437 1286 1466 1334 et
1480 1295 1534 1335 noo
1548 1296 1665 1352 peccare
1679 1300 1730 1356 po·

80 1369 126 1440 qui
147 1366 236 1424 nescit
267 1373 357 1422 ortum
382 1378 435 1419 nec
463 1377 617 1419 occasum:
650 1360 705 1416 Sed
734 1368 880 1430 utrumqne
933 1365 1040 1431 auisset,
1058 1371 1087 1419 ut
1101 1363 1251 1420 voluntatis
1264 1380 1319 1420 uon
1334 1366 1504 1421 necessitatis
1530 1379 1604 1425 esset
1626 1380 1730 1429 utrom-

81 1458 226 1513 Abraham
241 1454 317 1510 vidit.
334 1451 452 1522 Quando
471 1451 543 1507 enim
567 1449 642 1505 misit
666 1464 776 1505 servum
800 1461 880 1502 soum
934 1469 1000 1525 qne.
1018 1453 1115 1524 Neque
1130 1452 1203 1508 enim
1218 1453 1261 1509 rel
1281 1454 1419 1510 obedienti
1443 1455 1579 1524 meritum,
1605 1459 1648 1515 vel
1674 1477 1730 1518 non

81 1555 175 1619 Ρθῑθῐθ
189 1559 303 1600 ⁰¹0¹0¹¹¹
318 1541 373 1597 5¹¹⁰
388 1556 437 1596 ⁵¹¹⁰
451 1541 541 1607 18¹⁸⁰t
557 1539 616 1594 ³¹¹³
641 1561 653 1587 ¹
672 1539 744 1593 90⁰0
768 1551 880 1591 ¹¹¹⁸¹¹¹¹¹¹¹
934 1549 1070 1605 obedienti
1089 1548 1171 1621 culpa
1189 1565 1252 1605 esse
1270 1550 1413 1620 potuisset,
1438 1552 1491 1607 nisi
1514 1561 1540 1608 et
1561 1555 1719 1614 obedientia

80 1642 155 1691 tuam
171 1634 222 1690 sub
237 1631 426 1731 remorentur-eo,
444 1627 708 1728 etjuraperDenm
719 1625 877 1695 coelitden·
934 1645 961 1692 et
975 1637 1453 1709 praevaricatiovoluntariaiuisset.
1485 1642 1580 1714 ltaque
1606 1644 1666 1715 quia
1695 1598 1731 1702 an'
1774 1688 1776 1695 .

81 1725 172 1793 xxiv).
187 1744 198 1770 u
209 1718 261 1791 Qur
271 1718 385 1775 hocstbr
402 1717 457 1772 vult
472 1733 526 1770 nrsr
545 1731 610 1788 quta
628 1711 829 1788 significabatur
843 1709 878 1768 de
892 1712 918 1773 B
933 1727 1122 1798 probationem
1133 1735 1328 1798 estutrumque
1339 1727 1465 1790 voluutas
1476 1731 1535 1798 ejtts
1552 1733 1732 1803 exspectaba-

81 1827 188 1885 80¹¹0¹0
204 1809 323 1864 Abmhae
338 1808 425 1863 Deum
439 1805 500 1862 “⁰³¹¹
514 1813 659 1860 Venturum
673 1803 700 1857 in
716 1818 809 1859 wne·
825 1798 879 1866 QUi
932 1832 983 1891 tur,
999 1823 1033 1879 ad
1050 1832 1195 1896 utrumqne
1210 1825 1234 1880 ei
1249 1826 1418 1896 possibilitas
1445 1829 1635 1898 praestabatur.
1660 1830 1731 1901 Quia

81 1899 286 1972 reprehendunt
300 1912 411 1994 caroffi}
427 1891 755 1992 0¹¹¹i⁸¹¹5¹⁸i¹¹⁸¹¹¹⁸¹¹d¹¹¹¹¹
767 1889 879 1989 ,simum
933 1928 999 1986 ergo
1014 1913 1147 1984 peccandi
1170 1922 1198 1969 et
1218 1929 1272 1969 uon
1293 1914 1427 1985 peccandi
1448 1917 1657 1987 possibilitatem
1677 1921 1731 1978 ba·

81 1989 212 2044 Abrabae.
231 1985 369 2040 Abraham
385 1983 457 2039 diem
474 1982 584 2038 Domlm
600 1981 674 2048 V¹d¹b
690 1995 751 2036 0⁰¹¹
766 1995 792 2033 ¹¹¹
807 1975 880 2050 fitu‘
933 2002 1000 2068 buit,
1016 2002 1159 2072 oportebat
1175 2009 1204 2056 ut
1219 2011 1246 2058 et
1262 2002 1397 2059 moriendi
1413 2013 1438 2059 et
1454 2020 1508 2060 non
1518 2007 1653 2064 moriendi
1668 2024 1732 2081 pos·

82 2095 112 2134 ¹¹¹
127 2091 245 2133 Summae
258 2073 400 2129 Tsinimm
414 2079 469 2126 “²⁸
484 2070 599 2144 ⁸⁰ss⁰¹⁰⁸
613 2067 733 2139 h⁰⁸pi¹i⁰
747 2065 879 2137 ⁵⁰⁵⁰⁰pi¹·
933 2099 1089 2154 sibilitatem
1104 2098 1229 2155 haberet.
1245 2100 1272 2155 Si
1288 2099 1361 2154 enim
1380 2118 1415 2156 ex
1436 2103 1598 2161 necessitate
1622 2105 1733 2164 immor·

120 2216 131 2242 a
153 2187 388 2248 Dixeruntludaei
401 2186 437 2242 ad
458 2201 544 2241 eum:
570 2182 772 2256 Quinquaginta
794 2194 881 2236 annos
934 2186 996 2243 talis
1012 2186 1117 2253 fuisset,
1135 2188 1217 2243 etiam
1232 2189 1427 2260 prevaricator
1453 2198 1479 2247 et
1507 2200 1635 2263 peccator
1662 2195 1733 2253 mori

84 2281 208 2339 noudum
224 2278 321 2343 babes,
333 2283 358 2332 et
369 2274 507 2330 Abrabam
518 2273 608 2329 vidisti
618 2274 632 2326 ‘l
643 2271 717 2326 Dixit
728 2270 768 2326 eis
782 2269 880 2325 lesos:
934 2291 988 2332 non
1003 2274 1147 2347 potuisset,
1158 2284 1240 2348 atque
1255 2276 1292 2332 ita
1311 2276 1495 2334 inobedientia
1517 2296 1628 2351 poenam
1651 2283 1732 2340 debi-

85 2376 182 2437 Amen,
196 2383 278 2424 tmen
293 2365 354 2421 ‘150⁰
369 2363 457 2430 ¹0¹¹&
474 2370 619 2434 a¹¹²¹¹l¹¹¹¹¹¹¹
645 2359 786 2416 Abfflhffl
806 2356 884 2414 ‘¹0¹⁰‘
935 2379 988 2427 tam
1003 2387 1058 2428 non
1073 2371 1196 2429 haberet.
1213 2373 1272 2430 Nec
1294 2389 1325 2430 se
1348 2386 1561 2447 recognosceret
1584 2378 1734 2450 aliqnando

84 2475 139 2534 ego
153 2473 224 2514 sum.
242 2479 253 2503 n
269 2454 330 2510 Nou
346 2451 384 2507 ait
407 2455 468 2516 tui;
489 2450 541 2507 sed
566 2465 637 2519 sum,
664 2447 726 2521 quia
750 2446 883 2504 Divinitas

85 2557 192 2619 tempus
206 2560 261 2600 nou
275 2543 369 2597 habet.
391 2540 432 2594 ab
449 2539 547 2595 intuitu
569 2537 671 2606 carnis,
696 2535 731 2592 ad
755 2533 883 2590 diviuita-

86 2645 142 2694 tem
152 2637 235 2692 trabit
246 2647 253 2703 ;
264 2631 324 2699 sed,
341 2630 403 2686 duri
414 2625 732 2700 utlapiles,putentboc
743 2639 804 2681 csse
814 2623 884 2680 blas·

87 2724 235 2800 phemiam.

125 2866 137 2892 a
158 2840 289 2897 Tolerunt
302 2853 371 2911 ergo
393 2834 499 2907 lapides
513 2839 542 2889 ιιι
553 2833 679 2902 jacerent
692 2828 720 2885 in
735 2845 809 2885 enm.
836 2827 884 2885 Je-

88 2947 136 2988 sus
150 2938 240 2986 antem
254 2924 397 2984 abscondit
411 2940 452 2991 se,
467 2930 494 2978 et
508 2921 591 2978 exivit
600 2921 635 2977 de
646 2918 758 2991 templo.
773 2941 783 2966 n
797 2916 886 2987 Quem

88 3019 242 3091 intelligere
264 3031 319 3072 non
347 3020 472 3086 poterant
494 3010 611 3067 obruere
631 3008 811 3081 querebant:
836 3003 886 3061 sed

89 3107 222 3164 Dominus
237 3121 267 3161 se
281 3103 417 3160 vindicare
431 3098 526 3169 uoluit,
542 3097 604 3171 qnia
619 3097 673 3168 pati
697 3103 821 3152 venerat.
851 3094 885 3150 Et

88 3197 152 3254 ideo
167 3211 197 3252 se
211 3192 355 3250 abscondit
370 3197 399 3246 nt
413 3190 488 3244 daret
498 3186 578 3243 nobis
593 3185 747 3257 exemplum
762 3184 828 3240 dare
841 3181 885 3240 lo·

89 3301 151 3343 cum
166 3287 225 3351 irae,
242 3282 284 3337 rel
300 3280 361 3336 ideo
385 3286 413 3333 nt
436 3277 595 3333 ostenderet
618 3275 683 3347 quia
704 3274 764 3345 ipsa
788 3271 887 3328 veritas

90 3375 131 3432 cis
145 3370 329 3434 absconditur,
348 3367 393 3440 qui
409 3366 470 3437 ejus
494 3366 577 3421 rerba
601 3364 679 3436 sequi
699 3367 886 3426 contemnunt,

91 3472 118 3520 et
133 3461 202 3535 ingit
216 3466 346 3525 mentem,
363 3456 427 3527 quia
448 3470 504 3510 non
530 3453 633 3508 invenit
655 3450 794 3506 humilem.
815 3450 888 3505 Nota

91 3551 159 3625 quia
181 3546 380 3606 inconsiderate
405 3543 492 3599 Judaei
512 3542 639 3597 diverunt
659 3539 696 3597 ad
716 3537 887 3597 Dominum:

91 3637 293 3711 Quinquaginta
307 3648 393 3689 annos
407 3631 529 3688 nondum
543 3628 653 3686 hatest
672 3630 740 3685 Sunt
763 3626 809 3699 qni
833 3624 887 3681 tin·

91 3736 160 3804 gunt
176 3727 212 3783 ab
230 3723 417 3782 incarnatione
436 3735 524 3792 nsque
553 3720 588 3775 ad
615 3718 774 3790 passionem
803 3713 887 3771 multo

91 3817 185 3891 plures
199 3829 286 3872 annos
301 3827 383 3885 quam
398 3826 434 3867 ex
447 3809 570 3866 historiis
583 3807 759 3882 colligamus.

414 3986 531 4045 SERMO

95 4160 132 4202 ns
145 4158 236 4201 casus
251 4156 327 4208 onas
341 4141 459 4196 Vnannrt
473 4149 625 4194 assnrarsrr
638 4154 644 4192 :
656 4149 757 4198 nutare
770 4147 888 4190 rnnarr:

187 4255 335 4298 snconnmr
350 4249 574 4296 rasstntrnrarnra
588 4247 624 4290 ar
637 4246 789 4290 avrncrns.

132 4389 171 4445 De
185 4402 267 4444 carne
281 4382 363 4441 Verbi
378 4394 593 4438 commemorare
608 4384 724 4448 oportet,
736 4374 801 4448 quia
817 4373 892 4429 illam

94 4477 204 4548 abipsa
217 4472 397 4544 conceptione
418 4468 536 4541 Spiritus
560 4464 648 4523 sancti
671 4463 831 4536 operatione
853 4461 893 4518 ita

94 4565 253 4623 mundatam
269 4560 419 4624 credimus,
434 4565 463 4613 ut
473 4572 536 4614 eam
547 4555 667 4612 Verbum
677 4553 766 4625 ipsum
776 4552 893 4609 liberunt

96 4670 207 4728 prorsus
220 4661 248 4710 et
267 4652 416 4707 immunem
438 4647 473 4702 ab
498 4644 572 4701 omni
595 4650 708 4716 peccato
729 4652 892 4705 assumeret,

96 4759 176 4817 poena
190 4749 293 4798 motum
308 4744 421 4811 peccato
435 4734 583 4800 voluntate,
599 4748 654 4788 non
666 4730 830 4788 necessitate
848 4745 894 4784 as·

96 4831 238 4898 sumentis,
256 4834 424 4892 remanente,
439 4831 467 4879 ut
482 4826 545 4878 dnm
561 4822 616 4878 ists
630 4820 657 4875 in
671 4819 813 4877 Salvatore
834 4817 894 4874 aine

96 4921 178 4992 culpa
192 4925 340 4992 pateretur,
352 4915 399 4970 illa
407 4929 459 4985 qua
470 4911 497 4966 in
511 4909 652 4966 salvandis
663 4923 714 4980 pro
724 4907 804 4979 culpa
813 4920 897 4977 poena

97 5019 217 5077 obnoxia
232 5016 337 5072 inerant
350 5011 529 5067 liberaretur.
549 5008 589 5064 De
606 5011 657 5063 bac
671 5020 753 5077 poene
773 5002 896 5076 passibi-

98 5108 182 5165 litatis
192 5106 250 5162 sive
261 5099 563 5171 mortalitatisquaernnt
577 5095 688 5168 quidam
707 5091 847 5167 quomodo
866 5090 896 5145 in

98 5180 897 5255 carneSalvntoriscratSediacileestscirsquomodocaro

99 5285 146 5343 illa
161 5281 282 5356 quandin
296 5280 323 5334 in
344 5292 434 5333 messa
462 5273 574 5347 generis
598 5270 709 5327 humani
732 5270 783 5325 sub
810 5266 897 5339 origi·

99 5373 155 5430 nali
183 5372 277 5428 debito
304 5367 363 5433 tuit,
392 5379 502 5437 poenam
530 5376 639 5434 quoqne
667 5354 899 5431 prevaricationis

102 5478 163 5536 qoae
178 5464 268 5515 totum
283 5456 425 5512 tenebatur
439 5454 467 5509 in
482 5459 537 5507 toto
552 5450 657 5522 ipsoex
672 5447 835 5505 necessitate
851 5461 898 5501 sn·

102 5558 206 5616 atiunit.
222 5558 369 5626 Postquam
384 5566 451 5608 vero
470 5565 488 5604 a
509 5554 567 5603 toto
590 5546 650 5617 ipso
671 5543 843 5618 singulariter
855 5541 900 5597 di-

935 2469 1074 2533 peccator,
1092 2460 1116 2517 si
1132 2470 1258 2518 mortuos
1271 2461 1344 2518 intus
1359 2479 1469 2535 semper
1484 2465 1550 2522 ioris
1564 2465 1679 2524 viveret.

973 2593 1039 2650 Item
1055 2613 1061 2650 :
1079 2593 1102 2650 si
1125 2610 1158 2650 ex
1185 2595 1348 2651 necessitate
1370 2595 1493 2652 mortalis
1520 2596 1625 2668 suisset,
1654 2601 1734 2657 etiam

936 2682 1120 2741 inobedientia
1136 2682 1289 2756 persistens
1313 2683 1385 2740 mori
1406 2684 1558 2752 debuisset,
1584 2696 1611 2744 et
1633 2689 1735 2760 injuste

936 2772 996 2829 sine
1012 2772 1092 2842 culpa
1106 2772 1260 2842 puniretur,
1274 2771 1300 2828 si
1328 2787 1384 2828 nou
1414 2788 1534 2845 peccans
1561 2786 1728 2836 moreretur.

938 2868 1109 2941 Quapropter
1123 2869 1185 2940 quia
1199 2869 1355 2940 probandus
1384 2878 1444 2926 erat
1470 2879 1497 2928 et
1523 2880 1614 2928 utrum
1637 2873 1737 2934 inobe-

938 2958 1040 3016 dientia
1055 2957 1215 3029 persisteret
1228 2959 1448 3029 exspectabatur,
1464 2976 1528 3016 caro
1543 2977 1652 3035 qnoque
1662 2964 1736 3022 illius

901 3047 1089 3133 Caccuudum
1104 3046 1206 3120 aliquid
1220 3046 1343 3104 mortalis
1365 3056 1433 3114 erat,
1458 3049 1523 3121 quia
1547 3059 1652 3122 poterat
1679 3070 1736 3111 non

942 3159 1020 3211 mort,
1035 3151 1168 3216 quatenus
1182 3160 1216 3199 ex
1227 3159 1260 3200 eo
1269 3144 1342 3215 quod
1352 3145 1535 3217 moripoterat
1545 3157 1701 3206 moreretur
1710 3151 1734 3208 si

939 3242 1077 3305 peccaret,
1095 3240 1120 3288 et
1136 3248 1168 3288 ex
1183 3247 1216 3288 eo
1231 3232 1367 3299 similiter,
1395 3233 1457 3306 quia
1481 3250 1534 3290 non
1558 3236 1630 3291 mori
1654 3246 1737 3309 pote-

939 3329 992 3388 rat,
1007 3337 1062 3377 non
1077 3327 1241 3387 moreretur,
1258 3321 1281 3375 si
1302 3321 1330 3375 in
1353 3322 1507 3378 obediontia
1531 3335 1734 3394 perseveraret.

940 3418 1062 3474 Christus
1077 3425 1176 3484 autem,
1194 3417 1256 3490 qnia
1272 3418 1357 3473 homo
1368 3418 1504 3490 perlectus
1520 3435 1536 3475 a
1550 3420 1683 3493 principio
1710 3430 1738 3481 et

940 3506 1070 3578 probatus
1089 3505 1214 3562 inventos
1233 3513 1274 3562 est
1292 3506 1328 3561 ad
1341 3506 1590 3577 perlectionomvel
1614 3509 1650 3565 ed
1671 3527 1736 3583 pro-

941 3595 1089 3658 bationem,
1106 3603 1270 3665 expectatos
1283 3610 1338 3650 non
1352 3602 1404 3661 cst,
1419 3605 1446 3652 et
1460 3596 1564 3655 idcirco
1577 3598 1648 3656 sicut
1668 3600 1739 3657 libe·

942 3708 1003 3748 rum
1017 3690 1161 3747 arbitrium
1172 3691 1274 3760 babuit,
1305 3706 1358 3748 nec
1385 3699 1475 3748 tamen
1503 3693 1538 3749 ita
1567 3704 1596 3751 ut
1623 3712 1740 3767 peccare

942 3787 1037 3852 posset
1050 3779 1089 3836 ita
1102 3788 1247 3853 quoquest
1257 3779 1503 3843 immortalitatem.
1520 3792 1652 3855 quantum
1667 3785 1694 3840 iu
1709 3802 1740 3844 se

943 3877 1011 3938 erat,
1027 3868 1128 3925 babere
1144 3867 1246 3936 debuit,
1263 3875 1289 3924 et
1304 3868 1340 3923 ita
1355 3876 1381 3924 ut
1397 3870 1467 3925 mori
1483 3871 1595 3928 omniuo
1610 3889 1664 3929 non
1679 3889 1742 3946 pos·
1844 3906 1849 3911 -
1882 3877 1888 3889 '

943 3974 997 4024 set.
1016 3964 1094 4022 Unde
1109 3970 1214 4022 constat
1230 3963 1303 4037 quod
1318 3965 1425 4021 Christo
1439 3965 1544 4022 homiui
1571 3984 1586 4023 a
1605 3968 1741 4042 principio

943 4070 998 4111 non
1012 4053 1101 4111 solum
1115 4053 1160 4108 illa
1174 4051 1361 4109 immortalitas
1368 4051 1530 4119 debebatur,
1542 4071 1626 4126 quam
1635 4057 1742 4127 primns

943 4144 1028 4199 horno
1043 4141 1136 4198 babuit
1150 4148 1212 4197 ante
1229 4141 1494 4212 prevaricationem,
1510 4143 1560 4198 sed
1575 4143 1623 4199 illa
1633 4160 1743 4219 quoqne

945 4256 1026 4313 quam
1041 4253 1114 4296 nnnc
1128 4238 1266 4295 secundus
1279 4239 1363 4294 babet
1376 4246 1437 4311 post
1450 4239 1690 4310 resurrectionem,
1713 4252 1743 4299 ut

948 4328 1076 4386 videlicet
1091 4328 1159 4384 sicut
1174 4343 1205 4384 es
1222 4328 1363 4385 consortio
1387 4329 1502 4385 Deitatis
1524 4329 1622 4402 spiritu
1639 4329 1745 4389 confir-

917 4422 1037 4486 Dmatus
1050 4424 1112 4474 erat
1126 4417 1161 4473 ad
1175 4416 1326 4484 veritatem,
1343 4423 1372 4472 ut
1386 4433 1503 4490 peccare
1518 4434 1572 4476 uon
1586 4428 1691 4492 posset,
1706 4420 1744 4478 ita

947 4531 1058 4591 quoque
1071 4531 1105 4571 es
1124 4514 1223 4572 merito
1237 4513 1345 4571 virtutis
1360 4531 1446 4573 carue
1468 4515 1642 4575 confirmatos
1671 4526 1747 4579 essct

947 4604 980 4661 ad
995 4603 1241 4676 incorruptionem,
1258 4611 1285 4659 ut
1300 4603 1370 4659 mori
1393 4618 1447 4660 non
1471 4614 1578 4676 posset.
1603 4606 1657 4663 Sed
1681 4607 1747 4680 qnia

947 4709 1012 4752 caro
1024 4693 1161 4767 peccatrix
1177 4707 1192 4747 a
1207 4707 1288 4764 poena
1302 4693 1409 4764 peccati
1433 4692 1544 4751 liberari
1569 4710 1623 4751 nou
1647 4696 1744 4767 potuit,
1851 4760 1858 4771 ⁸

948 4793 1002 4848 uisi
1017 4795 1076 4861 ejus
1090 4805 1155 4848 caro
1171 4807 1230 4864 quae
1244 4790 1303 4847 sinc
1317 4799 1429 4861 peccato
1453 4791 1511 4862 init,
1536 4802 1677 4865 pateretur
1697 4794 1743 4850 iu-

949 4881 1105 4938 firmitatem
1117 4879 1309 4952 passibilitatis
1324 4887 1350 4935 et
1366 4880 1541 4936 mortalitatis
1556 4882 1583 4936 in
1598 4897 1682 4939 oar-ne
1696 4898 1745 4938 ns·

949 4979 1070 5043 sumpta,
1086 4968 1197 5025 retinuit
1211 4975 1354 5038 potestate,
1372 4968 1500 5024 sustinuit
1515 4970 1667 5038 voluntate,
1689 4987 1746 5027 non

950 5084 1050 5140 passus
1063 5075 1105 5121 est
1119 5065 1296 5122 necessitate.
1317 5066 1357 5120 De
1384 5081 1467 5120 sensu
1490 5075 1581 5122 autem
1607 5067 1748 5139 passionis

951 5157 978 5212 in
994 5172 1074 5213 carne
1090 5154 1190 5211 Christi
1205 5153 1315 5226 quidam
1330 5152 1401 5210 rnale
1415 5153 1537 5211 sensisse
1560 5155 1746 5226 inveniuntur,

951 5261 1107 5310 asserentes
1121 5267 1233 5309 caruem
1248 5250 1333 5318 illam,
1346 5249 1373 5304 in
1388 5250 1515 5307 omnibus
1529 5252 1572 5308 bis
1588 5269 1648 5325 quae
1663 5253 1690 5310 in
1715 5271 1747 5312 ea

952 5351 979 5399 et
994 5342 1068 5399 circa
1083 5357 1144 5397 earn
1155 5340 1274 5397 exhibita
1290 5346 1350 5394 runt
1365 5338 1501 5411 passionis
1514 5357 1629 5414 genera,
1653 5343 1752 5400 simili·

953 5431 1074 5488 tudinem
1089 5429 1200 5502 quidem
1214 5427 1348 5500 passionis
1363 5437 1389 5485 et
1403 5428 1508 5485 doloris
1518 5430 1687 5503 suscepisse,
1698 5433 1749 5490 sed

954 5528 1058 5584 nullum
1072 5524 1186 5583 omuino
1200 5523 1324 5580 dolorem
1338 5531 1384 5581 ant
1396 5524 1552 5596 passionem
1567 5526 1745 5585 sustinuisse.

103 5648 164 5706 visa
177 5653 229 5714 est,
244 5652 274 5701 ut
288 5657 341 5700 nec
357 5641 384 5697 in
398 5640 459 5711 ipso
473 5643 557 5702 esset,
573 5649 625 5692 nec
639 5632 902 5704 cumipsoincanss
955 5617 1010 5675 Sed
1025 5632 1080 5672 non
1093 5613 1233 5671 attendunt
1252 5620 1350 5685 quanta
1372 5613 1531 5670 absurditas
1552 5612 1689 5684 ejusmodi
1707 5631 1752 5673 as·

102 5734 293 5812 participaret,
304 5730 364 5803 jam
379 5727 446 5786 nibil
458 5741 539 5802 pena
547 5722 652 5794 debuit,
663 5721 729 5795 quia
737 5720 825 5795 cnlpae
834 5717 903 5776 nibil
956 5713 1105 5799 cerdonem
1117 5717 1311 5787 consequatur.
1332 5708 1482 5780 Quomods
1502 5710 1634 5765 smmis
1650 5709 1771 5774 assam
