3780 6038
114 252 165 314 113

654 250 820 311 GOFFllIDl
832 250 976 309 nunnus
989 244 1262 311 rumunnense

1715 242 1767 309 tlt

115 380 181 436 rius.
198 380 256 436 lloo
270 377 384 436 tacimus
406 395 455 436 nos
471 376 604 447 Ecclesiis,
616 385 643 435 et
655 377 708 435 hoc
721 376 848 434 Ecclesia
862 375 908 433 la·
921 376 949 438 Α
964 375 1129 432 siasticamm
1143 392 1232 432 rernm
1260 375 1348 433 omnis
1362 375 1474 434 facultas
1495 378 1617 453 negetur.
1646 377 1767 435 Clericus

116 468 190 525 eiunt
204 468 291 525 nobis.
308 469 366 525 lloc
381 468 461 525 etiarn
475 468 555 525 bonae
565 468 628 525 vitae
642 475 670 522 et
681 467 761 523 bonae
776 466 915 522 memerito

116 559 197 614 vestri
221 557 443 630 praedecessores,
470 557 517 628 qui
532 573 581 613 ros
609 563 802 628 precesserunt
826 555 860 611 ad
875 555 914 609 si-

115 645 210 702 dereas
232 646 396 715 mansiones,
413 647 545 715 lecemnt,
575 645 695 700 decimas
721 645 823 700 scilieet
849 659 915 715 eluas

115 736 173 789 sine
185 734 288 806 judicio
303 741 329 790 et
356 735 414 790 sine
428 734 563 790 uuelientia
590 733 669 789 nobis
689 733 799 788 autentis
826 731 915 787 reddi·

114 825 219 879 derunt.
250 823 303 878 Sed
328 823 365 877 illi
392 823 463 878 beati
493 823 544 877 viri
570 822 681 877 forsitan
714 821 805 876 idioten
832 820 913 875 luisse

116 920 250 985 putantur,
280 912 408 981 quoniam
437 912 594 967 cleritatem
621 910 781 974 babuemnt,
801 916 828 962 et
850 909 914 964 vitu·

114 1009 211 1059 rerunt
225 1001 411 1072 rapacitatem,
434 1008 461 1055 et
475 1000 611 1056 neurinem
640 999 711 1054 mole
725 1014 781 1052 suen
809 997 914 1070 magni·

116 1088 216 1144 tudinis
230 1104 354 1161 premere
368 1089 521 1144 voluerunt.
545 1088 606 1143 Non
622 1088 748 1142 convenit
774 1086 852 1142 metri
867 1087 916 1146 En.

112 1179 200 1234 eleaiae
215 1178 328 1233 aliamm
359 1177 539 1232 Ecclesiarum
566 1177 628 1247 jura
655 1176 698 1232 vel
716 1175 835 1230 decimas
861 1174 912 1228 sibi

112 1282 251 1339 rrsrnpare.
283 1266 426 1321 Parentum
456 1273 496 1319 est
523 1265 606 1329 enim,
645 1264 727 1320 Panlo
758 1261 912 1319 testilieante

114 1355 254 1427 Apostolo,
296 1354 474 1409 thesaurizare
513 1352 577 1408 liliis
617 1353 654 1423 (ll
681 1353 742 1411 Cor.
779 1368 829 1420 xn,
856 1353 912 1422 lt),

113 1458 244 1515 nunquan
275 1451 336 1498 suut
361 1442 478 1498 tiliomm
507 1443 622 1498 auterre.
639 1442 667 1496 Si
692 1450 783 1498 tamen
812 1439 913 1511 aliquid

113 1531 186 1602 quod
208 1532 309 1602 justum
337 1532 371 1585 sit
398 1532 426 1586 in
454 1530 588 1604 praedictis
601 1531 714 1586 decimis
741 1546 790 1585 vos
813 1530 912 1585 babere

969 472 1068 534 autem,
1085 466 1129 536 qui
1154 482 1202 536 per
1229 465 1325 522 laicam
1353 482 1497 537 personam
1525 466 1678 535 ecelesiam,
1708 468 1765 523 sire

967 555 1380 624 possessionemeeclesiasticam
1409 556 1502 610 nititur
1511 555 1642 621 obtinere,
1673 574 1766 611 seeun-

967 642 1031 697 dum
1046 643 1207 715 Gregorium
1227 644 1370 714 septimum
1386 646 1471 713 (273),
1486 651 1513 699 et
1523 644 1661 700 Urbanum
1677 647 1763 713 tii-ll,

968 740 994 785 et
1009 732 1164 786 Pasebalem
1188 735 1263 803 (275)
1279 732 1436 800 secundum,
1452 733 1700 788 excommunicatam
1714 741 1763 797 est,

967 827 993 874 et
1008 819 1042 874 ah
1058 820 1123 890 ipsis
1150 821 1230 874 etiam
1246 821 1386 876 lraeretieus
1406 820 1550 892 judicatus.
1571 821 1636 876 l'ale
1654 836 1660 890 ;
1678 829 1702 877 et
1731 822 1764 875 de

967 907 1052 979 gradu
1067 908 1094 963 iu
1108 908 1221 980 gradum
1234 909 1306 963 Deus
1319 925 1368 964 vos
1381 916 1534 978 promotum
1542 909 1638 964 lrabeat
1649 909 1683 964 ad
1694 911 1764 964 utili-

968 1004 1048 1052 tatem
1064 997 1190 1052 Ecclesire
1203 1013 1267 1054 sure.
1285 999 1314 1052 lu
1329 997 1407 1054 robis
1421 998 1584 1069 completum
1600 1006 1649 1067 est,
1665 1007 1692 1053 ut
1708 1016 1764 1054 ero·

967 1085 1047 1153 ditur,
1064 1085 1136 1156 quod
1161 1086 1258 1158 legitur
1271 1085 1298 1141 in
1315 1086 1462 1159 Evangelio
1480 1106 1485 1142 :
1504 1087 1762 1157 carentcarent,

966 1174 1147 1230 exaltabitur
1174 1175 1272 1235 tldetlr.
1300 1190 1382 1241 remu,
1400 1176 1455 1245 ll).
1485 1175 1621 1230 Humilem
1644 1185 1763 1231 mentem

966 1270 1082 1318 vestram
1100 1280 1171 1317 nunc
1186 1279 1268 1334 usque
1293 1264 1456 1318 credidimus
1473 1279 1480 1332 ;
1496 1263 1650 1319 audivimus
1676 1266 1765 1320 lmmi-

966 1352 1020 1405 lem
1044 1352 1178 1421 loquelam
1195 1365 1202 1421 ;
1218 1352 1283 1406 satis
1305 1352 1386 1407 etium
1417 1352 1545 1406 immilem
1574 1361 1676 1410 vestem
1695 1370 1764 1409 eon-

965 1441 1112 1509 speximus.
1137 1441 1190 1494 lsta
1205 1440 1296 1509 utique
1311 1440 1403 1495 omnin
1426 1441 1561 1511 oportebit
1574 1458 1625 1496 ves
1651 1458 1762 1515 augere,

965 1544 1019 1583 non
1042 1528 1173 1596 minuere,
1189 1544 1224 1583 ue
1242 1528 1321 1584 vohis
1334 1529 1482 1601 contingat,
1498 1532 1578 1599 159
1594 1531 1667 1600 quod
1691 1532 1763 1586 Dem

112 1619 253 1687 confiditis,
269 1620 384 1675 Romnni
409 1619 542 1691 pontilicis
560 1618 692 1691 judicium
720 1619 798 1674 vobis
824 1616 913 1673 oileri-
965 1617 1088 1672 abuerat!
1108 1617 1331 1686 Quiseernttnt,
1347 1616 1660 1689 tremitieanerdoidt
1683 1618 1763 1689 Quod

114 1727 182 1776 inus,
198 1709 240 1764 cui
256 1709 305 1762 soli
325 1708 358 1763 de
386 1708 467 1764 rebus
495 1709 649 1764 monasterii
678 1707 761 1763 nostri
785 1706 907 1778 judieuro
921 1733 948 1792 Β
965 1706 1008 1759 bic
1024 1705 1169 1759 novissime
1184 1706 1287 1760 locutus
1300 1722 1370 1773 sum,
1386 1714 1424 1760 est
1440 1705 1548 1775 quidem
1559 1717 1762 1778 praesumptuo-

111 1798 174 1853 lieet
186 1805 213 1852 et
226 1795 347 1851 delinire.
378 1797 449 1851 litut
468 1797 518 1851 iste
546 1813 606 1866 quae
633 1796 825 1851 elieirnusvem
852 1811 908 1849 cre-
962 1810 1020 1848 sum
1038 1808 1044 1861 ;
1061 1794 1108 1848 sed
1135 1801 1328 1864 praesumptum
1356 1794 1444 1850 aurien
1457 1798 1678 1865 presumptione.
1708 1800 1763 1853 l'os

111 1886 189 1954 datis,
206 1902 256 1940 nec
286 1885 416 1956 deinceps
429 1902 479 1957 per
501 1884 836 1957 ignorantiamadversum
860 1899 909 1938 nos
961 1884 1064 1939 riseera
1078 1899 1139 1937 mea
1162 1884 1253 1951 nostis,
1270 1891 1362 1955 elego
1386 1884 1615 1939 vestrasimilitee.
1631 1887 1687 1942 Nee
1715 1903 1762 1942 vo-

111 1974 275 2049 contralmtis
289 1973 419 2029 eliensem
431 1973 625 2031 venerabilium
645 1974 827 2029 Rornanomm
843 1988 909 2044 pon·
962 1971 1013 2037 bis,
1030 1988 1079 2027 nec
1089 1972 1154 2025 milri
1167 1979 1258 2026 mutua
1268 1971 1437 2027 lanulieritas
1451 1981 1645 2043 comtemptum
1655 1975 1759 2044 pariet,

110 2062 222 2131 tificum,
247 2063 349 2119 Urbani
378 2071 405 2117 et
430 2063 528 2118 Calixti
557 2062 700 2134 privilegia
728 2064 803 2132 (270)
831 2061 910 2116 vobis
962 2059 1044 2114 sedin
1059 2059 1152 2115 divina
1164 2059 1267 2130 justitia
1287 2061 1469 2116 assensionem
1498 2062 1605 2131 nutriet,
1622 2071 1648 2118 at
1673 2065 1761 2136 magis

111 2152 269 2223 transcripta
296 2151 436 2206 mittimus.
452 2152 534 2207 Novit
554 2151 626 2205 enim
642 2150 783 2222 pmdeutia
808 2158 906 2217 vestra,
962 2149 989 2202 in
1004 2150 1061 2204 Deo
1076 2148 1202 2204 devotam
1213 2148 1394 2204 dilectionem.

110 2239 183 2310 quod
197 2240 255 2295 sine
270 2240 391 2311 periculo
406 2254 460 2295 non
474 2238 629 2295 dissolvitur
642 2240 699 2293 sive
718 2239 906 2306 contemnitur,

111 2328 184 2399 quod
199 2328 350 2399 apostoliea-
361 2329 518 2384 auctoritate
545 2327 679 2383 firmatum
695 2344 752 2383 esse
781 2328 907 2395 noscitur,

110 2419 154 2475 rel
181 2423 356 2488 praeceptam.
386 2417 488 2485 Valete,
516 2424 551 2486 et,
581 2416 906 2487 dum158preeamur,

110 2513 229 2561 nostmm
252 2505 342 2560 audite.
358 2521 476 2578 precem,
503 2505 525 2558 si
540 2513 656 2561 vestram
672 2520 725 2561 non
748 2505 829 2559 sultis
855 2506 908 2560 sol·

109 2593 207 2649 licitari
220 2593 350 2664 quietem.

372 2713 542 2770 EPISTOLA
559 2713 643 2769 XLII.

108 2830 227 2888 Domino
241 2845 292 2886 sno
315 2832 343 2885 et
366 2828 545 2900 precordiali
562 2829 663 2896 emico,
687 2828 708 2883 l.
735 2827 908 2886 honorabitis

143 2921 209 2976 nitoe
227 2918 354 2991 episeopo
375 2918 461 2987 (271),
486 2919 584 2989 freter
610 2916 748 2989 Getieidns
773 2917 907 2974 abbatam
963 2964 968 2975 .

144 3006 482 3074 intermeanttnttonem
496 3009 525 3063 et
537 3006 698 3063 dilectionis
711 3006 887 3063 seruitutem.

1216 2292 1384 2350 EPISTOLA
1403 2294 1499 2349 xtttt.

962 2398 1288 2456 Dnleisatmodominoet
1302 2400 1483 2472 precordiali
1494 2403 1597 2469 amice,
1613 2403 1758 2460 domnoli.

997 2486 1149 2543 laudabitis
1168 2489 1233 2543 vitre
1251 2489 1378 2561 episeopo
1400 2493 1595 2562 1176))ναίον
1616 2493 1761 2565 Gessridnr

997 2574 1177 2632 ditectionem
1192 2581 1221 2632 et
1231 2575 1393 2634 dilectionis
1408 2580 1586 2636 seruitutem.

997 2698 1157 2767 Concilium,
1173 2708 1283 2755 utriunc
1305 2700 1411 2770 elicitur,
1432 2703 1525 2760 llomae
1540 2706 1616 2774 (277)
1640 2706 1759 2761 celebro-

960 2785 1041 2855 bitur,
1059 2804 1123 2855 non,
1148 2787 1215 2844 sieut
1229 2788 1409 2859 audieramus,
1440 2792 1590 2848 Cremonae.
1606 2793 1683 2850 Unde
1705 2797 1759 2850 arri·

962 2891 1021 2929 mus
1050 2892 1126 2930 meus
1148 2878 1323 2933 vehementer
1335 2879 1515 2948 perturbatur,
1545 2881 1672 2951 quoniam
1696 2884 1758 2938 illue.

961 2981 999 3018 ire
1014 2964 1137 3020 voluntas
1151 2964 1252 3021 domini
1267 2967 1433 3040 papencogit,
1449 2969 1496 3023 scd
1506 2970 1635 3041 asperitas
1650 2979 1757 3041 tempo-

922 3054 998 3154 Cris
1025 3060 1052 3108 et
1079 3054 1209 3126 longioris
1231 3055 1283 3111 viee
1311 3055 1446 3112 tribulatio
1469 3057 1614 3114 dissuadet.
1645 3061 1678 3114 lit
1700 3062 1758 3116 llaec

145 3141 415 3210 lncrastinoeopitis
440 3140 604 3211 jejuniorum
620 3140 718 3197 advos
736 3141 828 3197 venire
852 3157 906 3196 non
962 3142 1070 3212 quidem
1099 3158 1148 3212 pro
1176 3144 1242 3199 tanti
1275 3144 1378 3199 domini
1406 3153 1434 3201 et
1460 3147 1581 3218 magistri
1620 3148 1757 3205 volrrntote

110 3246 228 3304 possum,
258 3231 414 3285 cercesium
433 3230 553 3300 eorporis
580 3231 813 3300 occupatus.Cnm
841 3244 906 3285 vero
961 3229 1146 3303 postponenda
1171 3231 1291 3299 inissent,
1324 3233 1345 3287 si
1374 3233 1493 3306 eorporis
1521 3234 1661 3291 infirmitas
1684 3238 1757 3308 qarod

110 3318 309 3387 anemfflitote,
339 3334 392 3387 qua
406 3317 538 3385 detineor,
554 3318 629 3373 luero
645 3318 781 3384 liberatus,
811 3318 907 3374 advos
958 3320 1070 3390 jubetur
1091 3318 1148 3374 lieri
1168 3320 1223 3376 ulla
1245 3322 1349 3376 ratione
1373 3323 1547 3394 permitteret.
1561 3325 1686 3395 Seipsum
1714 3344 1758 3381 ex·

109 3407 217 3465 verrium
232 3414 353 3476 tempore
378 3406 551 3476 competenti,
567 3404 600 3460 de
616 3406 734 3476 Pagone,
764 3405 907 3461 etdesnis
959 3424 1061 3478 ponere
1084 3408 1175 3475 morti,
1204 3409 1254 3463 nisi
1283 3417 1355 3465 certa
1369 3427 1416 3482 spe
1439 3411 1623 3469 retributionis
1636 3422 1754 3485 aetemae,

107 3497 238 3568 justitium
262 3502 426 3566 receptums.
456 3495 580 3567 Pogonus
608 3494 662 3564 ille,
678 3494 746 3549 sicut
772 3494 906 3566 dicitur,a

110 3585 188 3641 robis
201 3584 323 3655 exposcit
350 3583 422 3653 quod
445 3583 647 3639 elimasanetis
670 3584 798 3655 apostolis
826 3585 906 3641 iuter·

110 3675 211 3730 dictum
226 3681 274 3740 est,
290 3680 317 3727 et
343 3672 457 3727 ‹leeretis
470 3672 624 3743 apostolicae
652 3672 723 3729 sedis
737 3691 807 3730 nunc
826 3675 906 3730 iuter-

110 3762 215 3817 dicitur.
232 3761 318 3817 Laicis
341 3761 424 3829 enim,
440 3761 521 3816 etiam
535 3761 669 3835 religiosis
696 3764 780 3832 (172),
796 3770 823 3817 ut
848 3763 905 3835 ipse

111 3851 207 3907 melius
220 3851 312 3919 nostis,
329 3849 556 3922 disponendarum
576 3851 747 3907 ecclesiomm
763 3851 806 3906 vel
821 3852 905 3909 eecle-

146 4030 221 4100 tito)
238 4030 379 4089 llrinniet
390 4029 500 4086 delicti
513 4029 670 4103 prinitepin.
687 4029 785 4085 Urbani
807 4031 857 4086 bae
872 4029 905 4084 de

109 4117 138 4155 re
152 4101 288 4157 decretum
317 4101 471 4156 citntnmad
499 4101 577 4170 epist.
599 4106 632 4156 33
647 4100 742 4156 Calidi
770 4101 905 4174 integrum

110 4172 291 4228 attulimusnb
306 4172 353 4228 lib.
369 4189 399 4241 n,
411 4173 488 4244 epist.
505 4176 549 4227 28.

146 4245 254 4313 (211)]
275 4244 413 4316 episcopo.
446 4241 567 4298 Goll'rido
594 4243 715 4314 suspicor
737 4243 903 4310 Cantotensi,

109 4313 144 4368 ad
159 4330 238 4383 quem
253 4314 373 4368 scribens
399 4313 478 4383 epist.
495 4318 538 4368 30.
554 4313 655 4385 lagani
671 4314 751 4369 etiam
781 4314 903 4370 monaehi

110 4385 242 4438 meminit.
259 4384 397 4439 loffridum
404 4400 453 4455 pro
459 4383 718 4440 Gnllridoiuterdum
729 4385 882 4440 scribebant
894 4403 900 4440 :

109 4526 187 4596 epist.
202 4526 245 4607 ad.
264 4525 411 4606 lionorium
428 4544 434 4580 z
452 4526 536 4581 Locus
550 4540 615 4598 ergo
637 4526 698 4581 huic
711 4526 831 4597 epistolae
858 4526 904 4582 do·

109 4595 224 4738 bellllgl
235 4595 581 4792 llbaboenlllmllenpom
594 4667 634 4721 Ex
649 4666 804 4739 Symmachi
824 4682 903 4739 pepae

110 4739 268 4821 synodo-ru,
285 4738 332 4793 lib.
349 4752 387 4805 vt,
403 4745 492 4820 capitu
506 4778 513 4820 t
529 4741 580 4794 sot
596 4739 662 4808 ;lvo
676 4754 771 4809 με),
783 4754 843 4810 cap.
857 4744 900 4809 36,

108 4809 577 4964 “¹disternitur‚illitu.
597 4881 628 4935 1„
642 4879 745 4952 synon
769 4880 900 4951 imm

108 4960 186 5024 epist.
200 4956 230 5010 11
247 4960 274 5009 et
287 4968 379 5025 opusc.
391 4955 417 5006 2.

143 5025 219 5093 (rat)
236 5024 387 5082 llrinnnm.
403 5023 436 5077 ln
449 5023 552 5094 synodo
567 5022 736 5080 llrvemeusi.
753 5092 759 5106 ·

143 5097 219 5165 (275)
234 5092 409 5151 Panchatem.
425 5095 457 5151 ln
471 5093 573 5167 synodo
589 5094 770 5153 lateranensi.

143 5167 218 5241 (rto)
245 5164 388 5243 Episcopo.
408 5164 539 5228 itainddo
561 5164 674 5225 tortasse
700 5164 901 5242 andegavensi,

959 3497 1048 3552 nullus
1062 3504 1183 3552 sensatus
1197 3514 1314 3568 unquam
1330 3499 1401 3554 lecit.
1419 3499 1447 3554 Si
1463 3502 1523 3570 quis
1532 3517 1596 3557 vero
1606 3503 1633 3556 in
1648 3520 1676 3558 se
1687 3520 1754 3560 cou-

959 3586 1049 3641 citavit
1064 3593 1189 3653 mortem,
1210 3602 1290 3657 aarum
1304 3587 1389 3642 ritare
1404 3587 1549 3657 debuisset,
1573 3591 1694 3662 requiem
1709 3593 1753 3648 iu-

959 3674 1064 3730 venisse
1078 3691 1132 3728 non
1147 3674 1253 3747 legitur,
1282 3674 1328 3729 sed
1339 3691 1498 3732 aerurnnmn.
1516 3679 1635 3735 Christus
1663 3683 1754 3752 eroque

958 3764 1080 3834 bajulare
1100 3779 1206 3820 emcem
1218 3763 1294 3835 jubet
1321 3765 1474 3835 (inc.x1v,
1491 3769 1548 3838 11),
1565 3785 1618 3826 non
1634 3786 1754 3842 quaerere

959 3854 1132 3925 sepultumm.
1149 3853 1224 3909 Vale.

959 4029 1093 4085 nonenim
1123 4029 1246 4100 occurrit,
1276 4031 1317 4086 cui
1365 4033 1434 4088 otius
1457 4032 1553 4091 ascribi
1600 4045 1672 4093 nent.
1696 4038 1754 4095 lloe

958 4107 1037 4226 paeto¹
1055 4101 1167 4226 aeljupgi
1195 4103 1299 4158 ceteris
1317 4048 1406 4174 elebet,
1423 4122 1483 4176 qum
1512 4106 1545 4162 od
1569 4050 1645 4163 illum
1673 4126 1754 4182 supra

958 4188 1062 4243 scrrpae
1076 4188 1145 4227 sun.

995 4245 1070 4311 (277)
1079 4243 1373 4302 Conrilinmllornoe.d
1383 4245 1606 4313 Calixtoll‚nnno
1619 4252 1754 4322 11231)-

959 4313 1059 4383 pendix
1074 4312 1218 4386 sigeberti,
1238 4314 1393 4372 concretam
1405 4319 1497 4374 Reme
1511 4319 1683 4386 celebretur,
1693 4337 1753 4394 pen

959 4388 1036 4440 inter
1046 4400 1164 4456 neena-m
1178 4390 1207 4441 et
1221 4387 1409 4443 secerdotium
1420 4391 1605 4460 reformatur,
1621 4392 1753 4461 etjasin·

110 4461 190 4524 etque
204 4455 241 4510 its
251 4461 327 4510 vetus
340 4455 426 4509 codex
449 4455 575 4510 abbatem
588 4463 706 4510 nostram
730 4463 901 4527 mpraesentat
917 4450 942 4511 D
959 4456 1753 4533 eertitnrernmepiscopetinmelrirnperotoreexfertaeo·

958 4529 1017 4592 tur,
1031 4529 1042 4580 l
1060 4526 1207 4582 abdicatur.
1219 4528 1277 4582 lloc
1291 4528 1374 4584 idscm
1390 4535 1430 4585 est
1443 4529 1705 4601 concilium,opinor,
1721 4532 1754 4589 ad

957 4597 1030 4668 quod
1053 4605 1179 4653 evocatus
1199 4597 1356 4667 lldebertus,
1376 4616 1473 4671 graves
1486 4601 1514 4656 in
1528 4601 1623 4657 itinere
1642 4601 1755 4659 difficul-

958 4674 1024 4724 tates
1038 4668 1182 4724 meditatur
1196 4669 1222 4724 in
1240 4687 1255 4723 e
1277 4670 1319 4724 ist.
1335 4673 1388 4726 76:
1402 4672 1523 4729 decime
1544 4676 1641 4730 annm
1658 4674 1710 4730 lenc
1724 4676 1755 4731 in

958 4686 1757 4815 tempestateorntiontlnstuisepcmnssntipendillomem

956 4810 1758 4938 gnopnpacardinatilmscitramontanirepircoptsetalr,-

972 4882 1068 4938 nttbrn
1076 4884 1533 4953 conuocatispenerateeoncittnm
1542 4886 1574 4941 in
1586 4887 1704 4944 nrteest
1712 4898 1760 4945 ce·-

958 4953 1118 5010 teiretnres
1126 4972 1135 5020 ‚·
1142 4954 1220 5009 nobis
1230 4956 1301 5010 ittae
1309 4955 1482 5026 profecturis
1493 4962 1603 5028 tempos
1612 4957 1760 5016 biennem-

956 5024 1256 5097 speetnmntrilmsitt
1275 5040 1314 5091 es,
1328 5026 1513 5084 incrementis
1531 5042 1621 5103 eene,
1634 5029 1759 5088 vinealia

955 5095 1120 5173 imperator,
1129 5041 1432 5168 contenebrentur,
1443 5099 1756 5177 exectionepatattnm.
