3780 6038
116 208 169 263 als

578 204 875 264 ammonitiones
893 204 945 264 SS.
968 208 1121 276 rumolt.
1138 238 1172 251 -·
1187 208 1254 266 cta.
1275 209 1300 265 l.

1712 214 1763 269 816

117 333 225 407 longior
234 333 277 390 vel
292 332 403 389 brevior
423 331 486 403 quia
511 348 565 389 non
589 333 701 389 habebit
727 332 817 389 finem.
847 332 913 389 Sero
927 332 954 393 Α
969 332 1039 403 Quid
1055 334 1151 405 quaeris
1166 336 1306 407 amplius‘?
1322 337 1403 405 Vade,
1417 353 1560 409 persevem
1574 338 1602 393 in
1617 337 1766 410 adeptaju

118 432 217 489 factum
233 438 282 499 est,
298 431 456 503 cuicumque
470 430 531 486 finis
546 431 608 486 vitae
623 432 705 488 venit.
720 433 743 486 Λ
764 432 918 488 novissimis

121 520 245 577 denarios
258 520 452 590 paterfamilias
464 520 577 576 reddere
592 520 673 592 coepit
689 535 696 588 ;
712 521 758 590 qui
778 520 812 575 od
834 537 916 592 para-

121 610 171 664 disi
185 611 297 681 requien
312 611 385 681 prius
400 611 531 666 latronem
542 626 623 680 quam
647 611 753 664 Petrum
777 611 913 681 perduxit.

120 706 170 775 Qui
188 707 256 762 latro
270 707 332 763 etsi
346 723 396 777 000
410 713 517 762 aetatem
530 722 585 762 non
600 705 674 761 venit
688 705 722 760 ad
733 706 915 777 undecimam,

118 797 193 852 venit
207 804 297 852 tumen
315 812 375 852 sero
394 813 442 867 per
466 812 584 866 pennam.
611 795 656 850 Sic
677 795 821 865 aliquando
843 797 917 868 prius

118 893 325 940 remunerantur
338 901 397 939 sero
412 885 549 940 venientes
563 884 607 953 qui
624 884 697 954 prius
711 884 744 938 de
759 886 917 956 corporibus

118 990 221 1038 exeunt
235 998 315 1053 quam
330 982 375 1053 qui
385 982 413 1036 in
421 982 542 1054 pueritiis
556 980 642 1036 vocati
656 989 725 1036 sunt.
746 1004 757 1027 ιι
774 983 917 1038 Venientes

118 1079 208 1127 autem
224 1071 303 1142 primi
314 1072 434 1127 arbitrati
445 1079 505 1125 sunt
515 1071 587 1141 quod
597 1069 657 1141 plus
667 1077 754 1125 essent
770 1072 915 1143 accepturi.

117 1163 377 1229 ftcccperuntautem
388 1160 468 1215 etiam
478 1160 529 1230 ipsi
540 1160 660 1232 singulos
666 1159 800 1215 denarios.
813 1184 823 1209 n
835 1160 917 1215 Earn·

118 1257 179 1311 dem
195 1256 295 1313 scilicet
309 1257 464 1313 Trinitatem
480 1273 541 1311 cum
556 1255 682 1328 gentibus
692 1254 844 1325 justificatis
867 1274 916 1313 ac-

117 1344 218 1416 cipient
243 1353 313 1402 retro
343 1346 441 1411 vocati,
470 1345 631 1401 confermati
660 1345 773 1402 claritati
807 1347 915 1403 Cluisti.

119 1435 186 1489 Curn
202 1442 292 1490 tamen
306 1434 394 1505 primo
409 1443 538 1490 10000001
553 1435 596 1504 qui
612 1436 728 1507 populus
738 1435 786 1492 Dei
797 1437 831 1491 ab
841 1437 917 1493 initio

970 423 1050 479 stitia.

1008 543 1019 567 ιι
1037 520 1104 575 Volo
1117 528 1206 576 autem
1222 527 1249 575 et
1261 519 1324 576 huic
1338 520 1484 578 novissimo
1500 521 1565 579 dare
1578 521 1646 578 sieut
1660 531 1686 578 et
1706 524 1765 578 tibi.

970 610 1009 661 (10
1024 624 1076 664 non
1092 608 1153 664 licet
1169 609 1233 664 milri
1249 609 1321 679 quod
1335 610 1396 666 volo
1412 611 1572 667 faceretne
1593 613 1686 668 oculus
1708 622 1768 669 tuus

971 712 1088 766 nequam
1105 704 1154 765 est,
1170 698 1233 768 quia
1246 714 1297 770 ego
1312 698 1400 754 bonus
1413 716 1472 755 sum
1487 701 1501 753 ‘t
1518 723 1529 748 ιι
1549 700 1615 756 Volo
1640 708 1669 756 ut
1691 718 1766 758 coae·

970 786 1056 856 qualis
1065 786 1295 858 etconccrporalis
1306 786 1353 842 tibi
1363 787 1409 844 liat
1418 789 1534 860 populus
1542 789 1660 862 gentilis.
1672 790 1768 847 Nonne

970 882 1087 943 potestas
1101 882 1141 929 est
1152 874 1252 945 judicis
1262 877 1304 932 vel
1317 876 1449 945 justitium
1464 878 1561 948 facere,
1591 880 1635 933 vel
1664 879 1768 935 miseri-

970 962 1089 1018 cordiam
1105 964 1147 1019 001
1162 965 1220 1019 vult
1234 965 1399 1035 impendere.
1416 966 1488 1021 Cave
1502 983 1568 1040 ergo
1580 983 1615 1022 00
1625 968 1768 1024 occasione

970 1050 1097 1107 bonitatis
1124 1052 1216 1108 invido
1244 1054 1323 1108 oculo
1352 1055 1505 1125 proximum
1531 1055 1671 1125 respicias.
1703 1056 1768 1112 blibi

971 1149 1061 1197 autem
1076 1141 1126 1196 soli
1150 1142 1277 1197 invisibili
1301 1150 1329 1197 01
1352 1143 1496 1199 immortali
1519 1143 1678 1200 saeculorum
1699 1145 1768 1217 llegi

971 1235 1073 1284 secreta
1087 1246 1148 1286 rnen
1162 1231 1250 1287 honor
1263 1237 1290 1286 et
1303 1232 1390 1304 gloria
1414 1240 1441 1287 et
1466 1232 1565 1287 saecula
1590 1234 1763 1290 saeculorum.

974 1341 984 1365 ιι
1002 1318 1047 1373 Sic
1062 1327 1139 1373 erunt
1153 1319 1292 1375 novissimi
1307 1320 1411 1391 primi:
1432 1329 1460 1376 et
1481 1321 1563 1390 primi
1586 1321 1734 1377 novissimi.
1754 1344 1766 1371 ιι

971 1406 1025 1473 Sic,
1042 1407 1166 1464 videlicet
1180 1415 1209 1462 ut
1222 1418 1359 1464 ostensum
1375 1417 1425 1476 est,
1449 1411 1627 1481 aequabuntur
1650 1411 1768 1467 novissi·
1845 1418 1848 1423 ’

970 1496 1007 1549 mi
1023 1504 1048 1551 et
1062 1497 1151 1566 primi.
1167 1498 1327 1554 sicutenim
1342 1499 1368 1552 in
1384 1515 1485 1555 corona
1507 1516 1556 1554 nec
1584 1500 1689 1555 initium
1716 1507 1768 1570 est,

119 1533 286 1601 exstiterant,
301 1530 421 1586 arbitrati
435 1538 497 1585 sunt
517 1531 588 1602 quod
612 1539 715 1604 gentes,
741 1532 816 1603 prius
838 1533 917 1588 idolis
971 1600 1020 1641 neo
1035 1583 1116 1653 stum
1133 1586 1170 1641 ila
1185 1587 1373 1643 intersancws
1400 1597 1530 1659 quantum
1545 1587 1579 1643 ad
1604 1596 1710 1661 tempus
1742 1590 1769 1643 in

1375 1632 1381 1654 t
1712 1631 1720 1658 l

117 1622 274 1688 servientes,
291 1619 379 1674 nriuus
393 1627 482 1676 essem
495 1621 640 1690 accepturi.
972 1674 977 1684 ,
1294 1676 1299 1687 ,
1331 1677 1336 1687 .
1439 1675 1444 1687 .
1464 1677 1469 1687 .
1688 1678 1694 1689 .

928 1691 956 1752 Β
971 1672 1015 1729 illo
1029 1673 1128 1730 saecuio
1143 1691 1223 1731 neme
1238 1692 1400 1733 novissimus
1418 1676 1524 1747 dieitur,
1551 1693 1631 1733 nemo
1655 1694 1768 1752 primus.

156 1779 167 1805 ⁸
185 1756 217 1810 Εῑ
231 1754 606 1827 affili⁰¹¹²⁰³m¹¹sffluffibflm
619 1755 746 1811 adversus
766 1756 915 1826 laflfmsfl·
974 1770 1350 1842 (110111001000001000011,
1368 1773 1445 1845 pauci
1470 1790 1535 1831 vero
1563 1774 1654 1832 electi.
1676 1799 1687 1825 ι»
1713 1776 1771 1832 1100

119 1854 217 1920 milias,
233 1853 352 1908 dicentes
366 1872 372 1907 :
388 1851 423 1906 lli
438 1852 576 1908 novissimi
591 1869 644 1908 una
658 1854 724 1907 liora
740 1852 869 1920 fecerunt,
891 1861 917 1910 et
971 1875 1025 1915 non
1035 1860 1069 1915 ad
1083 1860 1234 1932 superiores
1257 1870 1372 1932 sanctos,
1398 1863 1446 1919 sed
1470 1862 1504 1919 ad
1527 1872 1622 1937 gentes
1645 1864 1769 1935 pertinet,

117 1958 197 2012 pares
215 1942 276 1996 illes
295 1941 373 1996 nobis
406 1941 501 2008 fecisti,
535 1941 581 2011 qui
613 1941 779 2012 portavimus
812 1944 917 2014 pondus
971 1949 1658 2024 (00100100000011110000001001,0100οΕ0010οἰτο
1678 1954 1770 2025 parie-

118 2031 171 2086 diei
187 2037 305 2087 etaestus.
321 2051 331 2078 ιι
345 2030 452 2100 Antiqui
468 2030 513 2101 qui
523 2038 584 2101 post
594 2030 676 2103 longa
686 2030 783 2085 inferni
796 2039 917 2102 tempora
971 2045 1011 2093 tes
1024 2037 1147 2110 implent,
1162 2039 1209 2095 sed
1224 2040 1259 2095 ad
1271 2056 1387 2113 regnum
1402 2042 1482 2114 pauci
1498 2041 1687 2114 perducuntur.
1712 2043 1771 2098 tti-

118 2127 152 2184 ad
171 2129 269 2184 coelnm
290 2134 472 2200 pervcnemnt
494 2128 569 2197 quasi
593 2135 656 2199 0001
675 2129 916 2185 murmurationem
972 2133 1026 2181 ter:
1042 2127 1171 2183 Nonnulli
1186 2143 1235 2198 per
1249 2129 1351 2200 primos
1365 2130 1517 2204 intelligunt
1533 2146 1587 2186 non
1611 2131 1698 2187 solum
1722 2134 1772 2187 bo-

118 2218 258 2273 denarium
275 2217 419 2288 accipiunt.
434 2218 491 2272 Nos
504 2223 593 2272 autem
613 2217 669 2272 sine
693 2218 914 2285 murmuratione,
971 2230 1029 2284 nos,
1049 2215 1096 2270 sed
1110 2224 1137 2271 et
1151 2216 1282 2287 quosdam
1297 2219 1343 2289 qui
1357 2226 1496 2290 coeperunt
1511 2219 1538 2273 in
1552 2219 1643 2289 vinea,
1667 2228 1695 2276 et
1715 2236 1772 2277 non

118 2306 182 2378 quia
196 2322 259 2361 mox
274 2313 303 2360 ut
317 2304 351 2361 de
374 2322 487 2375 corpore
510 2305 623 2372 eximus,
653 2306 710 2361 sine
739 2323 815 2363 mora
843 2324 915 2379 prce-
971 2314 1223 2375 perseveraverunt.
1242 2308 1275 2362 lli
1290 2324 1324 2362 ex
1339 2307 1442 2363 invidia
1465 2306 1673 2365 novissimorum
1694 2325 1772 2365 mur-

119 2404 205 2460 mium
221 2403 377 2475 accipimus.
399 2405 433 2458 Et
457 2404 604 2459 notandum
628 2405 691 2475 quia
713 2405 839 2460 denarius
862 2422 917 2461 non
970 2395 1388 2467 ¹1¹11Pi¹¹¹²3lfl¹¹lilli(inlinitio
1413 2397 1546 2454 ”meniis
1568 2397 1696 2455 Eoelesiffi
1719 2414 1772 2455 10·

119 2493 181 2549 10110
195 2493 305 2548 insimul
320 2493 460 2564 accipitur,
478 2492 526 2547 sed
549 2493 605 2549 veri
629 2494 744 2550 cultores
772 2494 917 2565 spiritualis
970 2482 1036 2537 ⁰³¹ss
1051 2501 1085 2538 ⁴³¹
1103 2484 1229 2556 gentibus
1247 2501 1275 2540 5⁰
1297 2486 1486 2557 praeserebflssi·
1499 2486 1637 2557 [1111111110
1651 2502 1774 2543 commu·

117 2583 205 2640 vincae
220 2582 246 2636 in
271 2582 321 2638 hac
331 2582 386 2638 vita
400 2582 565 2652 centuplum,
582 2582 678 2637 deinde
694 2583 803 2650 caelum,
816 2592 842 2638 et
856 2592 917 2655 post
971 2572 1486 2643 011000101100000010010010000100οῠ
1508 2575 1605 2643 b0110⁵‚
1629 2583 1659 2632 ut
1681 2576 1747 2632 illud
1764 2593 1771 2631 :

114 2681 209 2751 judicii
220 2679 464 2736 remunerationem
478 2679 613 2750 duplicem
637 2680 733 2735 stolam
758 2680 911 2737 habebunt.
974 2682 984 2709 ‘¹
1002 2660 1071 2716 v⁰¹⁰
1087 2661 1134 2716 fibi
1150 2662 1587 2720 9611191111ῑοΠο1’Ῑ35Ῑ1“0(Ῑθΐθ·
1608 2687 1619 2714 n
1641 2666 1681 2720 nd
1705 2666 1774 2722 ss¹i0³

115 2769 262 2826 Denarium
278 2769 359 2842 igitur
372 2768 543 2840 accipientes,
559 2785 614 2824 non
637 2786 671 2823 ex
696 2768 799 2825 invidia
821 2770 916 2842 gratiae
969 2764 1034 2804 vem
1050 2747 1410 2820 ῆι190111111111θὸ(1111111111
1426 2768 1455 2807 ⁵⁰
1469 2759 1634 2823 3009111111Οῆ
1646 2753 1771 2823 ‘luaedflm

116 2867 285 2914 murmurant
303 2857 430 2915 adversus
453 2857 614 2913 novissimos
636 2857 784 2929 operarios,
806 2858 854 2913 scd
881 2876 916 2914 ex
972 2836 1114 2906 pertinent,
1130 2845 1159 2892 ⁰1
1173 2838 1238 2893 illud
1255 2858 1261 2894 ²
1281 2861 1292 2887 ‘¹
1310 2840 1342 2893 ΕΙ
1355 2840 1767 2909 ἃ0019111]ῑῶΙῙῙΠΠῙΠΠἭΜῙῙῙ·1

115 2955 439 3029 ignorantiasecretorum
455 2954 582 3009 adversus
597 2955 832 3025 patremfamilias.
859 2957 915 3011 Ta-

116 3045 149 3099 lis
162 3061 227 3117 ergo
243 3052 283 3099 est
297 3045 348 3115 piae
367 3043 534 3114 superiorum
557 3043 737 3113 inquisitionis
761 3052 955 3116 murinum-C

116 3136 162 3190 tio.
179 3132 250 3203 Quid
264 3148 352 3188 causae
374 3139 414 3185 est
442 3132 514 3202 quod
542 3133 643 3187 tamdiu
672 3132 795 3188 distulisti
822 3133 914 3206 ignem

114 3233 220 3289 0001110
241 3241 339 3287 terram
360 3231 465 3285 mittere
486 3238 513 3285 et
530 3231 687 3287 accendere.
707 3234 761 3287 Aut
783 3249 865 3303 quare
880 3233 915 3289 ad

114 3323 166 3378 hoc
180 3330 287 3393 tempus
302 3336 356 3375 non
370 3320 512 3375 reservasti
537 3336 595 3375 nos.
625 3321 674 3377 l'el
701 3321 840 3378 0011001001
868 3339 915 3378 cur

115 3420 239 3480 tempora
253 3417 344 3465 nestra
358 3409 497 3465 nobiseum
518 3426 573 3464 non
587 3409 747 3465 babuerunt.
768 3412 820 3466 Aut
843 3411 913 3468 uude

112 3508 142 3565 fit
156 3508 229 3580 quod
245 3507 384 3563 novissimi
404 3524 458 3563 non
486 3507 638 3563 habuerunt
663 3516 786 3580 tempora
812 3516 912 3579 nostra,

112 3606 139 3655 et
153 3614 203 3654 nos
217 3605 339 3668 tempora
353 3596 510 3652 novissima.
530 3595 619 3666 Quare
635 3597 716 3652 etiam
740 3598 841 3667 dispari
860 3614 912 3654 vo-

113 3687 211 3743 cationi
230 3687 375 3758 perdatur
393 3686 544 3756 premium.
573 3686 609 3742 Et
637 3685 755 3755 plurima
782 3687 810 3741 in
843 3689 913 3743 lrunc

112 3785 224 3840 modum
238 3791 445 3854 conqueruntur.
476 3783 583 3838 Pondus
609 3782 744 3855 significat
771 3799 839 3854 opus
862 3784 912 3855 ju-

112 3873 202 3942 stitiae,
217 3880 298 3929 aestus
311 3871 557 3943 concupiscentiam
572 3873 675 3928 saeculi.
692 3873 748 3929 lloc
763 3872 825 3929 ideo
845 3875 913 3930 dici·

113 3970 165 4031 tur,
181 3959 668 4033 quiaolimomnibusbonismundus
686 3963 907 4035 prospembatur.

113 4061 147 4116 Et
160 4060 222 4116 ideo
237 4059 282 4129 qui
298 4068 360 4115 tunc
375 4059 481 4114 fuerunt
494 4075 555 4113 cum
571 4058 669 4128 maj0ri
684 4059 841 4116 difficultate
862 4062 911 4133 ju-

111 4150 212 4205 stitiam
227 4156 409 4211 servaverunt,
423 4148 484 4217 quia
498 4147 611 4202 felicitas
621 4147 713 4203 mundi
729 4148 912 4220 impedimen-

112 4247 168 4295 tum
183 4246 224 4293 est
239 4238 351 4294 animm.
374 4237 486 4291 blultum
506 4251 573 4306 ergo
588 4243 650 4291 tunc
674 4244 731 4292 erat
753 4236 841 4293 bonus
866 4234 911 4308 qui

108 4336 197 4409 justus
216 4343 320 4407 poterat
338 4352 397 4391 esse
413 4349 420 4404 ;
436 4335 550 4389 multum
576 4349 640 4389 vero
667 4335 756 4390 malus
784 4336 828 4405 qui
857 4353 912 4393 non

111 4426 183 4499 fugit
196 4425 231 4481 ad
246 4426 343 4491 Deum,
359 4441 420 4480 cum
445 4423 567 4495 pluribus
593 4422 800 4480 adversitatibus
826 4426 907 4497 primi
922 4414 948 4475 D

109 4515 203 4570 videat
230 4514 371 4569 mundum.
404 4511 512 4566 Pondus
544 4511 624 4566 etiam
655 4521 770 4583 possunt
795 4513 909 4588 intelligi

110 4627 227 4669 onerosa
240 4610 369 4665 mandata
383 4609 462 4680 legis,
478 4615 558 4663 aestus
571 4625 636 4665 vero
651 4627 731 4666 urens
750 4628 824 4668 00000
847 4621 908 4668 ten-

110 4703 240 4758 tationem
260 4715 313 4771 quo
338 4698 492 4754 conflabant
524 4698 636 4770 maligni
669 4700 778 4771 spiritus
804 4702 832 4757 in
860 4720 909 4758 on-

109 4791 198 4861 tiquos
212 4788 247 4846 ad
261 4787 462 4844 aemulationem
476 4786 597 4859 gentiunt
613 4803 659 4842 eos
674 4789 816 4847 irritantes.

149 4949 159 4973 ιι
182 4927 215 4980 nt
234 4924 279 4980 ille
294 4921 468 4994 respondens,
490 4921 535 4975 uni
562 4937 655 4977 eorum
684 4922 772 4980 dixit:
802 4927 905 4997 limiae,

109 5030 164 5071 non
179 5013 249 5070 facio
265 5012 313 5068 tibi
328 5011 465 5082 injuriam.
479 5010 575 5065 Nonne
591 5028 626 5065 ex
640 5010 750 5068 denario
774 5019 906 5073 conveni-

107 5103 140 5158 sti
155 5119 262 5158 mecum
272 5103 286 5155 1
296 5101 371 5156 Tolle
385 5099 458 5170 quod
473 5107 547 5153 tuum
562 5106 610 5166 est,
627 5108 653 5154 et
668 5100 746 5157 vade
765 5124 776 5151 a

142 5234 196 5293 Uni
211 5233 308 5289 dicitur
323 5231 501 5305 respondisse,
514 5231 577 5301 quia
586 5248 636 5303 par
654 5241 711 5288 erat
733 5234 761 5288 in
780 5237 906 5295 omnibus

105 5321 293 5381 murmurandi
308 5322 424 5377 occasio.
441 5321 550 5375 Amicus
578 5321 627 5376 iste
654 5324 835 5394 protoplastus
860 5327 905 5383 in-

105 5412 247 5486 telligitur,
259 5418 286 5467 et
296 5410 341 5467 illo
354 5417 476 5482 tempore
485 5409 633 5465 credentes.
647 5412 714 5467 Cum
725 5413 790 5469 dicit
807 5432 840 5471 ex
859 5416 905 5473 (10-

104 5510 201 5580 nario;
217 5508 271 5565 1010
285 5515 325 5564 001
339 5507 414 5578 qnasi
440 5507 529 5563 dicat:
563 5508 716 5565 llcmedem
742 5513 905 5583 pmmissam

104 5598 242 5674 recepisti,
258 5599 311 5655 boc
325 5605 366 5653 est
379 5596 528 5669 imaginem
542 5604 570 5651 et
585 5596 788 5657 similitudinem
802 5618 904 5675 meam,

104 5716 161 5759 non
175 5695 285 5756 alterius
298 5694 432 5754 consortio
446 5694 576 5751 minuitur
587 5694 636 5753 tibi
648 5698 900 5771 premiummariti.

970 2924 1119 2979 Etdeinde:
1135 2948 1146 2975 ιι
1157 2927 1484 2998 Anoeulustuusnequam
1491 2937 1539 2996 est,
1548 2929 1610 2999 quia
1620 2944 1673 3001 ego
1683 2929 1772 2984 bonus

970 3015 1295 3086 00001-110001100011,
1306 3016 1447 3072 novissimi
1458 3017 1548 3088 primi,
1557 3024 1582 3072 et
1592 3018 1673 3088 primi
1684 3018 1773 3075 novis·

984 3103 989 3113 a

969 3103 1048 3157 srmi:
1063 3125 1073 3153 a
1089 3103 1585 3175 (0001100001(1000011000010010010
1602 3106 1727 3176 caudam,
1742 3114 1770 3163 01

968 3217 1018 3255 000
1032 3201 1065 3256 (10
1080 3202 1166 3257 cauda
1176 3211 1311 3257 mutemur
1321 3203 1348 3257 in
1359 3211 1449 3275 caput.
1459 3203 1536 3261 Unde
1546 3206 1651 3276 1100000
1661 3204 1688 3259 10
1699 3205 1770 3260 Deu-

968 3291 1132 3346 teronomio:
1149 3313 1159 3339 ιι
1172 3292 1283 3346 Advena
1294 3292 1339 3362 qui
1350 3301 1439 3349 tecum
1450 3301 1569 3348 momtur
1578 3294 1705 3349 ascendet
1719 3311 1774 3349 su·-

967 3394 1016 3449 pcr
1027 3386 1070 3448 te;
1087 3379 1132 3434 ille
1148 3380 1198 3435 0011
1213 3381 1241 3435 10
1256 3390 1347 3452 caput,
1363 3388 1389 3437 et
1404 3390 1431 3437 tu
1446 3382 1498 3436 eris
1512 3381 1661 3438 incandam
1671 3383 1768 3451 (Dent.

968 3468 1075 3538 xxvun).
1090 3491 1101 3517 0
1115 3467 1194 3538 Quod
1203 3476 1293 3524 tamen
1303 3470 1379 3525 multi
1391 3478 1445 3526 tam
1454 3470 1593 3526 novissimi
1601 3488 1682 3542 quam
1688 3471 1775 3544 primi.

966 3557 1146 3628 reprobentur
1160 3557 1271 3612 terribili
1285 3559 1418 3615 sententia
1429 3558 1569 3615 subditur:
1587 3583 1598 3609 (ι
1610 3561 1684 3617 110111
1694 3561 1768 3617 enim

966 3655 1028 3702 0001
1041 3647 1149 3703 vocatia
1161 3646 1314 3716 0011101000οι
1325 3648 1403 3720 00001
1409 3664 1474 3705 vcro
1482 3649 1560 3705 electi
1571 3673 1582 3699 .‚
1596 3650 1630 3706 ad
1640 3666 1772 3723 regnum..

1125 3824 1243 3883 sabato
1263 3826 1300 3883 lN
1319 3826 1601 3886 SEPTUAGESlbld.

1004 4025 1015 4051 ιι
1032 4002 1162 4075 Lapidem
1186 4004 1310 4077 caliginis
1336 4012 1363 4059 et
1390 4005 1514 4060 umbram
1542 4005 1636 4060 mortis
1663 4004 1765 4065 dividet

965 4099 1069 4147 torrens
1083 4109 1100 4148 a
1114 4093 1215 4164 populo
1230 4093 1419 4165 peregrinante
1432 4094 1500 4163 (lob.
1518 4095 1626 4163 00000).
1645 4115 1656 4142 ιι
1681 4094 1764 4166 Lapis

966 4190 1006 4235 est
1020 4180 1118 4235 (1001110
1130 4180 1144 4233 J
1148 4179 1296 4250 udaeorum,
1311 4182 1401 4252 caligo
1415 4178 1559 4236 infidelitas
1573 4197 1675 4237 eorum.
1692 4183 1764 4239 blors

966 4277 1007 4324 est
1020 4268 1154 4335 diabolus,
1163 4269 1259 4324 umbra
1270 4268 1446 4341 ejusgentilis
1456 4271 1580 4342 populus.
1593 4271 1667 4327 Sicut
1689 4273 1763 4329 enim

966 4357 1063 4413 umbra
1075 4358 1182 4429 corpori
1196 4357 1388 4425 conformatur,
1405 4358 1513 4430 1101000
1542 4359 1680 4416 diabolum
1701 4362 1762 4418 imi·

964 4446 1046 4502 tando
1061 4446 1086 4500 ei
1100 4445 1297 4501 consimilatur.
1317 4446 1435 4518 l'opulus
1457 4449 1633 4521 peregrinans
1660 4459 1700 4506 est
1726 4450 1761 4507 fi-

962 4535 1031 4591 delis
1045 4536 1161 4608 populus
1175 4534 1296 4605 inhujus
1309 4536 1371 4593 vitae
1395 4537 1490 4593 exsilio
1513 4539 1660 4609 suspirans.
1689 4541 1759 4596 Tor·

961 4653 1024 4691 rens
1036 4644 1075 4690 est
1089 4635 1184 4708 igneus
1197 4634 1294 4692 fluvius
1308 4635 1353 4706 qui
1367 4652 1383 4691 a
1398 4635 1467 4692 facie
1482 4635 1591 4693 Domini
1610 4639 1756 4711 egreditur,

961 4742 1011 4796 000
1024 4741 1104 4794 quem
1120 4723 1206 4780 fidelis
1220 4725 1336 4796 populus
1349 4724 1383 4779 ab
1408 4723 1509 4782 infideli
1534 4726 1561 4780 in
1589 4727 1689 4782 ultimis
1716 4744 1758 4785 se·

961 4814 1087 4869 cernitur.
1103 4811 1232 4883 Lapidem
1246 4828 1311 4885 ergo
1325 4812 1458 4884 caliginis,
1475 4821 1503 4868 01
1517 4814 1640 4870 umbram
1664 4816 1758 4872 mortis

962 4912 1094 4959 torrensa
1112 4901 1213 4971 populo
1239 4901 1427 4974 peregrinante
1456 4901 1567 4971 dividet,
1596 4919 1657 4957 eum
1685 4903 1757 4977 ignis

961 4992 1072 5047 extremi
1084 4990 1179 5061 judicii
1193 4989 1301 5046 Judaeos
1315 4990 1341 5043 in
1356 4989 1469 5061 pertidia
1483 4990 1573 5059 (10000,
1594 5000 1619 5046 01
1641 4995 1757 5066 gentiles

960 5083 987 5136 in
1002 5082 1104 5137 mulitia
1117 5078 1226 5134 diabolo
1241 5078 1403 5146 conformes,
1436 5096 1452 5134 a
1474 5078 1624 5135 Christiano
1653 5084 1754 5152 populo

959 5179 989 5226 ut
1001 5169 1103 5226 zizania
1117 5186 1133 5225 a
1148 5169 1234 5224 tritico
1249 5167 1377 5234 secludet,
1393 5168 1540 5224 stramine
1564 5168 1690 5226 infamali
1715 5173 1756 5228 in-

958 5261 1080 5327 volvens,
1096 5258 1153 5331 igni
1168 5255 1381 5331 inexstinguibili
1405 5264 1507 5325 exuret,
1537 5264 1564 5313 et
1591 5259 1678 5330 patria
1704 5278 1757 5334 pa-

958 5346 1040 5402 radisi
1055 5345 1185 5419 populum
1198 5361 1254 5401 non
1268 5344 1389 5402 exsulem
1411 5347 1440 5401 in
1462 5351 1563 5402 aetema
1584 5346 1758 5408 tabernacula

958 5435 1078 5506 recipiet.
1095 5434 1284 5507 Peregrinator
1297 5442 1387 5491 autem
1402 5434 1488 5507 hujus
1510 5434 1573 5491 vitae
1593 5433 1681 5493 fidelis
1703 5454 1756 5510 po·

958 5525 1014 5596 puli
1028 5523 1244 5597 praesignabatur
1257 5524 1285 5579 in
1311 5522 1419 5595 populo
1447 5522 1568 5591 ludaico,
1597 5540 1665 5595 quos
1690 5525 1757 5583 duro

957 5612 1067 5671 servitio
1081 5613 1164 5687 longo
1189 5619 1312 5686 tempore
1340 5619 1518 5685 oppresserat
1541 5612 1656 5669 Pharao.
1685 5612 1758 5669 Olim

957 5702 1217 5775 namqueliebraeus
1232 5701 1352 5779 populus
1377 5700 1527 5764 deseendit
1552 5700 1580 5756 in
1606 5700 1759 5775 egyptum,
