3780 6038
114 188 184 245 ΗΠ
685 188 851 245 wautttettt
870 187 1013 244 annuns
1033 187 1061 243 S.
1077 186 1186 243 lldell
1723 182 1782 234 tttt

114 311 142 369 in
157 322 264 385 quaest
280 317 409 387 praeclara
424 333 487 374 cura
504 317 610 389 pictatis
625 323 651 370 et
670 314 808 386 pmtlentis
831 314 912 370 intel·
927 311 955 375 Α
969 313 1089 385 degener
1098 319 1123 367 et
1136 319 1208 368 tanto
1220 310 1345 385 indignus
1354 317 1469 382 parente
1480 307 1625 379 rejicitur,
1643 322 1697 362 nec
1716 307 1780 361 aesti-

113 401 209 472 lectus,
222 406 419 478 etcognitionis
429 407 545 480 insigne,
558 414 613 461 turn
629 405 752 476 quendum
773 404 915 459 medicinae
968 409 1058 457 matur
1075 400 1234 457 educatione
1252 401 1350 474 dignus
1369 400 1414 471 qui
1442 398 1497 454 fuit
1526 397 1669 469 indignus
1696 412 1780 451 susce·

111 492 175 546 artis
190 493 295 562 peritia,
314 494 423 564 quodsi
438 496 570 566 quapulli
595 495 653 564 ejus
677 493 774 548 suerint
796 493 915 548 caecitate
970 491 1074 563 ptione.
1093 489 1155 545 Non
1170 506 1235 563 ergo
1251 506 1312 544 eum
1327 489 1475 546 acerbitate
1492 494 1616 553 naturae,
1642 485 1693 541 sed
1716 486 1779 540 indi·

114 578 206 634 suffusi
221 581 247 636 in
275 583 367 638 oculos
394 584 450 639 sire
477 583 642 654 compuncti,
673 582 752 636 harbel
780 580 915 652 quoddam

114 668 240 724 medendi
256 687 342 743 genus
357 688 410 742 quo
424 673 507 742 possit
523 688 616 729 eonrm
642 671 745 725 lumina
769 671 916 741 intercepto

113 766 182 822 uisui
202 769 362 825 reformare.
386 771 473 826 Nemo
493 770 574 843 igitur
592 770 625 824 de
652 769 743 841 inopia
771 776 915 838 quaeratur,

55 912 60 921 ,
115 857 188 926 quod
199 873 297 913 vacuas
308 860 429 930 pecuniae
439 860 561 931 proprias
582 858 655 913 miles
676 857 823 927 reliquerit,
848 873 918 927 pau-

116 945 209 1015 perior
223 954 263 1002 est
276 949 402 1017 hirundo,
419 965 479 1018 quae
501 964 587 1002 vacua
610 947 671 1002 reris
693 946 814 1001 abundat
836 945 919 999 indu-

115 1033 196 1090 atria.
217 1035 338 1092 AEdilieat
353 1053 403 1093 nec
418 1037 559 1107 impendit,
584 1044 651 1091 tecta
672 1035 776 1103 attollit,
799 1042 826 1088 et
854 1033 919 1088 nihil

121 1124 210 1180 artfert
223 1125 257 1180 de
273 1126 390 1197 proximi
405 1125 563 1197 indigentia,
581 1140 629 1179 nce
644 1130 801 1195 paupertate
815 1122 849 1177 ad
873 1138 921 1177 no-

122 1221 238 1276 cendum
254 1221 298 1276 alii
312 1222 493 1293 compellitur,
509 1237 559 1277 nee
578 1221 605 1275 in
628 1220 704 1293 gravi
727 1218 842 1274 filiomm
866 1220 921 1273 im-

121 1308 268 1365 becillitate
283 1309 415 1379 despemt.
431 1310 488 1365 Nos
504 1324 568 1364 rero
584 1318 610 1364 et
624 1316 767 1381 paupertas
782 1307 871 1371 afficit,
895 1313 922 1360 et

122 1398 265 1470 plerosque
280 1398 429 1469 indigentia
438 1398 512 1469 cogit
524 1399 551 1451 in
566 1398 708 1469 flagitium,
725 1397 790 1452 lucri
816 1410 922 1467 quoque

123 1486 211 1544 studio
227 1488 252 1540 in
268 1486 376 1542 fraudes
390 1503 529 1543 versamus
543 1487 693 1559 ingenium,
710 1493 789 1558 atque
805 1486 831 1539 in
855 1500 922 1557 gra-

123 1575 240 1632 vissimis
254 1576 422 1648 passionibus
436 1592 513 1646 spem
532 1576 700 1647 deponimus,
725 1574 871 1647 improvidi
897 1578 924 1628 et

123 1664 222 1720 inertes
237 1663 371 1734 jacemus,
392 1681 453 1720 cunr
473 1664 506 1720 de
532 1665 625 1719 divina
656 1663 826 1719 misemtione
860 1670 962 1733 tuncB

123 1753 286 1823 sperandum
306 1755 423 1826 amplius
437 1755 481 1823 sit,
497 1770 558 1809 oum
573 1754 699 1827 praesidia
713 1754 831 1808 bumana
849 1751 924 1807 defe-

123 1842 221 1899 aerim.

436 1962 474 2016 lle
490 1960 613 2016 comice.

162 2073 516 2131 Discenthominesamare
535 2073 605 2130 lilios
633 2090 666 2128 ex
694 2090 744 2129 usu
773 2080 798 2127 et
826 2071 925 2144 pietate

128 2163 277 2231 comicum,
294 2181 354 2235 quae
372 2164 454 2218 etiam
481 2164 602 2218 volantes
630 2161 699 2217 lilios
723 2161 850 2216 comitutu
878 2176 924 2215 sc·

127 2249 191 2306 dulo
207 2260 406 2324 prosequuntur
420 2262 446 2308 et
460 2252 582 2317 sollicite,
604 2268 638 2306 ne
662 2250 745 2305 teneri
768 2249 835 2305 forte
858 2248 925 2304 deli·

126 2339 208 2404 ciant,
225 2340 314 2395 cibum
337 2348 496 2414 suggerunt,
525 2356 557 2395 ae
582 2339 698 2411 plurimo
726 2347 844 2411 tempore
872 2354 924 2392 nu-

127 2427 224 2483 triendi
238 2427 326 2486 odicia
342 2445 395 2484 nou
409 2429 572 2499 relinquunt.

406 2553 441 2609 ue
455 2553 649 2624 accipitribus.

164 2660 315 2734 Accipitrcs
329 2662 450 2718 feruntur
463 2663 560 2718 duram
576 2661 775 2717 inclementiam
791 2661 818 2715 in
833 2677 865 2717 co
881 2660 928 2716 ad-

130 2766 235 2807 versum
250 2752 376 2823 proprios
389 2752 459 2807 fetus
474 2750 583 2820 babere,
602 2751 674 2822 quod
689 2751 734 2806 ubi
758 2766 805 2807 eos
827 2750 926 2806 adrer-

129 2840 210 2896 terint
225 2849 325 2897 tentare
339 2842 445 2899 volatus
457 2841 615 2911 primordia,
637 2840 707 2895 nidis
729 2839 840 2909 ejiciunt
861 2841 925 2908 suis,

129 2929 311 3001 continuoque
325 2930 475 2998 eliminant,
489 2946 521 2985 ac
540 2929 562 2984 si
585 2936 732 2998 morentur,
760 2929 925 3000 propulsant,

970 580 1004 635 cii
1019 579 1174 651 integritate
1185 580 1357 647 condemnat,
1373 595 1424 635 nec
1443 577 1524 649 quasi
1552 591 1639 631 suum
1669 575 1776 645 abdicat,

970 669 1017 724 scd
1032 669 1107 739 quasi
1117 668 1235 723 alienum
1249 676 1361 724 recusat.

1219 782 1257 838 De
1271 785 1336 851 sene
1353 782 1396 838 uel
1409 781 1513 852 [ulica.

1010 897 1075 952 Avis
1089 913 1148 968 quie
1176 897 1271 954 Graeoe
1299 898 1395 953 dicitur
1423 897 1487 952 fene
1515 902 1685 967 susceptum
1713 894 1778 949 illum

974 987 1032 1043 siue
1051 987 1204 1042 abdicatum
1223 986 1320 1057 aquilae
1339 987 1442 1058 pullum
1463 1002 1528 1040 eum
1549 1000 1602 1039 sua
1621 983 1702 1056 prole
1719 999 1777 1039 con-

974 1076 1066 1141 nectit,
1082 1083 1162 1145 atque
1176 1074 1360 1130 intermiscens
1373 1074 1438 1141 suis,
1455 1073 1558 1131 eodem
1581 1088 1640 1143 quo
1665 1072 1778 1144 proprios

976 1165 1046 1220 fetus
1064 1172 1192 1220 maternae
1211 1163 1359 1219 sedulitatis
1376 1162 1468 1219 efficio
1487 1171 1515 1218 ct
1540 1163 1605 1235 pari
1634 1162 1779 1216 nutrimen-

976 1271 1063 1320 torum
1080 1261 1326 1317 subministratione
1341 1262 1425 1333 pascit
1438 1268 1466 1316 et
1487 1260 1591 1315 nutrit.
1620 1261 1699 1332 Ergo
1727 1259 1779 1314 leae

976 1350 1080 1406 alienos
1094 1350 1176 1405 nutrit
1190 1365 1197 1420 ;
1214 1366 1264 1405 nus
1277 1366 1341 1406 vero
1366 1357 1474 1406 nostros
1497 1349 1603 1404 immiti
1629 1347 1780 1404 cmdelitate

977 1438 1145 1511 pmjicimus.
1162 1439 1258 1510 Aquila
1272 1455 1336 1495 rero
1350 1439 1373 1493 si
1386 1438 1505 1511 projicit,
1521 1453 1582 1493 non
1611 1438 1694 1508 quasi
1712 1453 1781 1491 suum

978 1528 1105 1601 projicit,
1125 1528 1172 1583 sed
1191 1528 1267 1598 quasi
1294 1527 1457 1601 degenerem
1492 1542 1552 1582 non
1587 1526 1780 1599 recognoscit:

978 1632 1035 1682 nos,
1052 1616 1124 1688 quod
1144 1617 1220 1689 pejus
1247 1625 1296 1687 est,
1326 1631 1393 1686 quos
1424 1623 1534 1672 nostem
1563 1614 1784 1688 recognoscimus

977 1705 1143 1763 abdicamus.

1257 1823 1295 1878 tte
1310 1820 1485 1877 turturibus.

1013 1918 1173 1975 Turturibus
1187 1920 1260 1975 Deus
1273 1918 1372 1975 infudit
1386 1920 1457 1974 bunc.
1468 1917 1614 1986 affectum,
1642 1920 1718 1973 banc
1739 1917 1786 1972 rir-

979 2016 1062 2063 tntem
1081 2009 1254 2064 continentiae
1268 2007 1342 2063 dedit
1357 2027 1363 2064 :
1379 2008 1425 2079 qui
1445 2007 1520 2063 solus
1544 2015 1641 2077 potest
1665 2007 1786 2079 praescri-

978 2096 1042 2153 bere
1062 2097 1134 2167 quod
1164 2113 1260 2152 omncs
1290 2104 1445 2167 sequantur.
1480 2096 1585 2151 Turttrr
1619 2112 1680 2152 non
1712 2096 1789 2150 un'ttu

978 2194 1045 2251 flore
1057 2194 1213 2264 juventutis,
1229 2210 1284 2249 non
1309 2201 1423 2248 tentatur
1445 2193 1624 2249 occasionnis
1653 2192 1785 2248 illecebra.

980 2284 1076 2338 Turtur
1094 2282 1178 2338 nescit
1196 2283 1312 2355 primam
1339 2282 1443 2337 irritam
1477 2281 1585 2348 facere,
1620 2281 1690 2352 quia
1720 2281 1788 2336 uerit

978 2371 1164 2428 castimoniam
1184 2387 1315 2440 serrare,
1336 2371 1423 2443 prima
1449 2370 1586 2427 connubii
1616 2379 1695 2426 sorte
1721 2384 1787 2441 prt-

979 2461 1070 2516 missa.
1091 2462 1193 2516 Caetera
1212 2460 1245 2515 de
1266 2468 1365 2515 turture
1382 2475 1442 2531 quae
1463 2460 1492 2514 in
1509 2459 1688 2533 Evangelio,
1711 2483 1722 2507 ι
1744 2459 1787 2512 li-

980 2549 1046 2605 dens
1065 2550 1198 2605 Dominus
1216 2549 1352 2605 ciuitatem
1371 2547 1446 2605 derit
1474 2564 1560 2620 super
1595 2548 1677 2605 illam
1708 2547 1784 2619 (fec.

980 2642 1050 2709 111).
1069 2661 1080 2687 s

1281 2748 1320 2803 lie
1335 2747 1460 2803 vulture.

1016 2846 1157 2917 Negantur
1170 2844 1288 2900 vultures
1302 2844 1442 2916 indulgere
1456 2843 1622 2899 concubitui
1641 2851 1672 2900 et
1694 2846 1788 2917 couju-

982 2934 1037 3007 gali
1052 2934 1169 3004 quodam
1185 2949 1233 2988 usu
1248 2933 1426 3003 nuptialisque
1440 2933 1549 3004 copulae
1574 2941 1651 2990 sorte
1675 2935 1787 3001 misceri,

131 3019 274 3075 verberant
293 3020 352 3088 alis,
372 3028 527 3091 coguntque
554 3018 652 3074 audere
682 3017 753 3088 quod
782 3018 927 3087 trepidant,
942 3026 967 3091 c
982 3030 1061 3093 atque
1076 3022 1113 3078 ita
1127 3022 1253 3078 sineullo
1282 3021 1461 3077 ntasculomm
1491 3022 1605 3093 concipi
1633 3023 1741 3080 semine
1765 3030 1788 3079 et

128 3122 178 3163 nec
192 3108 275 3163 ullum
291 3118 385 3180 postea
399 3108 523 3163 delemnt
537 3107 578 3161 his
592 3124 689 3161 munus
703 3106 849 3162 alimoniae.
871 3106 926 3161 Ca—

128 3204 192 3252 rent
210 3199 298 3267 itaque
315 3213 349 3252 ne
363 3198 391 3251 in
406 3204 498 3252 tenera
517 3203 596 3251 aetate
620 3196 782 3268 pigrescant,
807 3211 841 3250 ue
868 3195 926 3250 sel-

128 3303 225 3352 rantur
239 3296 353 3364 deliciis,
371 3312 405 3351 ne
420 3303 589 3351 marcescant
610 3294 675 3361 otio,
703 3310 736 3348 ne
759 3293 862 3349 discant
885 3293 926 3348 ci-

129 3383 195 3438 bum
210 3386 299 3457 magis
318 3393 475 3456 exspectare
498 3401 578 3455 quam
607 3399 737 3453 quaerere,
767 3399 800 3437 ue
826 3389 926 3438 naturae

130 3487 185 3526 suae
209 3473 346 3544 deponant
376 3474 510 3546 rigorem.
546 3472 727 3527 lntermittunt
755 3472 842 3526 studia
874 3488 926 3525 nu-

130 3560 237 3626 triendi,
254 3570 282 3616 ut
296 3562 324 3616 in
338 3579 401 3616 usus
415 3561 539 3633 rapiendi
553 3561 651 3616 audere
665 3560 841 3631 compellant.

445 3686 482 3740 fle
496 3685 604 3756 aquila.

163 3799 260 3870 dquila
278 3799 393 3871 plurimo
428 3815 554 3855 sermone
579 3807 729 3870 usurpatur,
764 3800 835 3872 quod
866 3816 928 3855 suos

129 3888 236 3945 ebdicel
252 3887 321 3943 fetus
336 3906 344 3955 ;
360 3889 408 3944 sed
423 3904 475 3943 non
491 3896 633 3958 utrumque
648 3904 742 3944 verum
760 3908 766 3944 :
787 3905 869 3943 unum
893 3906 927 3943 ex

129 3979 209 4049 pullis
225 3977 342 4046 duobus,
358 3978 429 4048 quod
444 3977 526 4048 aliqui
550 3986 721 4047 putaverunt,
745 3977 927 4050 geminando-

128 4065 506 4124 rumalimentommfastidio
520 4066 653 4122 occidere.
679 4067 732 4123 Sed
755 4066 782 4121 id
807 4082 860 4121 non
883 4065 927 4121 fa-

129 4164 180 4221 cile
194 4164 320 4232 creditur,
336 4164 484 4236 praesertim
500 4180 561 4219 cum
589 4166 693 4236 Mogses
721 4171 823 4219 tantum
852 4163 927 4218 testi-

129 4255 252 4309 monium
267 4254 416 4325 pietalisin
438 4254 525 4326 pullos
553 4271 615 4310 suos
643 4255 704 4310 huic
731 4253 804 4308 dedit
832 4253 875 4308 avi
900 4260 929 4306 ut

132 4342 233 4398 diceret
248 4362 253 4397 :
271 4343 346 4398 Sicut
361 4344 452 4412 aquila
466 4345 583 4415 protegit
596 4342 689 4397 nidum
704 4359 791 4408 suum,
808 4351 833 4399 et
849 4357 931 4413 super

131 4432 221 4500 pullos
235 4446 298 4486 suos
311 4431 435 4500 considit,
451 4432 580 4504 expandit
602 4432 658 4487 alas
686 4448 748 4487 suas
772 4440 798 4486 et
825 4447 926 4485 assum-

130 4520 184 4590 psit
198 4534 257 4586 eos,
272 4526 299 4574 et
312 4521 429 4591 suscepit
452 4537 535 4591 super
554 4521 677 4592 scapulas
702 4536 773 4588 suas,
799 4520 930 4574 Dominus

130 4617 204 4672 solus
220 4615 334 4671 ducebat
347 4631 394 4671 eos
408 4618 503 4683 (deut.
518 4620 616 4687 xxxrt).
632 4615 775 4685 Quomodo
790 4631 855 4688 ergo
881 4632 929 4670 er·

132 4705 228 4775 pandit
241 4705 298 4761 alas
312 4721 384 4771 suns,
400 4705 421 4758 si
445 4704 573 4760 occiderit
600 4705 742 4760 alterum‘l
771 4704 848 4760 Unde
875 4719 929 4758 non

132 4803 196 4867 puto
211 4795 323 4850 avaritia
338 4793 470 4849 nutriendi
485 4810 546 4849 cum
569 4795 757 4850 inclementem
786 4791 853 4858 lieri,
882 4791 930 4847 sed

132 4884 257 4939 examine
274 4882 422 4954 judicandi.
451 4882 565 4953 Semper
596 4883 668 4937 enim
702 4881 785 4938 fertur
815 4881 931 4952 probare

134 4989 201 5042 quos
215 4973 317 5045 genuit,
333 4989 367 5027 ne
382 4972 489 5044 generis
502 4972 543 5026 sui
558 4971 627 5026 inter
639 4986 734 5026 omnes
753 4986 817 5026 aves
840 4970 930 5040 quod-

134 5061 196 5116 dam
210 5061 303 5132 regale
324 5060 460 5131 fastigium
489 5059 631 5131 degeneris
658 5067 748 5131 partus
774 5058 932 5114 deformitas

134 5147 279 5204 decoloret.
297 5151 390 5218 ltaque
404 5147 530 5202 asseritur
545 5147 617 5217 quod
641 5146 730 5216 pullos
757 5162 820 5202 suos
850 5147 933 5202 radiis

134 5235 199 5290 solis
212 5234 333 5304 objiciat,
349 5244 429 5305 atque
442 5236 470 5290 in
484 5236 554 5290 aeris
568 5235 658 5291 medio
673 5237 718 5306 pio
733 5235 859 5307 parrulos
878 5251 931 5289 un-

134 5338 189 5395 gue
203 5322 349 5394 suspendat
365 5342 372 5390 ;
388 5340 419 5378 ac
432 5324 455 5379 si
466 5323 526 5395 quis
549 5339 720 5395 repercussus
741 5324 806 5379 solis
831 5323 933 5379 lumine

136 5410 297 5482 intrepidam
311 5411 451 5467 oculorum
467 5413 553 5469 aciem
581 5411 712 5468 inoffenso
740 5412 860 5467 intuendi
888 5412 932 5468 ri·

135 5516 202 5576 gore
217 5498 386 5565 servarerit;
404 5498 426 5552 is
441 5501 569 5570 probatur
582 5501 654 5571 quod
668 5500 806 5556 venatum
832 5508 933 5556 naturae

137 5587 235 5646 sinceri
255 5587 363 5642 obtutus
386 5589 534 5643 constantia
555 5588 799 5659 demonstraverit;
824 5589 845 5642 si
870 5603 933 5645 vero

137 5679 241 5738 lumina
256 5693 304 5734 sua
318 5673 480 5751 praestrictus
502 5676 566 5733 solis
585 5675 662 5732 radio
685 5675 828 5745 inflexerit,
857 5677 932 5749 quasi

980 3120 1038 3175 sine
1054 3119 1243 3190 conjunetione
1258 3135 1397 3192 generare,
1413 3127 1546 3189 natosque
1562 3135 1599 3176 ex
1614 3120 1701 3175 bisin
1720 3120 1788 3175 rnul-

981 3218 1035 3264 tam
1050 3216 1158 3265 aetatem
1173 3209 1262 3281 lougee
1277 3209 1338 3264 vitae
1352 3207 1509 3280 procedere,
1524 3214 1556 3263 ut
1571 3225 1661 3279 usque
1676 3210 1712 3265 ad
1722 3227 1784 3265 cen-

982 3306 1036 3353 tum
1053 3314 1137 3353 annos
1152 3298 1214 3353 ritm
1229 3313 1321 3352 eorum
1335 3297 1418 3352 series
1433 3296 1612 3368 producatur,
1631 3315 1685 3355 nec
1709 3299 1783 3354 facile

979 3403 1026 3442 eus
1040 3386 1146 3459 angusti
1162 3387 1213 3442 aeri
1228 3384 1289 3440 linis
1304 3385 1428 3457 excipiat.
1445 3382 1519 3453 Quid
1533 3386 1612 3441 aiunt
1627 3388 1678 3457 qui
1703 3388 1784 3445 solent

980 3483 1071 3531 nostra
1092 3474 1179 3530 ridere
1206 3475 1341 3546 mysteria.
1370 3489 1432 3529 cum
1460 3474 1577 3531 audiunt
1605 3475 1684 3546 quod
1711 3476 1784 3549 virgo

980 3563 1131 3637 generavit,
1146 3571 1173 3618 et
1186 3562 1380 3633 impossibilem
1394 3562 1524 3634 innupta,
1551 3563 1635 3634 cujus
1655 3563 1783 3637 pudorem

981 3652 1054 3708 nulla
1074 3651 1124 3709 riri
1141 3652 1304 3708 consuetudo
1332 3659 1498 3716 temerasset,
1528 3651 1697 3708 existimant
1724 3669 1783 3725 par·

982 3757 1037 3805 tum
1052 3750 1066 3802 ‘l
1080 3747 1250 3822 Impossibile
1261 3754 1369 3817 putatur
1383 3746 1409 3801 in
1424 3746 1474 3802 Dei
1490 3754 1590 3816 matre,
1606 3748 1684 3819 quod
1695 3749 1784 3804 iurul-

983 3838 1084 3893 turibus
1099 3836 1226 3909 possibile
1241 3852 1295 3891 non
1317 3841 1441 3908 negatur.
1473 3835 1550 3890 Alius
1579 3837 1640 3892 sine
1669 3838 1784 3894 masculo

981 3927 1061 3997 parit,
1077 3934 1104 3981 et
1117 3925 1205 3980 nullus
1217 3925 1325 3991 refellit,
1342 3931 1368 3979 et
1382 3923 1444 3993 quia
1458 3922 1626 3996 desponsata
1646 3926 1708 3983 niro
1729 3928 1782 3982 ttr-

982 4015 1022 4070 ria
1036 4013 1151 4086 peperit,
1167 4012 1278 4086 pudoris
1293 4013 1352 4083 ejus
1365 4012 1467 4068 faciunt
1476 4013 1672 4083 quaestionem.
1694 4016 1783 4072 Nonne

983 4111 1147 4168 advertimus
1161 4111 1232 4181 quod
1245 4111 1376 4166 Dominus
1398 4124 1432 4164 ex
1454 4108 1512 4181 ipsa
1542 4117 1644 4166 natura
1673 4113 1782 4184 plurima

983 4201 1108 4272 exempla
1127 4208 1189 4255 ante
1209 4199 1348 4272 praemisit,
1373 4197 1469 4268 quibus
1497 4208 1633 4271 susceptus
1661 4201 1782 4257 incarna-

984 4290 1064 4346 tionis
1077 4289 1205 4344 dccorcm
1220 4288 1356 4358 probaret,
1372 4294 1397 4341 et
1411 4293 1542 4343 astrueret
1557 4289 1705 4345 veritatem
1718 4291 1733 4344 ‘i

1163 4406 1202 4461 De
1216 4405 1325 4478 apibus.
1344 4402 1482 4472 Quantodo
1496 4402 1610 4465 vivant.

1016 4509 1087 4577 dpes
1101 4504 1166 4560 solae
1180 4503 1207 4558 in
1228 4502 1302 4557 omni
1329 4516 1430 4573 genere
1455 4500 1639 4556 animantium
1662 4518 1781 4559 commu-

983 4612 1045 4650 nem
1065 4593 1190 4650 omnibus
1207 4590 1329 4646 sobolem
1348 4588 1457 4658 babent,
1478 4605 1562 4645 unam
1590 4606 1691 4647 omnes
1717 4592 1783 4646 inco·

983 4684 1041 4739 lunt
1056 4683 1233 4749 mansionem,
1249 4679 1328 4735 unius
1354 4677 1448 4750 patriae
1475 4677 1641 4734 clauduntur
1669 4681 1780 4749 limine,

983 4773 1175 4828 incommune
1202 4768 1328 4826 omnibus
1358 4766 1480 4822 laborum
1513 4769 1672 4824 communis
1702 4769 1781 4836 cibus,

984 4860 1135 4917 communis
1156 4858 1286 4930 operatio,
1309 4865 1336 4912 ct
1358 4854 1510 4912 communis
1538 4872 1605 4912 usus
1633 4866 1661 4912 et
1690 4859 1782 4913 fructus

984 4967 1033 5026 est,
1050 4957 1201 5014 eommunis
1215 4955 1333 5012 volatus.
1351 4952 1421 5023 Quid
1436 4952 1714 5024 plura‘?Cammunis
1734 4970 1783 5011 om·

984 5047 1064 5102 nibus
1078 5044 1227 5118 generatio,
1243 5042 1381 5115 integritas
1395 5055 1503 5111 quoque
1519 5042 1643 5113 corporis
1663 5044 1780 5119 uirgine

985 5136 1017 5191 lis
1031 5155 1038 5200 ς
1050 5134 1176 5191 omnibus
1191 5131 1342 5188 communis
1357 5137 1496 5202 otpertus,
1513 5131 1646 5201 quoniam
1661 5133 1719 5190 utta
1737 5149 1783 5188 ne·

985 5241 1037 5297 que
1051 5223 1194 5279 concubitu
1208 5220 1361 5286 miscentur,
1388 5233 1438 5274 uec
1465 5217 1581 5275 libidine
1609 5222 1783 5285 resolvuntur,

986 5330 1035 5370 nec
1050 5320 1141 5385 partus
1155 5309 1309 5381 quatiuntur
1323 5307 1469 5363 doloribus.
1481 5306 1515 5362 Et
1530 5307 1623 5366 subito
1639 5311 1785 5367 maximum

985 5410 1102 5467 filiorum
1118 5424 1232 5464 examen
1247 5407 1382 5472 emittunt,
1397 5421 1412 5460 e
1426 5404 1500 5461 foliis
1513 5412 1541 5462 et
1554 5405 1651 5463 herbis
1673 5424 1722 5465 ore
1742 5421 1786 5464 suo

986 5500 1090 5573 prolem
1109 5498 1243 5571 legentes.
1267 5496 1337 5568 lpsae
1355 5493 1407 5548 sibi
1435 5508 1531 5565 regem
1559 5494 1702 5566 ordinant,
1728 5498 1788 5569 ipoe

986 5589 1037 5644 sibi
1052 5587 1167 5659 populos
1180 5592 1281 5649 creant,
1297 5593 1323 5639 et
1336 5584 1397 5640 licet
1420 5582 1517 5654 positae
1543 5582 1597 5639 sub
1626 5600 1706 5659 rege,
1733 5592 1788 5641 mut

987 5685 1078 5734 tamen
1090 5675 1193 5733 liberae.
1208 5676 1278 5732 Nam
1293 5681 1319 5728 et
1336 5670 1545 5745 prerogativam
1565 5671 1670 5745 judicii
1690 5680 1787 5743 teuent.
