3780 6038
114 186 150 247 35
631 164 796 229 GOFleDl
815 168 959 225 dabatis
978 166 1249 231 vineochtitrtSis
1727 174 1763 234 36

115 312 279 377 maniacum,
294 307 333 363 ita
351 312 377 361 et
391 302 557 372 neophytum
571 313 587 353 a
601 304 694 352 saneta
720 292 845 351 Ecclesia
860 294 907 350 de·
921 307 950 370 A
966 298 1106 372 inopinata
1116 298 1267 356 necessitas
1282 314 1337 355 non
1354 299 1447 369 detuit,
1465 316 1525 374 quae
1540 315 1609 359 mea
1632 301 1763 362 voluntati

117 408 182 460 here
197 396 318 471 separari
341 395 422 450 decet
437 399 463 447 et
482 386 614 461 praecipit.
647 385 816 442 litecautem
842 398 908 439 sen·
963 388 1110 462 penitus3
1128 386 1329 444 obstitit.Sunt
1357 387 1428 445 enim
1458 390 1483 445 in
1510 391 1634 462 partibus
1661 393 1763 449 nostris

116 490 202 550 tantia
231 496 321 543 utrum
343 483 413 537 inter
439 476 582 535 canonicas
597 472 682 544 recipi
707 472 814 542 debeat,
843 472 909 526 satis
965 479 1074 550 (puidam
1090 479 1155 533 suxis
1174 477 1336 547 nobilesqt)
1352 494 1465 552 genere,
1481 481 1656 536 sedmupum
1679 481 1763 553 igno.

18 620 21 625 ·
118 597 172 639 non
190 579 281 634 video.
315 572 369 629 Se'd
384 566 560 642 quodminus
579 562 643 618 inde
657 562 791 632 percipie,
820 569 908 631 peier-
963 568 1033 623 biles
1061 568 1179 634 actione,
1209 566 1273 621 mihi
1300 568 1409 639 quidem
1444 584 1528 624 carne
1550 572 1706 642 propinqui,
1737 581 1764 626 at

117 672 201 728 nitate
215 673 309 722 restra
326 661 458 717 edocente
472 655 542 711 seire
556 651 695 709 desidere.
716 650 808 706 valeat
821 650 909 719 maie·
965 657 1088 713 moribus
1106 665 1131 711 et
1148 656 1202 710 rita
1226 656 1381 728 longinqui.
1401 658 1434 712 lii
1449 659 1574 714 derebus
1588 660 1763 726 monasterii,

118 768 174 817 stas
189 763 291 813 restra.

393 870 562 928 nerstein
585 869 621 922 li.

117 991 306 1050 Dilectissimo
329 984 442 1041 dormitio
456 995 490 1033 ac
505 975 657 1034 uenerabile·
670 989 752 1044 pepe
769 970 910 1037 l’esciieh',

155 1078 293 1151 Getiiidur
300 1091 351 1147 per
362 1069 546 1132 omniorum,
558 1081 623 1120 earu
631 1061 782 1117 dilectione
790 1060 912 1117 debitam

153 1169 330 1225 seruitutem.

154 1256 195 1313 nd
212 1270 260 1310 ros
275 1251 380 1316 venire,
408 1245 511 1317 optime
526 1243 614 1307 Pater,
639 1252 801 1311 paraveram
819 1252 824 1290 :
840 1235 912 1308 qued

123 1351 226 1419 quomo
242 1337 381 1397 desiderio
397 1334 509 1405 explere
522 1329 674 1400 cupiebam.
691 1326 713 1380 si
729 1325 810 1381 etiam
821 1325 913 1395 lingua

119 1449 182 1491 mea
191 1432 294 1496 sileret,
310 1426 388 1483 testis
402 1431 444 1480 est
457 1419 522 1475 inihi
543 1424 653 1488 paratus
668 1416 726 1485 ipse
742 1430 822 1486 quem
838 1412 913 1469 iece-

119 1538 192 1579 ram.
215 1518 269 1576 Sed
291 1516 356 1572 dum
383 1517 505 1585 prompta
533 1505 658 1562 voluntas
677 1501 803 1558 seniendi
818 1500 913 1567 adluit,

120 1655 214 1727 (Edita
227 1648 330 1708 deinde
351 1651 421 1703 torn.
433 1644 458 1698 ll
474 1643 554 1698 Corio.
581 1638 714 1707 dutttep.
735 1635 808 1704 38⁹),
825 1638 913 1690 hure-
931 1667 955 1727 B
970 1664 1035 1719 mini
1047 1663 1100 1717 mei
1115 1662 1188 1733 regis

122 1727 298 1782 tianensemx
313 1719 427 1781 imitata,
452 1712 535 1784 paulo
555 1714 618 1764 ante
643 1706 771 1790 Gregorii
794 1711 912 1769 aetatem,

119 1797 200 1852 unius
228 1792 292 1847 anni
319 1790 438 1861 spatium
461 1780 604 1852 neophytis
631 1780 786 1848 praelixerat
810 1791 870 1831 ean.
887 1780 915 1842 9,

120 1869 163 1923 his
179 1864 278 1919 serbis.
299 1857 441 1920 uincitur
459 1871 497 1909 ea
509 1854 589 1909 iaicis
599 1852 699 1921 absque
713 1851 784 1903 anai
798 1864 916 1904 eonver-

122 1940 238 1995 satione
259 1920 779 2006 prienaeeepiscoparer-diaetaque
790 1923 822 1975 at
838 1921 917 1973 intro

122 2009 192 2065 ιιιιιιι
207 2006 360 2079 spatiumo
376 1999 465 2055 doctis
479 2001 507 2052 ct
515 1994 638 2080 probatis
649 1991 717 2045 uiris
724 1990 794 2044 disci
816 1990 916 2069 liniret

123 2064 779 2152 requiisspiritualibuspieamrhirimannum
815 2075 917 2129 regern

123 2148 286 2206 sententiam
302 2153 328 2198 et
342 2141 425 2196 rerba
435 2146 542 2194 secutus
559 2142 599 2188 est
615 2147 665 2186 sno
680 2145 783 2186 canone
801 2131 918 2184 l‘asclia-

123 2222 170 2276 iis.
192 2218 244 2274 Sed
274 2214 344 2287 qued
361 2212 386 2265 in
402 2208 575 2278 rescriptum
602 2213 643 2258 est
658 2202 810 2282 neophytes
829 2201 917 2281 histos,

123 2293 146 2347 si
161 2287 281 2361 episcopi
297 2284 369 2348 liant,
382 2276 692 2345 haereticesaGregono
702 2272 846 2351 appellari,
856 2287 918 2325 eum

123 2356 371 2434 apudGregorium
395 2365 527 2421 nusquam
556 2343 850 2422 legatur,suiidititium
875 2343 918 2422 ιι-

123 2435 213 2489 detur.
229 2429 295 2498 Qtioe
309 2439 394 2481 causa
411 2423 526 2475 fortusse
537 2434 585 2474 our
600 2415 635 2471 de
649 2429 754 2470 canone
766 2412 812 2468 ille
827 2413 917 2468 ambi-

144 2500 328 2560 atGoii'ridus
355 2493 561 2562 Neophyiorum
581 2495 671 2542 tameo
693 2483 809 2538 liniesin
837 2483 918 2539 etiam

124 2523 511 2639 inenuntupatepistl-lii.
671 2626 697 2637 ..
774 2625 779 2636 ⁹
820 2624 825 2634 .

160 2646 198 2713 tt)
215 2641 333 2711 Qiiidum
345 2637 414 2692 sotir
429 2632 546 2689 arabiles.
559 2631 697 2708 Praepositi
706 2624 842 2706 Oiarsonis
851 2624 919 2679 San-

125 2706 219 2772 tonum
242 2710 337 2767 insulae
371 2707 417 2760 ubi
440 2706 491 2758 has
518 2699 730 2757 eonsuetudines
755 2696 914 2768 exigebant.

125 2788 183 2844 Lib.
196 2802 235 2848 iii,
251 2782 330 2853 epist.
347 2782 390 2842 38,
408 2784 434 2831 et
447 2775 495 2829 lib.
506 2788 534 2839 v,
551 2771 635 2841 epist.
649 2770 704 2849 ιθ..
776 2839 781 2848 ¹
833 2837 839 2849 .

159 2860 198 2929 (ιιι
215 2853 356 2924 Principis
370 2850 548 2919 potestatem.
566 2838 920 2910 Guilielmillquituniaedu·

126 2930 166 2985 cis
180 2927 231 2982 hh.
251 2942 277 2988 r,
294 2922 373 2993 epist.
387 2920 421 2972 ιι
433 2925 457 2971 et
470 2919 519 2971 et.
553 2912 753 2967 vindocinense
763 2910 917 2965 caenobium

967 748 1054 816 cujus,
1072 744 1281 815 licetindiguus,
1293 761 1387 802 euram
1396 747 1607 818 gerercvideer,
1616 765 1765 819 perversas

967 835 1101 908 quasdam
1126 834 1285 890 exactiones
1295 834 1352 890 sire
1365 837 1577 892 consuetudines
1600 845 1765 910 extorquere

965 923 1098 989 laborant,
1111 938 1179 998 quas
1194 923 1414 994 predecessores
1428 940 1522 979 eorum
1537 925 1619 998 lenge
1634 935 1697 982 ante
1712 944 1765 999 per

966 1012 1122 1067 violentiam
1139 1012 1221 1066 rebus
1241 1011 1307 1081 ipsis
1322 1011 1530 1084 impresserant.
1547 1014 1623 1082 Quos
1638 1030 1699 1071 cum
1715 1032 1766 1086 per

967 1100 1178 1157 ecclesiasticum
1203 1115 1348 1155 censuram
1363 1116 1439 1156 esua
1467 1102 1605 1173 impietate
1633 1119 1766 1160 revocare

967 1190 1078 1245 minime
1093 1189 1253 1260 potuissem,
1265 1189 1335 1261 caepi
1350 1189 1484 1256 laborare,
1500 1191 1523 1244 si
1539 1207 1592 1262 que
1603 1192 1766 1247 modellecti

967 1278 1121 1351 potuissent
1133 1293 1184 1348 per
1194 1277 1327 1348 principis
1342 1287 1505 1350 potestatem
1522 1283 1561 1350 ιι)
1574 1299 1580 1334 z
1593 1281 1672 1350 euius
1687 1281 1767 1336 ride-

968 1369 1031 1424 licet
1058 1374 1248 1421 antecessores
1278 1368 1470 1422 monasterium
1514 1369 1707 1435 luadaverunt,
1737 1378 1764 1423 et

969 1458 1049 1513 beate
1069 1456 1148 1510 Petro
1179 1454 1206 1508 in
1231 1454 1421 1525 patrimonium
1447 1465 1473 1511 et
1492 1457 1612 1512 alodium
1629 1460 1666 1529 (o)
1696 1474 1765 1529 pro-

969 1593 1027 1648 sire
1041 1590 1182 1648 exactione
1198 1588 1301 1716 phiatas
1313 1591 1472 1645 auctoritate
1501 1600 1528 1646 ιι
1543 1592 1695 1647 assertione
1711 1590 1765 1645 de-

1222 1676 1367 1716 raucornm
1383 1661 1500 1727 ilenrioi,
1512 1662 1674 1718 Theoderici
1683 1663 1764 1717 etiam

972 1733 1150 1790 carnotensis
1165 1732 1285 1802 episcopi
1310 1732 1434 1791 consilio,
1452 1734 1531 1788 beato
1555 1733 1677 1804 principe
1693 1748 1764 1803 apo-

970 1806 1101 1861 stolorum
1118 1803 1241 1867 Petro,et
1256 1803 1450 1873 liemameejus
1461 1804 1595 1860 Ecclesiae
1605 1805 1632 1858 in
1642 1803 1765 1859 alodium

969 1877 1055 1932 obtuli
1066 1884 1091 1931 et
1106 1874 1310 1945 patrimoniuuit
1320 1874 1497 1929 Selunimode
1513 1875 1564 1930 leci
1574 1875 1763 1930 defensionem

970 1948 1035 2003 mihi
1060 1955 1086 2000 et
1109 1945 1177 2000 meis
1206 1947 1414 2000 successoribus
1438 1945 1648 2018 andegavensis
1670 1945 1765 2015 patriae

971 2017 1142 2089 principibus
1153 2014 1282 2075 retinens,
1308 2015 1342 2069 ad
1358 2016 1604 2085 apostolicaesedis
1633 2017 1764 2071 honorem

971 2090 1085 2151 scilicet,
1101 2097 1126 2142 et
1137 2086 1169 2139 ad
1185 2088 1520 2156 perpetiraiuaiiimaenieae
1536 2098 1558 2142 ι’
1573 2103 1765 2142 suceessorum

973 2175 1095 2215 meorum
1111 2157 1240 2212 sulutem.
1256 2159 1322 2211 Cain
1339 2174 1404 2212 vere
1419 2160 1510 2227 nepoti
1526 2174 1587 2213 meo
1596 2158 1710 2213 Falconi
1720 2160 1768 2213 ho·

971 2246 1065 2285 norein
1096 2228 1334 2289 vindocinensem,
1352 2244 1431 2298 quem
1450 2230 1519 2282 i‘eitri
1532 2230 1590 2298 ejus
1599 2229 1767 2284 Budenicni·

971 2304 1033 2355 darii
1050 2299 1234 2369 Burgundioni
1258 2307 1336 2368 patei·
1363 2300 1535 2355 meusi'uico
1562 2299 1690 2355 cumsilia
1717 2315 1766 2353 sua

971 2388 1065 2427 sorore
1075 2386 1137 2425 mea
1151 2369 1237 2424 liilela
1251 2370 1310 2424 sine
1332 2385 1393 2424 mea
1404 2371 1582 2425 concessione
1611 2380 1636 2425 et
1650 2385 1766 2424 assensu

972 2440 1206 2506 antecentuierut,
1235 2440 1409 2495 donavissem
1441 2442 1579 2497 abbatiam
1594 2456 1656 2496 cum
1674 2442 1767 2496 emni-

973 2514 1024 2569 bus
1038 2528 1097 2584 quie
1113 2522 1175 2566 tunc
1195 2510 1311 2565 habebat
1326 2518 1353 2564 et
1368 2511 1489 2566 habitura
1517 2520 1575 2566 erat
1585 2512 1645 2582 ipso
1665 2520 1767 2583 nepote

972 2600 1034 2640 iiiee
1048 2583 1215 2640 concedente
1244 2582 1352 2645 retinui,
1376 2590 1402 2636 et
1416 2590 1444 2637 ut
1471 2584 1605 2637 abhatiam
1621 2583 1709 2653 ipsam
1740 2590 1767 2636 et

972 2671 1068 2712 omnes
1083 2671 1127 2708 res
1153 2652 1223 2721 ejus,
1235 2668 1283 2722 pro
1300 2652 1347 2706 Dei
1361 2668 1464 2715 amore,
1481 2662 1507 2708 et
1522 2663 1614 2709 nostro
1632 2654 1768 2726 deligeret

973 2735 1000 2782 et
1014 2733 1197 2787 conservaret,
1216 2739 1266 2778 nec
1281 2723 1374 2795 aliquo
1390 2727 1416 2778 in
1446 2733 1569 2795 tempere
1592 2740 1606 2778 a
1633 2733 1766 2794 potestate

973 2798 1184 2865 andegavorum
1200 2795 1328 2849 comitem
1343 2795 1520 2858 subtraheret,
1537 2795 1685 2867 diligenter
1712 2794 1765 2849 ad-

973 2868 1075 2923 monui.
1093 2864 1172 2935 Quod
1200 2865 1373 2920 illennritiim
1404 2866 1559 2935 suppliciter
1582 2867 1712 2936 suscepit,
1742 2873 1770 2920 et

973 2948 1121 3008 spontanea
1137 2936 1276 2990 voluntate
1293 2938 1343 2991 hoc
1358 2954 1387 2990 se
1404 2937 1468 2990 milii
1482 2937 1579 2991 obtulit
1599 2939 1767 3005 juraturum.

126 2999 274 3056 landarum
289 2991 398 3066 ‘ividem
413 2981 701 3043 G⁰ff¹id⁰⁵³¹³r¹e¹¹⁰⁸
714 2996 807 3037 ⁰⁰m⁰⁸
821 2981 955 3077 Ande'c
972 3011 1048 3069 Unde
1063 3008 1157 3063 habito
1171 3023 1232 3063 curn
1250 3007 1395 3062 Beronibus
1410 3008 1478 3062 ineis
1493 3008 1621 3073 consilio,
1644 3022 1688 3061 mc
1704 3023 1768 3061 sus·

125 3068 263 3143 girvensis,
281 3075 308 3120 et
336 3067 357 3118 h
380 3077 428 3115 nes
438 3059 578 3130 ejusuxor
593 3072 600 3108 :
616 3069 712 3108 rerum
728 3056 819 3121 Agnes
834 3057 915 3105 antea

126 3148 256 3212 nupserat
270 3079 416 3191 Guiiteino
445 3128 536 3185 comiti
553 3125 693 3196 Aquilone,
709 3121 848 3177 Guilielmi
859 3122 914 3177 Ca·

125 3206 364 3283 put-stuppaelilie‚
377 3219 409 3257 ex
425 3214 510 3269 eoque
525 3195 652 3268 eonjiigie
660 3201 810 3274 prognatus
825 3191 915 3272 Guide

125 3280 264 3341 Guilielmi
279 3277 392 3345 hujusce
404 3269 535 3341 principis
547 3282 623 3321 arus.
635 3265 700 3345 tipus
710 3274 791 3333 igitur
806 3278 916 3344 proavia

126 3354 316 3419 iueratdgnes
330 3342 475 3399 fundatrix.
502 3339 658 3393 blenasterii
673 3350 755 3415 perro¹
785 3334 915 3389 vindoci-

127 3424 219 3480 nensis
230 3422 390 3474 detensores
405 3418 482 3467 eram
496 3424 589 3466 eomes
604 3406 770 3464 biclarensis
786 3420 839 3458 una
854 3420 916 3459 cum

126 3489 318 3565 hudegarensi
329 3493 356 3541 et
374 3479 576 3539 vindocinensi.
595 3478 720 3533 Urbanus
733 3475 766 3540 ll,
783 3476 810 3529 in
825 3474 917 3545 diplo-

127 3562 272 3623 inateauiii
287 3562 353 3614 teet
367 3574 372 3610 :
385 3549 692 3611 l’rietereasiotaimus
701 3551 734 3602 nt
743 3546 918 3617 indagaveri-

126 3619 918 3705 ais,Pietai=eririr‚aevindocinensis,cemiiesenmitem-

126 3723 193 3782 pere
201 3707 259 3761 aiat
270 3702 429 3771 defensores
440 3699 466 3749 et
475 3694 619 3764 adjutores
628 3689 753 3763 ejusdem
763 3689 816 3744 loci
826 3689 862 3743 cd
870 3689 918 3744 ho-

128 3767 495 3846 neremepoateiieoeredia.
802 3830 807 3841 α
896 3829 901 3840 α

163 3851 203 3917 (o)
218 3848 248 3903 lit
256 3839 464 3918 patrimonium
478 3834 648 3892 etolodinm.
660 3833 718 3890 ileo
733 3831 824 3889 multis
850 3829 918 3885 loeis

128 3920 260 3993 repetitur
280 3931 297 3970 a
316 3909 450 3969 Gelli-ido.
481 3907 585 3962 Passim
601 3905 681 3985 etiarn
708 3906 735 3959 in
764 3900 919 3985 diplomatis

128 3988 271 4065 pontificis,
287 3984 403 4055 aliisque
421 3977 629 4035 vindocinensis
644 3982 799 4054 monasterii
829 3987 919 4052 moni-

128 4063 240 4126 mentis,
256 4067 283 4113 ιιι
312 4056 338 4110 in
364 4051 463 4108 tubulis
478 4046 661 4111 laudationis,
679 4054 706 4102 et
723 4047 749 4100 in
774 4046 806 4098 iis
827 4043 925 4113 quihus

129 4132 271 4191 Goiiridus
284 4140 377 4185 comcs
389 4122 516 4178 tundater
531 4126 645 4173 testatur
659 4132 699 4182 se,
715 4132 777 4172 cum
793 4113 920 4169 vindoci-

128 4220 242 4263 nensem
260 4198 416 4257 comitatum
432 4189 655 4246 vulcenisoreris
670 4185 919 4249 suiesiliedenaret,

129 4278 164 4331 ite
179 4270 345 4330 monasterio
365 4263 517 4334 excepisse,
533 4260 693 4330 enrisseque
708 4274 768 4313 nea
789 4262 920 4334 potestate

129 4340 371 4417 andegavensium
387 4335 516 4391 ceiiiitum
542 4331 746 4386 subtraheretur
761 4342 846 4398 :quas
856 4342 920 4406 qui-

130 4420 193 4473 iiem
208 4417 330 4485 integras
344 4406 433 4479 petius
460 4405 512 4458 hec
526 4401 587 4457 loce
602 4399 755 4468 subjiciam,
771 4406 828 4452 tum
857 4411 920 4476 quia

130 4488 271 4544 breviores
282 4489 353 4541 sunt,
383 4488 436 4531 tum
452 4475 515 4546 quia
527 4471 663 4544 originem
690 4469 809 4524 indicant
828 4482 922 4546 paneis

131 4560 215 4630 vulgo
230 4564 321 4610 notam
349 4547 480 4607 eomituiii
508 4541 748 4601 vindocinensium
760 4555 767 4612 3
778 4540 818 4596 sic
838 4539 924 4609 igitur

131 4632 243 4686 hahent.

133 4762 254 4836 Getfritii
265 4755 385 4817 iiortriii
395 4746 721 4834 cerititisproeueptumde
731 4746 820 4803 tutele
830 4761 926 4801 inena-

361 4825 444 4882 rterti
467 4819 690 4879 vindocinensis.

170 4956 181 4979 ι
198 4932 229 4985 ln
242 4925 352 4984 nomine
366 4916 516 4978 Sairateris
532 4913 593 4977 liei,
606 4922 634 4969 et
647 4910 756 4968 Domini
766 4909 925 4966 nestritesu

133 5002 246 5059 Christi.
267 5000 325 5070 Ege
333 4991 473 5051 Goitridus
488 4984 755 5043 divinemiseratione
765 4984 927 5062 budegavo·

132 5090 193 5130 rum
207 5085 310 5136 coines,
320 5073 413 5121 notum
430 5057 748 5117 lacioomnibassanctie
755 5052 926 5109 Ecclesiast-

132 5145 249 5210 delibus,
262 5158 272 5195 ι.
281 5137 335 5193 uod
351 5132 546 5190 monasterium
560 5128 586 5183 iu
602 5129 734 5206 honorem
745 5131 846 5180 sanctae
855 5123 927 5177 etin·

133 5216 250 5274 dividuae
263 5159 401 5265 irinitatia
414 5205 439 5259 in
456 5201 574 5272 quadam
588 5211 762 5268 possessione
778 5209 927 5276 inea-quse

130 5278 371 5359 jurehareditarie
381 5274 453 5346 apud
465 5274 589 5328 Castrum
601 5268 779 5325 vindocinum
792 5267 856 5320 mihi
865 5280 927 5321 ceu-

132 5357 266 5430 tingebat,
278 5348 423 5424 presaiute
438 5343 536 5399 animae
550 5357 618 5397 meae
637 5346 927 5418 parentumquemee·

132 5445 193 5486 rum
217 5431 325 5494 sumpto
352 5411 694 5479 meolundaii,et1uxta
721 5407 927 5478 possibilitatem

132 5514 223 5557 ineam
229 5497 312 5552 rebus
322 5488 440 5563 propriis
448 5482 577 5550 exstruxi,
593 5481 844 5550 monachorumque
857 5492 926 5533 coii-

133 5568 321 5646 gregatienem
336 5562 387 5617 sub
402 5556 498 5630 regula
512 5561 537 5609 et
553 5553 652 5609 abbate
667 5550 813 5607 viventium
835 5547 927 5604 diviua

133 5646 263 5715 operante
278 5631 424 5693 clementia
444 5625 585 5686 constitui.
616 5621 808 5678 ilouasterium
836 5626 926 5700 autem

133 5716 224 5793 ipsum
238 5718 265 5769 et
279 5724 324 5766 res
338 5704 412 5762 illius
425 5700 571 5759 universas
580 5696 615 5753 ab
630 5693 704 5754 omui
718 5690 925 5762 cousuetudine,

969 3086 1323 3151 cepturnnisacminentuni
1343 3079 1483 3147 respondi.
1517 3078 1647 3133 Venimus
1676 3079 1768 3148 itaque

969 3155 1003 3207 ad
1014 3149 1157 3207 ecclesiam
1173 3149 1262 3203 lieatm
1276 3148 1435 3211 'i'rintitatis,
1448 3149 1538 3220 ibique
1554 3166 1635 3219 snper
1665 3156 1767 3203 textum

969 3221 1179 3292 Erangeiierum
1200 3219 1366 3274 extrinsecus
1395 3221 1509 3275 deaure
1538 3220 1701 3275 fabricatum
1739 3227 1765 3274 et

971 3309 1051 3364 super
1060 3295 1149 3365 ipsum
1178 3291 1265 3344 altare
1279 3291 1343 3344 mihi
1364 3291 1474 3358 jurarit,
1486 3291 1557 3362 quod
1582 3290 1720 3345 abhatiam
1739 3300 1764 3345 et

970 3372 1082 3420 cunetas
1101 3379 1145 3416 res
1169 3362 1226 3428 ejus
1253 3361 1287 3415 ad
1308 3364 1439 3416 honorem
1469 3362 1517 3416 liei
1546 3368 1571 3416 et
1600 3362 1669 3415 beati
1693 3361 1765 3417 Petri

971 3443 1071 3507 quante
1087 3433 1186 3487 melius
1200 3440 1290 3503 posset
1301 3443 1477 3488 conservaret
1493 3453 1500 3499 ς
1517 3431 1701 3488 necabbatem
1712 3431 1766 3487 loci

972 3507 1013 3561 rel
1030 3504 1178 3560 monachos
1194 3520 1223 3557 se
1249 3503 1351 3558 sciente
1371 3503 1488 3574 qualibet
1511 3504 1656 3559 occasione
1676 3503 1765 3557 mole-

972 3585 1056 3633 staret
1070 3596 1077 3640 ;
1089 3590 1139 3630 nec
1155 3573 1275 3644 aliquam
1295 3575 1517 3629 cousuetudinem
1535 3574 1576 3629 rel
1606 3572 1766 3629 uiolentiam

973 3650 1053 3704 rebus
1068 3661 1163 3702 eorum
1179 3644 1310 3699 interret:
1328 3661 1379 3701 nec
1396 3661 1515 3717 unquam
1531 3644 1564 3698 ab
1586 3644 1644 3715 ipsa
1663 3645 1765 3699 vindo·

972 3717 1077 3774 iiiucnsi
1091 3715 1197 3772 abbatia
1208 3715 1417 3786 audegavensis
1429 3715 1537 3771 comitis
1552 3715 1704 3785 expelleret
1738 3731 1767 3769 o·

973 3798 1110 3851 testatem,
1123 3787 1229 3842 etiamsi
1244 3801 1294 3856 pro
1315 3787 1450 3857 aliquibus
1461 3788 1541 3840 rebus
1563 3801 1656 3841 comes
1672 3731 1736 3840 Ami
1752 3815 1766 3826 -

973 3859 1101 3932 gavensis
1117 3858 1170 3911 sihi
1184 3873 1312 3927 guerram
1328 3867 1464 3913 moveret.
1483 3857 1624 3913 Concessit
1640 3857 1723 3911 etiam
1740 3865 1768 3910 ιιι

974 3929 1107 4003 quidquid
1121 3928 1156 3983 ab
1175 3928 1329 3983 hominibus
1353 3929 1410 3983 suis
1433 3929 1459 3983 iii
1476 3936 1533 3983 tote
1558 3929 1688 3984 comitatu
1717 3943 1769 3982 sue

973 3999 1170 4058 inenastcrium
1191 3998 1332 4053 venditum
1356 3999 1483 4054 essetrel
1506 3999 1609 4066 datum,
1654 4006 1769 4053 iintenus

974 4073 1042 4128 iilud
1057 4069 1183 4126 monaehi
1199 4070 1412 4125 vindocinenses
1427 4070 1530 4141 absque
1544 4085 1592 4124 sua
1607 4015 1770 4125 reisueces·

975 4160 1064 4199 serum
1076 4157 1187 4197 suorum
1202 4139 1418 4196 contradictione
1431 4157 1479 4196 seu
1494 4139 1693 4196 consuetudine
1721 4155 1771 4210 pa·

975 4213 1052 4271 eiiice
1076 4213 1258 4284 possiderent,
1282 4219 1308 4265 et
1336 4212 1467 4283 quidquid
1496 4211 1558 4266 iude
1582 4226 1633 4282 pre
1654 4210 1771 4267 utilitate

975 4283 1133 4340 inonasterii
1150 4298 1232 4355 agero
1251 4281 1361 4351 vellent,
1378 4283 1491 4337 liberam
1509 4281 1665 4338 inanitatem
1690 4282 1771 4337 hulie-

935 4368 960 4428 ι)
976 4363 1045 4411 rent.
1062 4357 1157 4409 datum
1174 4362 1216 4408 esi
1232 4352 1306 4423 apud
1320 4352 1666 4408 Castremvindecinumin
1678 4353 1771 4409 Ecele

977 4429 1017 4482 sia
1032 4432 1137 4480 stiriae
1159 4423 1307 4487 Trinitatis,
1318 4439 1390 4479 aune
1404 4425 1438 4478 ab
1456 4423 1643 4480 incarnatione
1665 4423 1771 4479 Christi

977 4496 1121 4553 millesime
1134 4495 1368 4567 quinquagesimo,
1385 4495 1481 4551 indict.
1500 4512 1538 4558 iii,
1556 4502 1688 4565 regnante
1699 4496 1772 4550 lien·

979 4571 1034 4624 rice
1048 4567 1213 4623 Francorum
1229 4582 1305 4637 rege,
1316 4566 1501 4637 auneimperii
1516 4565 1558 4620 sui
1569 4565 1772 4623 nonodecimo.

980 4641 1025 4697 isti
1043 4648 1108 4694 sunt
1123 4637 1168 4709 qui
1179 4635 1324 4692 adiueruiit
1339 4652 1346 4691 :

1018 4734 1028 4758 ι
1046 4706 1772 4783 iigoGoliridusandegavorumcomes,Fulconepes

981 4799 1067 4849 meus,
1084 4781 1152 4837 Ehlo
1167 4781 1201 4834 de
1217 4779 1341 4842 hlasana,
1358 4779 1505 4834 liainaidus
1520 4779 1554 4834 dc
1570 4778 1772 4844 blulolehrario,

980 4854 1134 4909 Nichardus
1149 4851 1183 4906 de
1198 4858 1290 4905 merite
1305 4852 1404 4915 Aureo,
1421 4849 1575 4906 landricus
1602 4850 1637 4905 de
1653 4849 1775 4920 balgen-

981 4926 1062 4988 tiaco,
1079 4923 1214 4978 iluiiertus
1228 4922 1262 4975 de
1278 4920 1434 4984 liunitioiie,
1457 4921 1616 4976 Fulehcrius
1635 4920 1772 4986 dei'urre,

981 4996 1115 5052 liebertus
1129 4993 1164 5048 de
1181 4994 1272 5047 llonte
1285 4991 1425 5054 Camerio,
1433 4991 1570 5047 liebertus
1579 4990 1614 5045 de
1624 4992 1773 5062 iiurgodie,

980 5064 1116 5122 (letfridus
1124 5063 1158 5118 de
1175 5061 1306 5126 veniisse,
1323 5061 1475 5117 adelardus
1487 5062 1625 5117 deCastie
1640 5062 1774 5127 Genterii,

983 5137 1137 5193 lietduinus
1151 5134 1185 5188 de
1206 5134 1247 5189 liu
1268 5132 1337 5197 ibus,
1353 5132 1483 5188 Salomon
1500 5132 1535 5187 de
1551 5132 1711 5199 Lai'arzine,
1728 5133 1776 5188 ivi·

981 5208 1042 5263 reio
1053 5207 1087 5261 de
1102 5206 1189 5260 tracta
1217 5148 1298 5269 veile,
1312 5204 1488 5276 ingelbaldus
1511 5203 1592 5273 Brito,
1617 5203 1777 5260 Gathardus

981 5277 1120 5342 bodellus,
1137 5274 1220 5331 etalii
1236 5275 1322 5331 multi.

1020 5373 1030 5397 ι
1049 5349 1162 5420 Signum
1178 5344 1332 5416 teutfridi
1349 5346 1457 5403 comitis
1472 5345 1694 5419 andegavensis.

1019 5443 1030 5469 ι
1048 5419 1075 5474 Si
1098 5418 1195 5487 num†
1211 5417 1336 5475 vulcenis
1350 5418 1458 5474 comitis
1475 5416 1700 5473 vindocinensis.
1726 5437 1738 5467 s

1016 5490 1059 5547 Ge
1081 5489 1139 5544 ride
1154 5488 1277 5545 biartello
1291 5504 1402 5545 soreres
1416 5489 1476 5544 duaa
1487 5487 1595 5543 luerunt
1609 5505 1616 5542 :
1633 5488 1780 5560 ilildegar·

980 5562 1023 5617 dis
1042 5578 1074 5616 ex
1089 5575 1142 5631 qua
1153 5567 1179 5617 et
1193 5560 1321 5617 hiberico
1333 5559 1533 5616 vastinensium
1544 5558 1643 5615 comhe
1652 5558 1780 5615 erheuet

981 5631 1138 5690 Greiiridui
1152 5638 1180 5690 et
1194 5631 1278 5689 Falco
1292 5629 1438 5698 liechiiius,
1454 5629 1614 5704 posterique
1624 5644 1721 5687 corum
1732 5646 1779 5689 ce·
