3780 6038
175 240 228 298 l'iv
681 231 853 294 Gorrtiiot
872 235 1019 295 teraris
1040 232 1319 291 leDOClNliNSlS
1782 236 1834 293 130

174 373 202 422 et
218 364 320 422 sanctis
334 366 393 435 ejus
404 364 582 435 iureiurando
596 362 742 418 tenendam
759 361 896 433 promisit,
919 378 975 418 riou
989 362 1017 423 A
1031 360 1169 417 secribus.
1189 361 1224 416 Et
1239 361 1301 435 quia
1315 369 1341 420 te
1354 362 1480 430 consilio,
1497 368 1525 418 et
1539 361 1643 418 auxilio
1653 360 1757 434 pariter
1768 362 1837 418 iudi·

175 453 278 511 obedit.
293 454 390 510 Sancta
404 453 505 510 etenim
535 451 706 525 llegulanos
731 450 863 508 edocente
874 451 972 507 didici·
1025 464 1091 522 gere
1107 464 1160 504 non
1171 450 1342 521 ignoramus,
1367 452 1506 508 dilleetum
1521 459 1645 507 nostrum
1674 449 1789 508 tratrem
1805 461 1833 509 et

175 558 235 598 mus
251 542 322 614 quod
339 557 388 596 sua
402 548 549 613 peccatrici
564 540 763 611 alienaquibus
783 539 912 609 inlicitur,
928 540 976 595 ab·
1026 537 1111 592 silium
1125 537 1276 594 Gilbertum
1291 541 1339 595 tibi
1355 539 1577 607 transmittimus,
1605 538 1652 610 qui
1668 555 1721 610 pro
1737 548 1764 596 tc
1779 556 1830 596 cii-

177 630 234 687 bati
253 646 303 687 suo
318 646 372 685 non
392 629 540 694 occultare,
558 629 606 684 soil
626 628 752 684 revelare
764 628 862 684 debeat
877 643 975 684 mona·
1027 641 1086 680 raiu
1101 626 1182 680 totius
1197 627 1294 682 domris
1310 629 1341 683 a.
1375 628 1525 684 Clementis
1553 626 1714 698 adimpleat,
1733 635 1760 683 et
1774 629 1830 683 tuis

177 718 255 774 chus.
270 718 310 774 Tu
325 734 391 773 vero
408 725 549 788 peceatum
578 716 714 788 prepositi
741 716 779 771 tui
801 718 885 788 (329),
903 716 977 788 quod
1029 714 1172 785 praeceptis
1181 716 1209 768 in
1224 716 1298 772 nullo
1311 716 1491 772 contradicat.
1511 716 1551 770 Tu
1564 730 1629 771 vero
1650 716 1691 772 sio
1707 723 1754 771 tua
1768 731 1831 772 mo-

177 806 372 862 consentiendo
387 813 460 860 tuum
489 804 589 872 iecisti,
616 819 671 859 non
686 803 833 873 occultum,
859 804 908 860 sed
924 821 976 875 pu·
1030 802 1125 858 derare
1141 813 1276 874 precepta
1303 814 1331 859 ut
1355 805 1429 876 qnod
1445 804 1505 876 ipse
1521 802 1626 872 lecerit,
1652 819 1715 860 cum
1731 805 1830 862 timore

177 895 289 963 blitum,
311 894 455 967 quiscum
479 893 596 965 publicis
615 892 777 948 mulieribus
793 893 902 964 publice
934 892 977 947 la·
1030 891 1080 946 Dei
1096 890 1174 947 iaciat
1188 900 1215 948 et
1230 909 1336 949 amore.
1357 893 1436 949 Vale.

177 989 259 1050 dum,
275 982 353 1037 nobis
381 981 538 1039 occultasti.
568 980 646 1036 Unde
671 980 875 1037 evidentissime
902 988 979 1052 patet

177 1071 252 1142 quod
265 1079 292 1127 te
306 1071 446 1143 peccando
461 1078 487 1125 et
501 1086 551 1126 nos
566 1070 766 1125 contemnendo
782 1070 887 1125 laesisti.
909 1071 930 1123 l‘

178 1159 301 1216 sentibus
319 1159 404 1232 igitur
431 1158 529 1214 litteris
543 1157 591 1213 tibi
607 1158 782 1229 precipimus
797 1167 825 1214 ut
851 1174 979 1214 carneru-

178 1248 234 1304 lam
248 1248 321 1304 illam
336 1248 363 1304 in
379 1262 433 1319 qua
443 1246 600 1303 sordidator
614 1246 660 1302 illc
688 1255 715 1302 et
728 1247 857 1302 sordidus
867 1263 981 1319 pravam

179 1335 455 1393 exercuitactiouem
479 1334 590 1389 omnino
618 1348 643 1390 ei
669 1334 829 1391 festinanter
843 1335 979 1401 destruas,

180 1432 206 1481 et
227 1431 386 1480 extraneum
409 1439 425 1478 a
453 1423 584 1489 claustro,
600 1431 627 1478 et
654 1439 670 1478 a
693 1431 770 1480 curte
798 1425 826 1480 ll.
852 1424 980 1480 Clemen-

181 1513 217 1568 tis
230 1512 306 1584 (330)
329 1512 415 1569 iacias
442 1527 519 1568 eum.
547 1511 628 1582 Quod
643 1513 764 1583 quandiu
778 1512 918 1569 distuleris
937 1512 980 1568 ia·

182 1610 257 1663 ecre,
274 1598 349 1668 217
362 1595 453 1652 tandiu
464 1603 490 1654 te
509 1596 544 1652 ab
554 1596 666 1653 introitu
678 1605 779 1654 sanctae
788 1597 912 1655 ecclesiae
920 1612 982 1655 esse

183 1685 454 1743 rolumasalieuum.
472 1684 553 1742 vale.

442 1799 616 1856 EPISTOLA
629 1800 712 1857 XLv.

183 1929 283 1986 Frater
299 1925 457 1999 Gottndm,
474 1927 606 1984 Bernerio
620 1928 720 2001 priori,
731 1928 982 1985 benedictioneino

397 2016 464 2085 Deo,
481 2019 509 2072 et
525 2032 581 2073 ose
597 2016 792 2074 dilectionem.

221 2104 393 2163 infimitatem
420 2112 503 2171 tuam,
529 2104 615 2161 irater
641 2105 669 2160 in
688 2107 797 2163 Christo
811 2107 981 2176 charissime,

185 2195 348 2262 audirimus,
364 2208 447 2266 qaam
461 2193 575 2250 lecimus
589 2202 710 2251 nostram
728 2197 927 2269 compassionis
942 2198 982 2255 vi·

185 2372 213 2429 iii
228 2371 336 2429 Christo
350 2368 413 2425 siliis
426 2367 550 2426 Golirido
577 2369 670 2425 abbati
691 2371 719 2426 S.
735 2372 829 2427 Albini
849 2373 982 2445 Andaga·

185 2443 288 2509 rensis,
305 2440 451 2497 etllemoiii
459 2440 550 2494 abbati
566 2440 597 2496 S.
612 2441 751 2497 Trinitatis
763 2443 980 2512 vindocinensis,

185 2514 300 2570 salutem
315 2520 343 2568 et
356 2511 532 2582 apostolicam
544 2511 775 2568 benedictionem.
795 2517 875 2570 Anno
890 2517 982 2570 Domi-

186 2586 254 2640 nicie
270 2581 465 2639 lncarnationis
480 2583 560 2646 loss,
569 2581 741 2652 pontificatus
751 2586 837 2640 nostri
852 2587 979 2650 r‚indict.

185 2673 204 2720 i,
218 2671 281 2710 curii
296 2669 388 2709 essem
399 2653 427 2709 iii
442 2652 582 2724 provincia
610 2652 741 2710 Calabriae
755 2657 825 2726 apud
841 2667 982 2711 monaste·

185 2727 256 2782 rium
280 2724 312 2780 S.
331 2723 424 2780 llariae
437 2739 497 2796 quae
511 2723 609 2779 dicitur
623 2723 657 2779 de
679 2724 786 2789 llatina,
802 2728 927 2783 monaehi
943 2727 978 2783 S.

185 2795 289 2863 Albini,
306 2794 440 2850 Girardus
467 2793 552 2875 prior,
572 2793 644 2859 litto,
675 2796 837 2866 Stephanus.
852 2797 983 2853 adversus

187 2868 338 2923 monachos
353 2865 382 2921 S.
399 2865 538 2920 Trinitatis
549 2864 583 2920 dc
611 2865 771 2931 vindocino,
788 2869 981 2924 Frotmuiidum

184 2938 314 3010 priorem,
330 2934 520 3006 ingelbaldum
534 2935 684 3003 ostiarium,
701 2938 748 3009 qui
768 2949 918 3009 presentes
931 2940 982 2994 ad-

186 3015 342 3074 erant,con
361 3006 431 3062 uesti
446 3013 518 3073 sunt,
549 3007 622 3078 quod
647 3008 862 3066 vindocinenses
885 3010 982 3066 iratres

185 3078 331 3136 ecclesiam
343 3024 375 3131 ἒ.
403 3076 550 3158 §lenientis
576 3077 772 3146 credonensis,
788 3097 873 3152 quaea
888 3096 983 3136 mona-

185 3151 246 3207 chis
276 3150 307 3204 S.
322 3147 414 3229 Albim
436 3155 511 3228 Juste
524 3148 684 3227 ⁸secundum
707 3149 814 3205 illorum
830 3160 983 3233 temporum

186 3218 412 3278 consuetudinem
426 3224 571 3288 acquisita,
588 3226 616 3273 et
630 3234 680 3298 per
695 3223 729 3273 30
745 3237 832 3275 annos
846 3231 945 3294 qinete,
959 3230 985 3277 et

186 3293 246 3347 sine
260 3291 363 3344 interro
385 3288 457 3342 tione
467 3302 605 3358 possessa,
614 3287 871 3346 violenterablatam
883 3293 985 3364 injuste

187 3361 347 3417 detinerent.
365 3304 418 3426 ὃιιί
432 3372 493 3413 cuin
507 3357 564 3412 suis
590 3358 776 3415 instrumentis
791 3371 816 3416 et
834 3364 985 3419 rationibus

187 3445 297 3487 causam
308 3442 386 3483 suain
401 3427 550 3482 defendere
572 3429 731 3493 niterentur,
749 3432 836 3501 priiiio
860 3434 904 3489 dic
920 3450 986 3505 pro-

189 3498 363 3557 clamationis
377 3513 421 3553 res
436 3497 481 3552 diu
496 3506 522 3552 et
537 3499 650 3554 multum
663 3500 792 3557 ventilata
807 3503 881 3559 nullo
900 3504 986 3575 potuit

189 3573 245 3627 line
259 3568 415 3625 terminari.
430 3567 557 3624 Secundo
572 3585 636 3625 vero
665 3571 710 3627 die
734 3573 859 3629 similiter
873 3575 986 3631 inultum

189 3644 321 3705 discussa,
340 3639 374 3695 ad
390 3638 494 3693 nullum
509 3646 599 3695 tamen
628 3649 669 3696 cst
697 3641 779 3698 finem
795 3644 920 3701 deducta.
937 3647 986 3702 Die

190 3720 279 3769 aulem
293 3710 383 3773 tertio,
399 3724 440 3764 xii
458 3708 561 3766 seilicet
575 3711 711 3768 Kalendas
728 3715 896 3781 Decembris,
914 3717 988 3773 resi-

191 3783 319 3840 dentibus
333 3779 414 3836 nobis
442 3778 470 3834 in
495 3780 621 3853 Anglooe
635 3783 743 3839 civitate
766 3787 883 3856 Apuliae,
895 3788 988 3857 praesi-

191 3854 318 3911 dentibus
347 3849 484 3922 religiosis
495 3858 523 3906 et
544 3852 747 3909 venerabilibus
770 3862 827 3911 tarn
851 3858 988 3939 episcopis

192 3940 272 3998 qnam
288 3929 391 3979 sanctae
412 3921 541 3977 llomanae
568 3922 699 3979 Ecclesia
727 3927 914 3983 cardinalibus
928 3945 988 3985 sire

192 3994 363 4058 diaconibus,
378 3992 530 4047 natantibus
551 3993 633 4047 etiarn
662 3995 799 4052 nobilibus
811 3999 951 4064 Romanis,
963 4007 990 4055 et

192 4065 337 4124 comitibus
350 4062 455 4134 Apuliae
468 4062 684 4135 gloriosissimis,
702 4067 849 4125 Boamiinte
867 4079 894 4125 et
908 4070 988 4127 Guil-

192 4138 289 4206 lelmo;
305 4151 334 4190 io
362 4133 460 4188 itemm
477 4133 534 4214 'diii
553 4142 581 4189 et
604 4135 716 4192 multum
732 4138 859 4209 inquisita
880 4142 988 4196 tandem

195 4209 345 4279 inspirante
358 4206 416 4259 Deo
430 4203 548 4259 lucidius
563 4205 656 4271 elusit,
676 4208 703 4262 iii
719 4226 799 4280 quum
813 4211 904 4281 potitis
927 4228 988 4283 pur-

193 4288 249 4335 tem
261 4276 362 4348 justitia
376 4273 538 4330 declinaret.
557 4276 623 4331 Cum
638 4277 701 4332 enin
717 4286 832 4350 utraque
854 4297 917 4349 pars
932 4282 989 4337 suis

195 4349 274 4404 nobis
282 4344 491 4417 allegationibus
507 4345 640 4412 obviaret,
658 4355 684 4402 ot
698 4349 761 4405 liiiio
776 4352 927 4420 pactionem
943 4353 991 4408 ab·

1280 1008 1451 1065 artsrotii
1467 1007 1565 1064 XLvl.

933 1086 980 1124 Ψ
1034 1102 1181 1174 Goftridus
1199 1104 1416 1162 vindocinensis
1434 1106 1603 1162 monosterii
1615 1105 1835 1162 seruusditectis

1069 1192 1221 1262 fratribus.
1235 1194 1248 1248 l
1254 1195 1345 1267 priori
1356 1197 1383 1251 et
1393 1196 1505 1251 ceteris
1514 1193 1656 1261 cornibus,
1667 1193 1835 1251 benedictio

1070 1297 1136 1336 nerii
1151 1299 1167 1336 a
1179 1283 1298 1341 Domino
1308 1283 1375 1350 Deo,
1387 1287 1477 1340 etsie
1485 1282 1682 1338 dilectionem.

1069 1383 1216 1439 llnndastis
1228 1385 1317 1455 nobis,
1334 1386 1407 1457 quod
1422 1385 1525 1441 dictum
1539 1384 1617 1441 robis
1641 1383 1743 1451 iuerat,
1760 1385 1834 1456 quod

1035 1469 1184 1527 llerbertus
1198 1473 1343 1544 presbyter
1356 1473 1391 1528 de
1402 1473 1548 1530 Saviniaco
1562 1472 1709 1545 quamdam
1725 1471 1836 1528 marita·

1035 1565 1089 1613 tani
1101 1560 1219 1628 tenebat,
1236 1562 1313 1630 quus
1325 1561 1452 1617 maritum
1467 1569 1548 1618 nocte
1566 1561 1687 1635 grauiter
1701 1561 1832 1618 vulnera·

1035 1643 1083 1709 rit,
1094 1660 1127 1700 eo
1143 1645 1584 1718 quodpropriaenioiiadultcrini
1594 1645 1696 1701 amoris
1712 1645 1835 1702 habenas

992 1715 1020 1775 Β
1035 1750 1090 1795 non
1105 1735 1223 1790 laxabat.
1239 1734 1268 1791 Si
1284 1750 1347 1791 reia
1362 1742 1425 1790 sunt
1439 1735 1507 1801 haec,
1537 1750 1599 1805 qnae
1612 1734 1648 1789 dc
1669 1734 1834 1806 presbytero

1034 1827 1108 1883 lama
1121 1823 1231 1895 sparsit,
1247 1822 1329 1878 valde
1348 1839 1465 1896 nequam
1480 1830 1521 1880 est
1535 1824 1680 1895 presbyter
1708 1822 1755 1895 qui
1769 1822 1835 1878 talia

1034 1915 1107 1972 iecit.
1119 1914 1176 1969 Nos
1191 1920 1351 1968 tamennon
1376 1913 1465 1980 decet,
1493 1920 1519 1967 et
1547 1911 1699 1968 seeundum
1713 1926 1835 1967 canones

1034 2006 1109 2077 (331)
1124 2001 1190 2058 nulli
1200 2001 1272 2065 licet,
1299 2001 1327 2055 in
1354 1999 1459 2057 incerta
1477 2016 1508 2057 ra
1537 2009 1641 2058 certam
1668 1999 1836 2057 sententiam

1034 2094 1115 2149 dare.
1134 2091 1207 2147 Licet
1220 2090 1292 2145 enim
1301 2089 1435 2158 rcrasint,
1448 2105 1503 2145 non
1514 2089 1835 2155 sunttamencredcnda,

1034 2180 1168 2253 nisiprius
1182 2177 1313 2235 canonico
1329 2178 1424 2234 ordine
1443 2179 1519 2248 218
1531 2177 1630 2234 luerim
1648 2177 1837 2250 comprobata,

1035 2359 1108 2414 niam
1123 2374 1154 2413 eii
1169 2373 1250 2414 causa
1261 2356 1312 2411 liac
1327 2354 1354 2411 iu
1370 2372 1466 2411 manus
1481 2365 1590 2412 nostras
1604 2363 1630 2411 et
1647 2355 1836 2413 vindocinen·

1035 2432 1104 2485 sirim
1117 2430 1230 2483 fratrum
1242 2427 1391 2482 refutarunt
1406 2447 1413 2494 ;
1431 2427 1649 2483 vindocinenses
1666 2442 1735 2482 vero
1751 2443 1833 2483 unam

1035 2500 1254 2572 supradictarum
1270 2498 1451 2553 ecclesiarum
1466 2499 1493 2552 in
1508 2513 1604 2552 manus
1618 2507 1726 2553 nostras
1738 2498 1835 2554 reddi-

1035 2573 1142 2637 derunt,
1156 2578 1183 2626 et
1197 2585 1245 2641 pei
1258 2585 1308 2624 nos
1331 2569 1442 2624 eosdem
1468 2570 1615 2625 nionaclios
1638 2568 1830 2625 investierunt.

1038 2641 1264 2713 l‘raeseiitirigiiur
1279 2640 1440 2695 auctoritato
1449 2640 1647 2695 lroternitatem
1661 2640 1838 2697 restramad·

1036 2729 1178 2768 monemus
1193 2721 1219 2766 ei
1234 2712 1415 2782 precipimus,
1433 2719 1462 2764 ut
1472 2710 1524 2766 iioc
1539 2719 1648 2782 paetum
1664 2727 1679 2765 a
1694 2712 1776 2767 nobis
1791 2711 1837 2765 in-

1037 2785 1155 2839 tentione
1170 2781 1243 2854 pacis
1258 2789 1284 2836 et
1299 2781 1401 2853 quietis
1412 2781 1575 2852 dispositum
1586 2789 1612 2836 et
1621 2789 1751 2836 statutum
1762 2781 1837 2839 omni

1037 2863 1159 2922 tempore
1174 2853 1306 2922 deinceps
1321 2860 1406 2907 ratum
1422 2858 1449 2908 et
1463 2854 1659 2909 inconcussum
1673 2853 1793 2909 teneatis
1808 2860 1836 2908 et

1036 2923 1201 2981 observetis.
1218 2923 1393 2994 Quaecunque
1407 2930 1497 2978 autem
1512 2939 1574 2993 pars
1585 2923 1656 2978 hanc
1669 2932 1774 2980 nostra
1788 2923 1837 2980 de·

1036 2996 1147 3053 cisionis
1162 2994 1324 3049 sententiam
1349 3010 1404 3049 non
1428 2993 1589 3065 susceperit,
1608 2993 1652 3048 rel
1677 2994 1837 3067 transgredi

998 3065 1251 3146 Gpraesumpsei·it,
1281 3072 1335 3119 tam
1364 3079 1499 3120 canonum
1529 3064 1667 3119 severitati
1695 3065 1837 3134 subjaceat

1038 3152 1119 3210 quam
1134 3138 1261 3203 legitimae
1288 3135 1494 3206 compositionis
1517 3150 1637 3206 poenam,
1652 3134 1681 3189 id
1709 3144 1751 3191 est
1776 3135 1837 3191 auri

1038 3215 1148 3264 centum
1161 3207 1291 3261 librarum
1307 3207 1446 3271 sustineat,
1464 3216 1520 3261 etti
1536 3221 1618 3262 caiisa
1627 3205 1735 3277 penitus
1743 3207 1833 3264 cadat.

1039 3281 1108 3335 Data
1122 3279 1288 3333 Tarentiviii
1304 3277 1365 3331 lial.
1385 3277 1510 3333 decemb.

1056 3356 1064 3407 ι’
1068 3352 1130 3409 attii
1140 3348 1287 3420 l’rirpositi
1298 3349 1351 3403 titi.
1361 3348 1524 3418 Praepositus
1533 3346 1690 3402 monasterii
1696 3347 1838 3404 dicebatur

1040 3422 1073 3486 is,
1089 3419 1328 3489 cujussccundum
1343 3419 1469 3473 abbatem
1484 3434 1546 3474 eiira
1557 3426 1615 3473 crat
1629 3417 1729 3474 domus
1742 3428 1769 3474 et
1783 3420 1836 3475 do·

1040 3491 1160 3546 mosticae
1174 3488 1333 3559 disciplinae.
1353 3489 1470 3544 Priorem
1494 3487 1670 3544 claustralem
1692 3489 1774 3545 bodie
1788 3506 1837 3546 ro·

1041 3570 1115 3619 caut.
1135 3561 1215 3616 Aliud
1230 3576 1260 3615 er
1282 3559 1399 3614 oabbas
1414 3576 1463 3615 scu
1479 3561 1557 3615 l‘ater
1576 3561 1744 3625 monasterii,
1759 3561 1837 3617 aliud

1041 3631 1212 3704 prepositus,
1222 3640 1250 3684 ut
1261 3577 1384 3685 i'undnni
1396 3630 1560 3694 monasterii,
1571 3629 1606 3686 ds
1617 3645 1673 3702 quo
1684 3629 1719 3688 B.
1729 3631 1837 3701 Grego-

1042 3705 1099 3758 rius
1112 3704 1135 3756 l.
1155 3702 1261 3787 Dialog.
1282 3703 1308 3755 l.
1324 3701 1421 3756 Atilios
1430 3709 1489 3756 erat
1498 3702 1660 3763 Honoratus,
1675 3704 1839 3773 praepositus

1041 3773 1200 3829 libertinus
1229 3772 1411 3838 soractensis,
1434 3773 1469 3828 de
1497 3767 1662 3844 quoteni
1677 3773 1840 3844 prepositus

1041 3847 1188 3901 Nonnosus
1203 3858 1209 3897 ε
1226 3843 1311 3897 abbas
1339 3842 1419 3908 alius,
1440 3858 1522 3914 quem
1549 3843 1731 3911 asperrimum
1754 3843 1841 3900 luisse

1042 3915 1146 3974 scribit.
1163 3914 1266 3969 Eodem
1282 3914 1364 3968 modo
1379 3914 1550 3987 distinguunt
1567 3913 1666 3981 Greci,
1681 3914 1783 3998 πατέρα
1796 3917 1842 3976 καὶ

1041 3986 1186 4067 inviam
1199 3991 1245 4058 τῆς
1260 3990 1352 4065 μονῆς.
1370 3994 1407 4048 Ex
1423 3994 1550 4074 lioclrero
1565 3992 1625 4048 loco
1636 4003 1708 4075 patet
1726 4011 1781 4051 non
1792 4012 1841 4053 so·

1042 4069 1097 4123 lum
1112 4067 1162 4122 suli
1177 4066 1331 4129 abbatibus,
1341 4080 1436 4119 verum
1447 4072 1530 4120 etiam
1545 4062 1740 4134 subprioribus
1753 4066 1842 4123 luisse

1042 4137 1214 4210 prepositos,
1231 4137 1259 4191 in
1273 4137 1306 4191 iis
1321 4134 1450 4188 nimirum
1475 4134 1641 4206 prioratibus
1656 4137 1702 4207 qui
1718 4153 1842 4194 couren-

1044 4211 1131 4291 tuales
1145 4216 1247 4277 essent,
1264 4216 1290 4262 ut
1314 4203 1471 4278 appellant:
1501 4205 1654 4274 cuiusmodi
1671 4216 1712 4263 est
1735 4210 1842 4266 Credo·

1043 4296 1156 4422 witsisd'l
1173 4347 1394 4405 tricastrino
1409 4349 1489 4402 curte
1501 4345 1536 4401 B.
1549 4346 1713 4406 Clementis.
1728 4350 1756 4406 ld
1772 4358 1843 4407 esta

196 4414 991 4487 batum,confirmationempontilicum,Romanaellcclesiio
1006 4422 1033 4483 D
1048 4420 1214 4478 monasterio
1229 4426 1255 4474 et
1270 4418 1343 4472 villa.
1353 4416 1449 4472 Curtes
1463 4417 1528 4472 olim
1543 4417 1621 4473 villas
1634 4419 1779 4485 vocabant,
1793 4420 1843 4477 sed

195 4489 358 4563 legatomm,
372 4485 445 4540 illinc
466 4500 531 4541 vero
559 4485 710 4558 legitimum
738 4490 884 4558 introitum,
900 4503 926 4550 et
939 4510 988 4550 ca·

195 4559 323 4617 ironicam
332 4559 503 4612 tirannorum
513 4557 713 4623 possessionem
722 4561 800 4616 nobis
809 4575 988 4633 opponerent,

196 4647 247 4688 nos
263 4628 308 4702 qui
323 4625 443 4683 omnium
458 4623 769 4702 fideliumcausasaeqna
779 4633 855 4689 lance
871 4651 990 4705 pensare

196 4702 339 4765 debemus,
354 4695 494 4776 utriusque
502 4696 607 4778 utilitati
614 4701 799 4769 providentes,
812 4703 900 4774 ipsam
915 4706 989 4760 litem

197 4770 350 4831 concordiae
364 4775 550 4826 convenientis
559 4769 684 4840 aequitate
697 4772 825 4829 decidere
837 4776 987 4832 maluimus.

197 4844 301 4903 Omnes
316 4839 398 4913 igitur
410 4838 455 4911 qui
470 4837 611 4894 nobiscum
625 4841 736 4896 aderant
749 4844 819 4899 lianc
829 4847 990 4902 sententiam

198 4913 397 4978 collaudantes,
422 4909 658 4990 consentientibus
682 4913 820 4982 praediciis
850 4918 936 4971 utrius
957 4933 991 4973 ue

198 4984 316 5043 coenobii
331 4980 469 5047 iratribus,
485 4987 512 5036 et
526 4996 553 5034 in
582 4997 681 5037 maniis
691 4992 797 5039 nostras
813 4984 894 5042 tidem
909 4936 990 5057 poili·

198 5055 286 5113 cando
300 5049 481 5117 firmantibus,
511 5052 656 5108 concordia
688 5063 714 5108 et
730 5071 781 5125 pax
797 5056 867 5112 iiiicr
881 5074 929 5113 eos
940 5060 992 5114 boc

196 5126 279 5182 modo
292 5123 383 5195 posita
398 5128 448 5188 est,
464 5121 605 5202 otacilicet
631 5123 844 5182 Vindocinenses
865 5129 991 5185 monaclii

196 5195 284 5253 dehis
297 5193 385 5249 tribus
398 5190 532 5272 ecclesiis,
544 5197 591 5246 aut
605 5194 749 5251 ecclesiam
765 5198 932 5265 llanitilium,
948 5201 991 5255 rcl

198 5267 227 5324 S.
242 5262 391 5329 Saturnini,
406 5275 464 5340 sire
479 5261 510 5317 S.
529 5264 641 5318 loannis
663 5282 743 5335 supra
758 5268 885 5337 liperiin,
910 5286 991 5324 unam

199 5352 282 5408 quani
297 5339 477 5406 congregatio
505 5338 560 5386 tota
574 5333 606 5387 S.
633 5334 771 5392 Trinitatis
786 5338 909 5410 elegerit,
925 5356 990 5396 cuni

195 5407 321 5465 omnibus
336 5420 396 5476 qiiae
407 5402 442 5456 ad
454 5401 578 5482 eamdem
603 5405 757 5472 ecelesiam,
774 5416 828 5464 tarn
844 5411 991 5466 mobilibus

195 5473 478 5552 quamimmobilibus‚
495 5474 609 5528 interius
619 5477 788 5551 exteriusque
816 5482 990 5551 adpraesens

194 5549 342 5622 pertinent.
354 5546 421 5600 intra
436 5545 544 5624 d¹⁰.⁸.³.⁸
556 5550 703 5615 postquam
722 5550 835 5604 domum
849 5552 990 5618 redierint,

193 5618 360 5675 monasterio
376 5616 403 5671 S.
420 5612 509 5670 Albini
526 5624 727 5685 inperpetuum
743 5621 864 5677 tradant.
884 5624 992 5680 Fratres

187 5689 323 5764 linquas.
356 5685 450 5743 Albini
470 5699 580 5743 omnem
594 5685 680 5756 litem,
697 5702 864 5764 omnemque
883 5694 989 5750 calum-

1044 4493 1149 4549 allodes
1164 4500 1191 4546 et
1200 4489 1278 4544 liberi
1289 4488 1371 4556 juris.
1384 4489 1411 4541 lii
1421 4487 1566 4543 donatione
1577 4490 1669 4546 ddelae
1683 4492 1840 4558 comitisse,

1043 4579 1123 4638 quam
1133 4567 1164 4618 S.
1180 4560 1267 4616 dlbini
1278 4558 1443 4613 monasterio
1459 4558 1582 4625 instituit,
1594 4576 1667 4615 anno
1677 4562 1749 4618 stt:
1765 4564 1843 4620 Dono

1043 4637 1133 4707 ipitcr
1143 4633 1188 4688 illi
1198 4636 1319 4695 curtem,
1328 4631 1399 4687 dono
1410 4631 1505 4685 miliia
1517 4633 1682 4702 parentibus
1691 4634 1841 4699 traditam,

1043 4706 1170 4763 silentiis
1196 4701 1491 4772 spoliaveruntque
1500 4704 1841 4767 irocotitrllndariisirittoe,

1043 4795 1109 4833 curii
1118 4721 1225 4831 doctius
1235 4772 1431 4837 coelestinum
1440 4769 1695 4829 tritonorcscnctae
1704 4775 1755 4830 liei
1767 4776 1842 4858 perii·

1045 4848 1126 4904 tricis
1136 4845 1230 4901 lliiriie
1240 4842 1556 4906 construendorum
1567 4843 1670 4900 bonore
1683 4847 1710 4901 S.
1723 4844 1841 4902 Anmiri.

1044 4919 1089 4974 Sic
1104 4915 1186 4973 curtis
1201 4922 1227 4969 et
1250 4912 1369 4968 ecclesia
1385 4912 1565 4981 Campiniaci,
1590 4916 1675 4969 curtis
1699 4916 1842 4981 llaironis,

1044 4988 1126 5044 curtis
1141 4984 1267 5049 Cliirinci,
1284 4991 1310 5038 et
1324 4982 1383 5037 aliar
1397 4982 1424 5036 in
1436 4983 1557 5051 ejusdem
1566 4985 1684 5041 coenobii
1697 4986 1841 5043 tabulario.

1045 5060 1135 5115 llreret
1151 5054 1230 5111 hodie
1241 5054 1325 5110 curtis
1353 5068 1452 5108 nomen
1467 5054 1494 5107 in
1523 5058 1650 5110 extremis
1664 5056 1843 5126 plurimorum

1044 5129 1140 5185 Galliae
1155 5127 1276 5182 locoruni
1293 5122 1444 5186 iocabulis,
1455 5130 1483 5177 ut
1498 5125 1616 5181 Boronis
1632 5127 1715 5182 curtis
1731 5128 1845 5208 inpage

1044 5198 1181 5257 lleincnsi.
1194 5195 1312 5251 Hunoldi
1327 5194 1413 5249 curtis
1428 5194 1454 5248 iu
1471 5193 1673 5261 Cameracensi,
1690 5206 1718 5253 et
1731 5198 1808 5254 aliis.

1080 5270 1155 5340 (331)
1170 5266 1329 5325 Secundum
1340 5280 1475 5320 concites.
1490 5265 1642 5337 Gregorius
1659 5269 1778 5339 llsgnus
1795 5269 1843 5324 lib.

1045 5356 1103 5401 viii,
1119 5340 1199 5409 epist.
1220 5340 1264 5399 30,
1294 5335 1452 5392 Constantio
1482 5336 1613 5407 episeopo
1636 5339 1844 5395 Mediolanensi.

1046 5411 1137 5467 Graue
1147 5410 1217 5465 sctis
1225 5412 1267 5463 est
1278 5412 1305 5463 et
1313 5405 1445 5462 indecens
1456 5409 1525 5462 utin
1536 5424 1567 5464 re
1575 5408 1657 5464 dubie
1669 5414 1750 5467 certa
1760 5412 1846 5467 detur

1043 5482 1189 5538 sententio
1199 5478 1266 5548 Qum
1280 5485 1439 5559 sequuntur,
1467 5494 1540 5533 nunc
1560 5494 1595 5533 ex
1624 5479 1743 5537 victoris
1757 5482 1768 5535 l
1783 5482 1844 5550 epi·

1044 5553 1113 5607 stola
1123 5550 1158 5605 sd
1174 5548 1393 5617 Alexandrinos;
1411 5565 1483 5606 nnnc
1493 5566 1521 5603 rii
1534 5549 1600 5604 Sixti
1613 5551 1637 5606 ll
1651 5552 1735 5623 epist.
1749 5554 1847 5608 Scitat

1043 5626 1171 5693 lvopart.
1188 5639 1213 5687 v,
1229 5636 1292 5691 cap.
1307 5622 1359 5676 tlt
1374 5627 1401 5674 et
1418 5620 1482 5675 atr.
1507 5619 1652 5677 Gratianus
1681 5622 1733 5688 xi,
1754 5639 1785 5695 q.
1806 5624 1839 5679 b.

1046 5693 1176 5763 Quemvis
1187 5707 1262 5760 vcro,
1278 5707 1312 5748 eii
1325 5689 1477 5763 Augustino
1504 5690 1546 5749 lte
1564 5692 1726 5764 poenitentia
1744 5708 1807 5768 cap.
1825 5696 1842 5751 3
