3780 6038
53 212 101 265 act

684 212 874 272 t‹1t’ts''rnt..tt.

898 241 931 253 -
953 210 1016 267 tltt.
1044 210 1074 265 l'.
1649 224 1703 278 202

88 334 142 389 cius
155 333 853 402 f'indccineusisnrorrasfeiiilrurraifisscr·uas,rtile·
866 345 893 403 Α
909 344 975 395 stre.
991 352 1073 408 quam
1089 334 1222 392 violenter·
1237 339 1385 408 invaserat,
1402 341 1470 397 ullas
1493 342 1619 399 inducias
1633 361 1702 401 eou-

88 424 213 478 ctionem
224 425 307 479 natet
317 424 351 479 dc
359 424 484 480 irrinticis
494 427 651 481 uictoriam.

89 548 165 603 Sicut
177 548 310 620 quidquid
329 557 371 604 est
386 551 535 605 secundum
564 551 612 606 Dei
631 551 753 606 timorem
778 559 804 606 ct
817 550 849 604 n.

57 636 194 691 Benedicti
211 636 345 709 Regulum
371 654 420 693 vos
431 638 509 695 decet
524 655 538 692 a
553 640 634 694 nobis
660 656 796 711 uruat-ere,
829 646 856 693 et

56 742 104 779 nus
117 740 203 796 super
216 726 269 781 boc
284 725 537 783 libenterobedire:
550 729 590 783 sic
600 729 733 800 qrridquid
744 735 785 783 est
798 729 855 782 Deo
910 776 915 786 .
939 778 944 787 .

57 822 80 869 et
97 822 204 870 sancire
220 814 333 886 Regula
357 817 521 870 contrarium
547 832 599 872 nec
621 816 779 887 dignitatem
805 832 856 871 ve-

56 910 138 956 stram
154 902 269 974 exigere
279 903 368 965 decet,
384 912 411 958 et
426 918 478 958 non
497 907 641 975 superlroc
656 905 733 960 vobis
743 905 857 960 obedire

56 1006 107 1045 non
122 997 237 1061 oportet
260 991 337 1060 253
348 992 442 1045 Parum
465 991 537 1046 enim
553 999 647 1056 etvcs,
665 992 748 1047 etalii
770 993 856 1047 bene-

56 1078 174 1133 factores
196 1079 323 1142 noatri,in
336 1079 456 1147 seruitio,
472 1081 544 1151 qnod
564 1082 619 1135 Uen
636 1081 767 1152 qrrotidie‚
795 1079 858 1136 licet

57 1166 173 1238 indigni,
190 1167 219 1221 in
245 1167 380 1223 missiset
404 1168 576 1224 orationibus
591 1177 616 1224 et
631 1184 782 1240 pauperum
811 1184 859 1222 rc-

57 1256 246 1311 creationibus
265 1256 439 1323 exhibemus,
462 1257 604 1313 corifldere
627 1258 753 1328 potestis,
783 1265 858 1327 post-

57 1360 135 1416 quem
152 1359 169 1399 e
184 1345 265 1399 nobis
285 1344 428 1417 Regulam,
453 1345 603 1401 secundum
632 1361 713 1417 quam
742 1344 859 1417 professi

57 1448 164 1497 sumus,
190 1432 316 1489 videritis
344 1433 448 1499 violari,
477 1449 494 1488 a
520 1434 619 1506 quilius
643 1434 753 1489 omnino
778 1434 862 1489 debet

57 1522 214 1577 obseruari.
240 1523 355 1594 llognfis
382 1523 516 1592 itaqucut
546 1523 706 1578 lleinaldum
732 1522 857 1591 Quantal-

59 1609 252 1679 dum(358)in
281 1610 464 1665 obedientiam
491 1611 593 1682 deque
622 1628 684 1666 eum
708 1612 859 1666 amovimus

60 1698 345 1769 remitteremus,quia
355 1707 382 1753 et
392 1699 471 1754 vobis
486 1699 559 1752 utilis
571 1708 628 1754 erat
643 1708 669 1755 ct
683 1700 762 1754 nobis
777 1698 858 1754 ualde
873 1702 900 1761 Β

59 1788 247 1844 necessarius.
267 1787 346 1856 Quod
361 1788 440 1843 vobis
454 1788 528 1842 utilis
543 1796 610 1853 arnt,
627 1788 860 1859 qiriadicitisprc·

60 1877 147 1932 dimus
165 1896 173 1941 ;
198 1876 247 1930 scd
263 1876 323 1947 quie
339 1876 417 1931 nobis
434 1876 611 1931 necessarius
627 1885 708 1943 esset,
726 1876 748 1930 si
768 1875 859 1939 uellet,

60 1965 216 2021 nullatenus
231 1963 398 2019 dubitamus.
408 1964 441 2018 Et
457 1974 558 2035 quanto
573 1964 699 2035 mugisse
710 1964 788 2020 vebis
799 1979 860 2018 csse

60 2054 152 2109 utilem
168 2060 195 2109 et
211 2053 294 2107 nobis
305 2068 369 2107 esse
384 2054 568 2108 necessarium
583 2052 760 2125 agnoscebat,
786 2059 861 2107 tanto

61 2143 187 2200 securius
203 2140 401 2212 turpitudinem
430 2141 612 2211 corporissui
640 2140 778 2196 etenimae
806 2156 862 2195 suae

60 2230 243 2303 perditionem
258 2230 405 2285 exercebat
421 2249 428 2297 ;
444 2229 686 2300 etideoprcfcctus
695 2229 862 2300 temporales

60 2320 241 2391 pretiosiores
264 2333 346 2389 quarn
363 2319 482 2372 animam
495 2317 586 2372 fratris
601 2319 686 2373 nostri
702 2317 792 2374 fecere
808 2332 862 2371 non

62 2409 223 2473 debuimus,
236 2406 272 2461 de
288 2422 340 2479 qua
352 2406 411 2461 sine
425 2407 509 2461 dubio
525 2407 551 2460 iu
566 2406 610 2461 die
624 2406 719 2477 judicii
731 2407 861 2461 rationem

63 2495 193 2551 reddituri
209 2511 316 2550 sumus.
332 2495 412 2550 Nunc
425 2502 516 2550 autem
531 2510 582 2565 pro
592 2495 691 2566 quibus
705 2494 792 2565 culpis
802 2510 862 2548 eum

64 2584 226 2641 adsalutem
240 2583 338 2639 animae
353 2590 380 2638 ct
394 2584 517 2654 corporis
533 2583 572 2637 sui
587 2582 730 2638 nobiscum
759 2582 862 2636 babea-

64 2690 133 2741 mus,
151 2688 203 2729 nec
218 2679 341 2727 vestrum
357 2680 397 2727 est
412 2671 558 2743 inquirere,
575 2686 626 2726 nec
640 2679 766 2726 nostrum
786 2670 863 2725 vobis

61 2763 183 2834 amplius
198 2762 318 2831 aperire.
335 2760 389 2816 Sed
400 2775 463 2815 cum
477 2761 512 2815 ad
527 2776 649 2831 praescus
661 2760 696 2815 ad
707 2768 799 2830 partes
814 2775 862 2814 sc·

61 2857 134 2906 stras
149 2850 316 2915 venerimus,
333 2848 467 2920 quidquid
478 2848 627 2904 secundnm
644 2850 729 2903 baum
745 2856 770 2903 et
786 2848 863 2903 ordi·

59 2952 122 2991 nem
137 2942 266 2991 nostrum
281 2949 296 2987 a
312 2932 391 2987 uobis
406 2932 548 3004 petieritis,
579 2932 694 2988 libenter
713 2931 857 2988 faciemus.

60 3023 165 3087 l'alete,
182 3029 209 3078 et
224 3022 259 3077 dc
274 3036 341 3076 cura
365 3020 517 3075 animarum
544 3020 622 3076 nobis
649 3020 857 3076 commissarum

59 3128 106 3167 vos
120 3109 304 3166 intromittere
319 3109 413 3165 nolite.
423 3109 563 3165 llellernus
577 3110 648 3164 enim
665 3108 796 3180 ‹pirirlqnid
812 3117 854 3164 est

59 3199 213 3272 temporale
228 3199 353 3254 amittere
376 3213 457 3270 quarn
482 3197 630 3267 cuiuslibet
660 3196 750 3253 fratris
773 3198 858 3253 nostri

59 3290 179 3345 animem
194 3288 412 3344 consentiremus
426 3288 529 3359 perire.

272 3413 356 3481 254
376 3408 546 3465 EPISTULA
566 3407 643 3464 XIX.

61 3520 218 3578 fiuilfelmo
228 3520 356 3574 nunctiant
363 3519 491 3574 resilitum
502 3518 677 3588 mapistracl
688 3515 858 3571 rrulrilissirno

94 3611 160 3665 itaet
169 3604 533 3681 ,tputtauorunudoffrtdus
546 3605 858 3660 l'r'nrfnciucusistriariu-

94 3699 177 3754 sterii
185 3696 331 3763 seruus,iu
336 3695 473 3767 presenti
481 3694 513 3749 dc
525 3693 651 3749 inimicis
663 3694 820 3757 nictaricrn,
831 3694 858 3746 cf

95 3788 233 3857 infulare
242 3786 364 3855 pierium
382 3784 596 3855 senrpiferrraaa.

91 3901 254 3958 Meminisse
268 3898 359 3968 debet,
376 3898 477 3971 optimc
504 3898 643 3969 princeps,
673 3904 767 3952 vestra
792 3910 857 3966 pru·

58 3992 162 4057 dentis,
177 4004 228 4046 nos
243 3987 353 4045 domino
367 3986 459 4042 abbati
475 3986 509 4043 de
525 3993 618 4042 sancto
639 3986 744 4041 foanue
772 3982 855 4054 (359),

57 4079 93 4137 de
105 4077 241 4153 querelis,
257 4092 327 4150 quas
338 4076 470 4133 adversus
485 4075 561 4130 illum
580 4073 761 4139 habebamus,
790 4087 856 4143 prc-

57 4183 152 4225 amore
167 4174 262 4223 vestro
277 4166 422 4223 terminum
443 4163 562 4230 dedisse,
580 4178 635 4220 uon
650 4162 684 4218 de
707 4171 783 4218 terra
808 4176 857 4217 nc·

58 4360 288 4427 bicGnillfemus,
312 4364 340 4414 ut
355 4358 456 4415 dicium
476 4365 517 4414 est
543 4356 593 4411 lib.
618 4358 638 4426 ι)
667 4355 852 4428 antiquissimu

908 423 1038 480 cessisse.
1055 424 1131 479 Unde
1145 426 1179 478 ad
1208 426 1366 497 episcopum
1396 430 1608 499 santonensem,
1622 434 1704 504 cujus

905 511 1009 581 judicio
1017 528 1047 567 se
1059 512 1133 566 illam
1149 513 1255 584 cepisse
1270 516 1420 581 asserebat,
1435 519 1618 588 perreximus.
1632 530 1658 576 et
1666 522 1704 576 ibi

908 616 956 671 per
970 615 1002 655 os
1013 600 1137 669 ejusdcm
1162 602 1283 674 episcopi
1297 603 1399 658 nullum
1416 605 1480 661 inde
1497 607 1596 663 lenitum
1619 609 1704 665 fuisse

904 687 1037 759 judicium
1052 689 1187 745 veraciter
1202 692 1434 762 cognovimuslit
1448 693 1511 750 ideo
1527 695 1600 767 quob
1610 697 1645 751 ab
1657 697 1704 752 illo

909 784 1008 845 injuste
1021 785 1215 848 praesumptum
1244 778 1341 847 luerat,
1371 783 1502 840 canonico
1531 784 1652 856 episcopi
1679 795 1706 841 et

909 864 1075 920 clericorum
1090 865 1149 934 ejus
1171 866 1275 933 judicio
1291 868 1395 924 irritum
1421 871 1527 927 facturn
1543 882 1587 927 est
1598 883 1625 930 et
1652 889 1706 929 va-

909 967 1004 1009 cuum.
1026 954 1079 1007 lfos
1093 962 1196 1019 autem,
1219 955 1275 1009 dux
1289 957 1350 1011 ritae
1362 957 1515 1025 laudabilis,
1546 977 1627 1031 quem
1642 977 1707 1017 eor-

911 1042 988 1112 poris
1003 1042 1204 1113 pulcbritudine
1223 1060 1305 1115 super
1333 1045 1402 1101 alios
1428 1048 1499 1103 Deus
1513 1049 1654 1105 bonoravit
1679 1050 1706 1104 in

911 1130 1022 1197 arundo,
1039 1138 1067 1185 ut
1081 1131 1300 1204 ipse,speciccas
1311 1135 1404 1203 sortita
1417 1152 1477 1207 prce
1486 1136 1708 1205 filiielranrirram

910 1218 998 1291 (Psoi.
1016 1233 1091 1286 κων,
1109 1220 1145 1284 3),
1161 1218 1306 1289 pulchrum
1321 1230 1348 1278 et
1371 1238 1501 1295 maguum
1517 1240 1568 1280 vos
1583 1224 1665 1281 faciat
1678 1227 1707 1281 in

911 1307 993 1373 curlo,
1022 1307 1216 1363 monasterium
1246 1317 1380 1378 nostrum,
1411 1312 1483 1382 quod
1511 1312 1539 1366 iu
1564 1314 1626 1382 jure
1646 1331 1707 1382 suo,

911 1402 1021 1466 sumptu
1036 1411 1086 1451 suo
1099 1404 1227 1467 parentes
1237 1398 1478 1456 vestribonorifice
1487 1410 1706 1469 construxerunt,

912 1484 1074 1538 exhonorari
1086 1485 1129 1538 vel
1144 1485 1226 1540 rebus
1241 1486 1298 1540 suis
1313 1487 1397 1541 minui
1423 1488 1577 1545 nullatenus
1592 1490 1708 1561 permit-

912 1571 987 1626 tatis.
1008 1572 1063 1627 lloc
1078 1572 1099 1626 si
1116 1571 1243 1639 feceritis,
1260 1576 1409 1631 uerendum
1424 1578 1503 1632 vobis
1518 1586 1603 1633 estne
1617 1594 1710 1634 asan-

914 1660 964 1716 ctis
978 1660 1083 1731 angelis
1099 1662 1256 1731 perentibus
1277 1664 1374 1718 uestris
1390 1665 1424 1720 sit
1439 1666 1608 1730 nuntietum3
1625 1676 1650 1721 et
1666 1684 1712 1723 eo·

914 1759 972 1799 rurn
984 1745 1088 1797 animes
1103 1747 1193 1800 tristes
1209 1747 1340 1813 reddatis,
1353 1749 1398 1819 qui
1414 1765 1461 1803 eos
1476 1750 1713 1820 potiuslaetilrcare

914 1832 1057 1887 debuistis.
1077 1834 1159 1903 255
1176 1834 1203 1889 Si
1219 1835 1322 1889 olimin
1336 1836 1427 1909 aliquo
1443 1841 1517 1909 (360)
1532 1854 1582 1894 nos
1593 1839 1710 1906 lusistis,

914 1929 1060 1984 bominum
1072 1929 1158 1985 Deum
1170 1930 1268 2001 quibus
1284 1932 1406 1988 valemus
1415 1934 1544 2005 precibus
1553 1950 1710 2006 exoramus,

914 2017 1022 2073 utillud
1037 2018 1114 2074 uobis
1125 2019 1258 2088 perdonet
1273 2019 1345 2076 dono
1360 2038 1416 2078 suae
1431 2022 1549 2092 pietatis,
1567 2034 1594 2079 et
1606 2025 1642 2081 de
1652 2042 1710 2081 om·

914 2106 1006 2172 nibus,
1023 2122 1083 2178 quse
1098 2107 1190 2163 illicite
1205 2109 1389 2178 commisistis,
1413 2126 1461 2166 cor
1474 2112 1606 2183 penitens
1633 2115 1711 2171 uobis

916 2194 1026 2260 tribuat,
1043 2202 1070 2250 et
1085 2211 1151 2267 crgo
1165 2212 1271 2262 omnes,
1295 2207 1321 2254 ct
1335 2214 1403 2270 erga
1426 2216 1476 2256 nos
1492 2201 1609 2258 maxime
1638 2219 1712 2274 porse

916 2283 1056 2339 charitatis
1070 2283 1177 2340 uiscera
1193 2301 1241 2342 ros
1257 2286 1359 2342 babere
1374 2290 1514 2344 concedet.
1539 2290 1583 2346 Ad
1596 2307 1645 2347 vos
1661 2308 1711 2348 re-

915 2371 986 2437 nire,
1001 2372 1044 2424 vir
1058 2374 1214 2428 venerande
1229 2390 1278 2445 per
1289 2376 1393 2442 orbem,
1409 2376 1534 2433 volirntas
1547 2387 1642 2434 nostra
1657 2381 1710 2435 mi-

916 2459 989 2515 nime
1008 2460 1167 2526 distulisset,
1194 2463 1216 2517 si
1241 2478 1336 2519 renum
1365 2462 1507 2521 infirmitas
1535 2468 1713 2525 cumdolore

914 2548 1006 2603 leteris
1024 2565 1077 2604 non
1094 2550 1254 2608 obstitisset.
1269 2554 1303 2607 Et
1317 2552 1380 2625 quia
1394 2570 1438 2610 me
1467 2556 1619 2612 necessitas
1639 2558 1712 2613 deti-

916 2646 972 2703 net,
989 2653 1043 2692 nou
1057 2638 1191 2701 voluntas.
1207 2641 1318 2696 humilis
1346 2642 1436 2708 amici,
1453 2643 1508 2699 imo
1522 2646 1594 2701 servi
1616 2648 1711 2716 vestri,

917 2726 1122 2783 excusationem
1146 2728 1291 2799 diligenter
1318 2730 1443 2802 recipere
1470 2731 1597 2804 dignetur
1621 2743 1714 2792 vestra

917 2812 1078 2869 sublimitas.
1099 2814 1175 2872 Vale.

1183 2956 1352 3013 EPISTULA
1376 2959 1443 3014 XX.

874 3059 898 3121 C
914 3067 1021 3124 Glorisc
1032 3084 1064 3122 aa
1079 3069 1232 3124 venarabili.
1242 3071 1450 3142 rlqttifancruru
1463 3071 1529 3130 duci
1549 3075 1711 3146 duillelma,

951 3155 1092 3229 Gadi-idas
1106 3158 1317 3215 Viadocirtcnsis
1334 3163 1502 3218 inonasferii
1518 3164 1635 3222 lrumifia
1655 3183 1713 3223 ser-

949 3262 1008 3313 aas,
1025 3247 1113 3302 Deum
1123 3248 1234 3313 fircera,
1244 3251 1346 3305 etcum
1360 3249 1601 3324 fimoredifipere.

949 3370 989 3424 De
1005 3369 1110 3425 bonore
1124 3377 1150 3425 et
1165 3369 1279 3426 utilitate
1294 3379 1386 3428 vestre
1398 3373 1546 3444 plurimum
1566 3377 1709 3447 sollicitus,

912 3458 1014 3528 optimc
1029 3458 1168 3529 princeps,
1185 3460 1284 3515 ruendo
1296 3461 1373 3517 vobis
1386 3469 1426 3529 ut,
1443 3464 1464 3518 si
1477 3464 1593 3521 Romam
1601 3468 1711 3526 mittere

913 3546 1028 3613 debetis
1046 3547 1114 3601 sicut
1130 3547 1193 3602 olim
1205 3563 1309 3604 mecum
1321 3550 1387 3605 estis
1407 3552 1524 3616 locutus,
1541 3554 1615 3611 nullo
1629 3559 1711 3615 modo

912 3632 1045 3690 differatis
1068 3635 1189 3691 ulterius.
1207 3637 1320 3693 l‘aratus
1344 3655 1402 3695 som
1418 3641 1491 3697 enim
1506 3643 1541 3698 de
1556 3644 1609 3702 boc
1632 3647 1710 3703 vobis

911 3724 1056 3780 consilium
1067 3732 1094 3780 et
1105 3724 1242 3793 auxilium,
1256 3727 1329 3797 ctrod
1344 3729 1440 3784 melius
1459 3739 1564 3801 potero,
1581 3732 1657 3801 dare,
1683 3744 1710 3791 ct

911 3827 962 3883 pro
978 3813 1056 3886 regni
1067 3814 1151 3869 vestri
1167 3816 1398 3887 augmentatione,
1408 3832 1471 3873 cum
1483 3836 1536 3876 uno
1546 3821 1592 3877 vel
1602 3822 1710 3880 duobus

911 3901 946 3956 de
960 3900 1073 3957 clericis
1089 3902 1188 3958 vestris
1204 3910 1306 3958 tautum
1321 3903 1441 3961 laborem
1456 3909 1559 3965 subire.
1574 3909 1653 3979 Quod
1668 3912 1709 3969 la·

911 4002 975 4043 cere
989 4001 1039 4042 nec
1049 4001 1163 4056 possum
1178 4002 1229 4043 nec
1241 3987 1340 4054 debeo,
1355 4005 1406 4046 nec
1417 4006 1466 4047 vos
1476 3993 1588 4066 exigere
1601 3996 1707 4053 debetis

912 4076 970 4131 sine
984 4075 1066 4146 digne
1081 4076 1312 4132 remuneratione.
1343 4078 1419 4134 ttanc
1429 4079 1464 4134 ad
1478 4096 1599 4152 praesens
1614 4100 1707 4140 remu-

910 4164 1079 4219 nerationem
1089 4178 1190 4235 quaero,
1200 4172 1230 4220 ut
1243 4166 1466 4237 consuetudines,
1480 4172 1703 4244 sauciantisnes,

910 4357 963 4413 Hic
991 4372 1095 4413 sermo.
1129 4357 1312 4414 Posteriorem
1328 4360 1396 4418 benc
1423 4361 1471 4417 illa
1489 4363 1704 4437 subsecundat,

57 4434 106 4489 fuit
121 4435 264 4505 possessio
279 4449 287 4495 ς
303 4437 479 4486 accesserunt
494 4437 587 4499 postea
602 4429 750 4499 conjugum
766 4428 852 4482 bene-
868 4419 894 4479 D
909 4429 971 4500 quie
986 4429 1145 4499 episcopum
1159 4429 1262 4484 interea
1272 4441 1447 4500 convenerat,
1463 4439 1490 4490 el
1504 4445 1595 4494 tamen
1607 4455 1702 4496 renum

57 4502 122 4561 licio
136 4504 255 4577 primum
270 4500 426 4572 Aquitaniae
440 4500 566 4562 ducatus,
581 4499 683 4554 deinde
701 4498 848 4563 vasconiae,

55 4578 110 4632 boe
124 4582 168 4632 est
181 4573 283 4630 ueteris
292 4571 406 4626 tatiane
420 4571 459 4626 cis
473 4570 639 4625 Garumnam
651 4569 854 4642 Aquitanicae·

58 4647 182 4702 mitatus.

94 4720 172 4789 (³58)
188 4710 618 4781 floinaldquucrtafdum.Sic
633 4709 714 4766 etiarn
734 4709 855 4766 nominat

56 4786 401 4915 {tddbt‘ttbtll's
410 4781 854 4923 ll·stutltdtrstfttdlt

57 4930 102 4987 bic
116 4928 279 4991 flainaldus,
296 4941 396 4980 namen
410 4924 563 4993 supprimit.
581 4923 642 4991 Quo
660 4923 781 4978 modoet
796 4924 853 4987 luc,

57 5001 143 5073 epist.
164 5003 226 5054 163.
243 4995 359 5054 Goll'ridi
382 4994 467 5051 nostri
495 4994 687 5050 consultationi
710 4995 744 5049 de
771 4994 855 5048 altera

57 5072 178 5145 quiedam
190 5067 347 5126 obedientia
366 5065 545 5136 respondens,
563 5065 702 5135 propriam
717 5066 775 5133 eius
803 5079 854 5135 ap·

56 5144 235 5215 pelletionem
246 5137 361 5195 reticuit.
377 5136 418 5192 Ile
431 5137 578 5200 mnaacbo,
594 5135 688 5208 inquit,
705 5137 755 5191 illo
774 5152 855 5206 quern

53 5215 224 5286 juramento
232 5208 435 5267 constrinxisti
445 5224 479 5262 ae
487 5208 564 5263 affro
574 5207 654 5262 illam
664 5207 856 5262 adruirrisfra-

58 5290 101 5343 ref
115 5283 306 5341 obedientiam
319 5295 405 5352 cuum
419 5277 589 5350 aliquandiu
598 5278 652 5333 sibi
668 5280 857 5345 usurpaverat

56 5349 507 5430 periaobedienfianr,cansitium
520 5364 614 5404 meum
631 5351 715 5403 catat
734 5349 857 5404 alterius

59 5443 122 5485 eam
135 5440 197 5482 aaa
212 5420 405 5493 catenaque
423 5419 509 5476 ettttt
527 5422 599 5474 esset
624 5419 810 5475 criminosam
829 5423 858 5475 et

59 5497 172 5555 caeteris
200 5494 327 5549 ratribus
340 5491 502 5547 ruinosum.

95 5568 174 5639 (359)
225 5564 302 5621 mter
315 5562 451 5619 adbdfde
462 5560 494 5619 8.
512 5558 635 5617 tonum.
655 5560 856 5632 angeriacensi

62 5636 193 5695 Uecrico.
209 5634 269 5691 lloc
280 5632 391 5699 facium,
405 5646 466 5705 qtroe
480 5630 589 5703 scripsit
602 5630 795 5705 lib.1u,episf.
812 5634 855 5698 36,

61 5712 95 5767 ad
106 5703 277 5769 bmoulfum
286 5703 445 5777 episcopum
452 5702 662 5770 Sautcuensem,
672 5702 768 5777 dequo
776 5703 857 5762 etiam

185 5803 318 5901 Uareni..
332 5798 453 5891 davd,

907 4500 994 4556 edbuc
1003 4499 1124 4555 dolorem
1137 4509 1273 4563 causatur,
1284 4517 1337 4573 quo
1353 4513 1472 4561 retentus
1486 4505 1641 4582 fuerat,quo
1651 4513 1701 4567 mi-

907 4587 959 4626 nus
974 4580 1029 4624 tum
1039 4571 1073 4626 ed
1087 4572 1246 4642 episcopum
1261 4572 1325 4627 iret.

944 4642 1001 4711 (³6)
1018 4644 1048 4699 Si
1061 4643 1129 4698 olim
1140 4645 1170 4698 iu
1185 4645 1279 4716 atiquo
1301 4645 1485 4702 aosfoesisfis.
1502 4649 1573 4705 Cum
1602 4651 1701 4707 Olero-

907 4712 1181 4768 nensemecclesiam
1197 4715 1311 4769 Bernoni
1338 4716 1429 4770 abbati
1459 4722 1556 4788 eripuit
1585 4722 1699 4777 Gollridi

907 4783 1056 4839 decessori.
1069 4782 1128 4852 Qua
1142 4785 1176 4839 de
1191 4801 1221 4839 re
1234 4784 1336 4841 dictum
1347 4786 1396 4840 bb.
1417 4803 1436 4852 r,
1454 4789 1533 4857 epist,
1548 4794 1564 4846 9
1583 4809 1590 4851 ;
1608 4806 1700 4848 verum

909 4853 1012 4910 Urbani
1023 4854 1137 4920 litteras,
1150 4854 1249 4925 quibus
1262 4858 1418 4926 obsequens
1434 4858 1597 4916 Gaillelmus
1608 4863 1700 4918 eccle-

908 4925 978 4979 siam
1006 4925 1133 4991 rcstituit,
1150 4924 1186 4980 ub
1214 4925 1266 4980 alia
1282 4928 1361 4980 etiem
1379 4944 1439 4999 quae
1467 4930 1501 4984 de
1515 4929 1562 4985 illo
1589 4932 1703 5004 ejusque

909 5006 988 5066 patre
1004 5005 1105 5060 narret,
1122 5011 1213 5066 operae
1228 4997 1382 5051 esteudirc.
1403 4998 1447 5054 Sic
1461 4999 1545 5072 igitur
1559 5003 1659 5059 hubent
1674 5005 1702 5061 iu

908 5066 1042 5122 tabulario
1054 5066 1248 5122 vindocinensi
1265 5081 1271 5119 :

982 5138 1085 5194 Urbani
1098 5139 1122 5193 ll
1131 5136 1168 5192 ad
1185 5136 1368 5192 Guitfelmum
1378 5140 1538 5210 Aquitanica
1548 5144 1661 5202 ducem.

946 5227 958 5258 ι
987 5207 1111 5263 Urbanus
1126 5207 1281 5278 episcopus,
1297 5223 1395 5263 serras
1415 5227 1559 5269 servorum
1572 5217 1633 5283 Dei,
1657 5219 1702 5275 di·

910 5277 980 5333 lecto
994 5275 1051 5332 lilio
1066 5278 1212 5334 Guillelmo
1235 5278 1441 5336 Pictavieusium
1456 5286 1558 5353 comiti,
1588 5289 1703 5347 salutem

909 5358 935 5403 ct
949 5349 1127 5419 apostolicam
1141 5348 1372 5406 benedictionem.
1400 5352 1479 5424 Saepe
1492 5364 1565 5410 tuam
1582 5358 1703 5417 indolem

909 5420 1141 5486 commonuimus,
1158 5427 1185 5473 ut
1200 5421 1307 5492 egregii
1323 5422 1452 5495 principis
1467 5428 1551 5496 patris
1566 5429 1603 5483 tui
1618 5430 1704 5488 dero-

909 5488 1009 5570 tiopem
1024 5500 1108 5562 atque
1117 5489 1288 5562 prudentiam
1298 5491 1423 5549 imiteris.
1448 5496 1508 5566 lpse
1522 5498 1701 5572 principatus,

911 5575 953 5641 sur
963 5562 1094 5617 ecclesias
1103 5560 1282 5618 devotissime
1312 5562 1406 5631 coluit,
1422 5566 1513 5636 plures
1541 5569 1625 5627 rebus
1648 5574 1705 5629 suis

910 5630 1016 5699 ditavit,
1031 5648 1115 5690 nouas
1126 5631 1208 5688 etiam
1222 5649 1240 5690 a
1254 5633 1437 5691 fundamentis
1460 5638 1608 5696 exstruxit.
1629 5645 1669 5699 Ue
1680 5650 1708 5696 te

911 5717 979 5762 vero
994 5703 1138 5774 miramur,
1153 5704 1204 5780 qui
1217 5721 1281 5764 cum
1292 5705 1353 5764 aliis
1363 5706 1443 5763 bonis
1457 5709 1725 5780 studuerimus

1595 5803 1634 5888 Ἰ,
