3780 6044
78 252 133 309 937

541 245 832 305 nertotartortas
846 246 896 303 SS.
921 248 1079 313 ramum.
1098 279 1133 293 -
1146 249 1215 306 Llll.
1235 247 1260 305 1.

1677 258 1729 311 9³8

78 373 141 431 vide
154 386 240 448 quam
255 372 325 430 bena
337 371 421 430 oleat.
440 370 528 427 Gusta
551 380 578 427 ει
602 370 667 427 vide
695 387 779 443 quam
807 371 877 428 bene
893 373 921 438 Α
935 380 1057 429 nostram
1072 374 1193 430 innubis
1208 390 1258 446 per
1272 374 1361 445 ipsum
1377 375 1491 431 salutem
1504 393 1661 447 operemur,
1675 388 1729 435 tres

79 462 178 534 sapiat,
194 471 277 532 tange
291 469 318 517 ει
334 461 395 518 vide
410 461 576 533 quambene
591 462 688 517 caleat.
706 461 784 518 Unde
795 471 819 517 et
835 462 879 518 bic

81 550 215 607 Dominus
229 550 317 624 iuquit
333 567 340 607 ε

121 687 132 717 ι
149 667 223 725 lnfer
236 667 355 740 digitum
373 675 448 723 tuum
462 667 525 734 huc,
541 674 569 724 et
583 667 645 724 vide
659 682 756 723 manus
767 683 876 731 meast

82 753 136 809 hoc
150 760 289 824 esttange
304 761 329 808 et
354 752 425 808 vide.
450 752 521 808 Vidit
545 768 613 823 ergo
638 752 811 807 solummodo
834 752 879 805 iu·

82 843 196 911 tuendo,
213 840 272 899 sive
286 839 369 899 etiam
386 841 533 914 tangendo.
550 842 609 898 Diei
624 842 696 897 euim
712 849 802 911 potest
825 855 880 896 uon

83 945 182 987 aueum
196 940 260 986 tuuc
284 930 368 986 fnisse
391 929 557 1001 discipulum
581 938 693 1001 tangere
715 929 875 985 Dominum.

72 1019 145 1077 ⁴Nou
159 1019 232 1075 euim
247 1019 438 1090 scriptumest
453 1037 461 1075 ι
477 1017 575 1091 Tetigit
590 1017 720 1085 Thomas,
743 1017 793 1073 sed
816 1016 881 1088 quia

82 1107 150 1166 vidit
163 1116 190 1164 et
205 1107 330 1164 credidit.

106 1229 118 1256 ι
131 1206 206 1263 Beati
215 1206 262 1279 qui
273 1221 327 1262 uon
341 1205 502 1263 videruntet
514 1204 699 1262 crediderunt.
713 1225 724 1255 ι
737 1203 882 1259 Commen-

83 1293 130 1352 dat
144 1293 226 1351 fidem
240 1295 378 1369 gentium,
394 1294 443 1350 sed
459 1294 590 1366 praeteriti
606 1292 737 1365 temporis
752 1307 816 1347 usus
839 1297 882 1346 est

82 1384 178 1440 verbis
193 1392 221 1440 ut
235 1384 282 1440 ille
296 1385 342 1456 qui
358 1384 385 1439 id
400 1383 547 1456 quoderat
562 1382 686 1438 futurum
703 1381 730 1436 iu
753 1396 803 1436 sua
828 1396 881 1448 uo·

84 1480 163 1529 verat
181 1472 420 1545 predestinatione
442 1472 499 1542 iam
524 1469 639 1528 iactum.
667 1469 816 1526 Sciendum
840 1474 883 1523 est

83 1560 162 1617 illum
177 1576 241 1619 vera
255 1561 370 1617 credere
385 1561 431 1632 qui
446 1557 528 1617 helem
542 1559 660 1632 complet
674 1573 770 1630 opere.
788 1557 829 1613 De
839 1555 881 1611 his

83 1649 239 1723 cutemqui
268 1648 350 1706 fidem
378 1648 491 1706 nomine
518 1656 597 1705 tenus
624 1649 751 1713 retinent,
780 1645 880 1701 Paulus

933 472 993 527 dies
1007 473 1094 528 dedit.
1114 472 1166 541 Qui
1182 481 1240 528 tres
1252 474 1322 536 dies,
1339 474 1422 529 etiam
1444 474 1470 527 in
1501 476 1547 530 illa
1575 492 1637 542 avve,
1667 495 1728 549 qum

934 562 1043 632 phoeuix
1054 562 1216 634 appellatur,
1223 562 1416 633 designantur.
1429 566 1469 620 De
1479 580 1535 634 qua
1545 566 1610 622 dicit
1619 567 1729 638 physio·

933 657 1014 727 logos
1029 659 1103 729 quia,
1119 674 1181 713 cum
1200 658 1357 728 impleverit
1376 659 1472 715 decem
1488 676 1573 716 annos
1585 661 1646 717 vitre
1660 679 1728 730 strae,

933 747 1017 801 intret
1031 747 1058 801 in
1074 747 1149 818 ligna
1163 747 1268 816 libani,
1289 757 1316 802 et
1342 748 1428 818 replet
1456 749 1552 804 ambas
1580 750 1637 804 alas
1666 768 1730 806 suas

933 836 1053 891 diversis
1067 836 1235 891 aromatibus
1249 836 1373 905 ejusdem
1389 837 1465 908 ligni,
1482 837 1639 911 faciensque
1651 841 1732 896 variis

934 931 968 987 de
983 931 1130 1004 pigmentis
1145 933 1248 998 nidum,
1261 941 1415 1005 congregat
1430 944 1633 991 sarmentorum
1649 952 1731 992 acer-

934 1037 997 1076 vum
1014 1020 1173 1088 maximum,
1189 1020 1239 1076 sub
1264 1022 1377 1077 domum
1401 1037 1516 1094 ponens,
1543 1024 1730 1097 accedensque

933 1110 970 1166 ad
985 1124 1090 1176 aerem,
1107 1109 1173 1165 solis
1187 1110 1279 1182 iguem
1294 1112 1402 1166 attrahit
1429 1127 1523 1168 seeum
1551 1122 1578 1168 et
1606 1114 1727 1170 incendit

934 1213 1080 1271 sarmenta,
1093 1220 1125 1260 ac
1140 1204 1293 1277 ingreditur
1307 1205 1399 1260 nidum
1421 1221 1500 1261 suum
1523 1223 1617 1262 mense
1631 1209 1730 1265 illartio

934 1301 961 1349 et
974 1293 1110 1349 comburit
1123 1309 1153 1348 se
1167 1293 1267 1363 ipsum,
1282 1302 1308 1349 et
1320 1293 1391 1350 cinis
1406 1295 1494 1365 primo
1508 1296 1555 1351 die
1570 1297 1686 1353 vertitur
1700 1297 1728 1353 in

935 1397 1065 1448 vermem,
1082 1382 1261 1439 seeundadie
1289 1381 1317 1436 in
1345 1381 1495 1450 volucrem,
1526 1384 1603 1439 tertia
1631 1385 1676 1442 die
1703 1388 1731 1442 iu

934 1470 1077 1541 pristinum
1092 1479 1203 1527 statum.
1219 1470 1267 1527 llic
1279 1471 1373 1542 itaque
1388 1472 1508 1542 phoenix,
1524 1473 1570 1545 qui
1590 1484 1652 1545 post
1668 1476 1729 1531 lou-

934 1582 999 1640 gam
1014 1574 1122 1624 aetatem
1137 1569 1231 1624 decem
1246 1583 1378 1624 annorum
1390 1569 1455 1640 igue
1469 1571 1639 1626 consumitur
1653 1573 1680 1626 in
1695 1575 1732 1630 ci·

935 1671 1039 1724 nerem,
1051 1671 1084 1712 ac
1093 1656 1193 1712 deinde
1205 1657 1316 1712 vertitur
1326 1656 1355 1711 iu
1366 1673 1498 1723 vermem,
1518 1666 1546 1713 ει
1561 1669 1731 1729 postremum

83 1739 171 1796 dicit:
191 1762 202 1789 ι
219 1737 392 1796 Confitentur
405 1754 436 1794 se
458 1753 541 1793 nosse
564 1737 663 1805 Deum,
688 1734 765 1791 factis
788 1741 881 1790 autern
895 1733 922 1794 B
938 1752 1105 1801 restauratur
1119 1744 1147 1799 in
1168 1752 1268 1800 starum
1291 1745 1420 1816 priorem,
1444 1745 1571 1818 designat
1597 1748 1674 1804 illum
1698 1752 1733 1808 de

84 1834 188 1901 negant
202 1829 270 1899 (Tit.
286 1829 320 1897 ι).
341 1851 352 1876 ιι
366 1826 540 1883 litlaeobus:
554 1849 565 1874 a
578 1824 658 1881 Fides
669 1823 741 1880 minc
752 1822 883 1896 operibus

86 1923 251 1974 mortuaest
267 1917 339 1989 (fac.
356 1916 401 1988 ιι).
424 1938 435 1963 ι

125 2038 136 2065 ιι
153 2014 235 2071 blulta
250 2015 361 2088 quidem
377 2020 403 2070 et
417 2012 472 2069 alia
487 2011 566 2086 signa
582 2009 647 2068 fecit
660 2012 740 2067 lesus
762 2009 789 2065 iu
814 2024 884 2066 con·

87 2112 183 2178 speetu
198 2104 394 2177 discipulorum
409 2117 530 2166 suorum,
547 2117 609 2173 quae
623 2116 679 2155 non
693 2098 794 2169 scripta
818 2099 886 2152 suut

87 2192 197 2250 inlibro
211 2193 275 2250 boc.
291 2193 355 2248 Haec
369 2201 460 2247 autem
488 2189 591 2261 scripta
619 2195 682 2244 suut
711 2195 737 2242 ut
764 2184 886 2243 credatis

87 2282 149 2356 quia
163 2282 242 2338 lesus
256 2288 299 2337 εει
313 2280 438 2336 Christus
454 2278 540 2335 Pilius
554 2278 614 2344 Dei,
637 2286 662 2333 et
687 2285 714 2332 ut
738 2273 886 2332 credentes

88 2370 169 2428 tritam
183 2370 308 2426 habeatis
322 2368 349 2423 in
365 2368 475 2425 nomine
490 2367 561 2436 ejus.
581 2391 591 2414 n
608 2364 695 2429 Quasi
717 2363 799 2419 linem
823 2362 887 2418 libri

87 2459 164 2533 ponit
179 2458 348 2530 evangelista
363 2457 397 2514 ad
413 2471 542 2528 magnam
557 2453 824 2512 commendationem
839 2467 887 2506 sa·

87 2547 221 2605 crementi
236 2553 372 2603 secuturae
388 2544 566 2613 narrationis,
582 2542 687 2600 faciens
702 2543 726 2599 ei
748 2541 887 2614 quodam-

87 2636 171 2694 modo
185 2633 394 2693 eminentiorem
409 2634 514 2690 locum.

230 2801 351 2861 SERMO
371 2802 409 2859 ΙΝ
428 2801 569 2859 ocrtvt
590 2800 744 2858 PASCHAE.

109 2997 111 3000 ,
124 2948 192 3005 Tres
205 2946 266 3004 dieu
280 2953 345 3002 sunt
358 2943 504 3001 invisibilis
518 2944 598 3010 lucis,
615 2942 715 3015 quibus
738 2942 890 2997 illustratur

89 3037 206 3094 interius
234 3035 365 3108 spiritalis
393 3033 456 3090 vitae
482 3049 592 3090 cursus.
620 3032 726 3088 Primus
753 3031 813 3087 dies
847 3036 891 3085 cst

88 3126 180 3194 timor,
197 3123 411 3181 secuudusdies
433 3131 475 3179 est
498 3121 611 3185 veritas,
638 3120 733 3177 tertius
759 3119 819 3176 dies
847 3124 890 3174 est

88 3215 223 3274 charitas.
242 3213 350 3269 Primus
366 3212 426 3268 dies
441 3210 704 3268 solemsuumhabet
714 3208 888 3280 potentiam

87 3304 225 3363 secundus
234 3302 320 3359 solem
331 3317 411 3357 suum
423 3301 505 3356 habet
513 3297 792 3370 sapientiem3tertius
803 3296 890 3353 solem

87 3417 168 3458 suum
185 3401 268 3457 habet
283 3399 492 3472 benignitatem.
509 3397 633 3452 Potentia
646 3395 682 3450 ad
698 3395 816 3459 Patrem,
842 3406 890 3448 sa-

88 3490 190 3564 pientia
206 3489 242 3546 ad
257 3489 366 3552 Filium,
381 3487 539 3559 benignitas
554 3484 590 3540 ad
610 3484 740 3555 Spiritum
765 3491 893 3537 sanctum

88 3580 219 3652 pertinet.
232 3577 286 3634 dlii
302 3586 364 3632 sunt
379 3576 439 3631 dies
454 3575 551 3637 nostri,
567 3588 637 3646 quos
659 3573 790 3627 habemus
814 3578 890 3627 erte·

88 3669 172 3738 rius;
197 3667 252 3735 alii,
280 3682 350 3738 quos
373 3664 500 3720 interius.
526 3663 593 3718 Dies
616 3661 702 3718 nostri
724 3660 887 3726 exteriores,

88 3758 171 3835 etiam
186 3772 247 3814 cum
262 3754 397 3823 uolumus,
415 3759 572 3808 transeunt.
586 3751 649 3806 Dies
657 3764 724 3806 vero
732 3748 888 3815 interiores,

88 3855 113 3910 si
127 3854 261 3917 volumus,
277 3852 304 3906 iu
319 3858 451 3906 oeternum
473 3862 638 3919 permanere
662 3854 790 3917 possunt.
816 3845 889 3901 Ecce

89 3952 149 3999 tres
163 3943 222 3998 dies
235 3948 296 3996 suut
308 3957 314 3994 :
326 3939 385 3993 dies
395 3938 512 4002 timoris,
537 3935 582 4007 qui
595 3934 749 3990 manifestat
769 3933 888 3999 malum,

90 4032 151 4087 dies
165 4029 295 4096 veritatis,
311 4027 357 4098 qui
371 4027 461 4081 aufert
474 4024 575 4079 malum
588 4042 595 4091 ;
607 4024 667 4079 dies
682 4022 832 4088 charitatis,
843 4021 888 4093 qui

90 4118 211 4177 restituit
226 4118 336 4174 bouum.
352 4115 418 4171 Dies
434 4112 552 4170 veritatis
566 4111 697 4169 clarificat
712 4112 783 4166 diem
804 4113 888 4166 timo-

90 4210 145 4274 ris;
161 4207 222 4264 dies
243 4203 387 4261 charitatis
412 4202 547 4259 clarificat
571 4209 598 4257 et
625 4200 698 4256 diem
725 4199 834 4254 timoris
863 4204 890 4254 et

91 4298 166 4356 diem
181 4293 316 4361 veritatis,
333 4293 423 4350 donec
446 4289 571 4364 perfecta
594 4288 677 4344 fuerit
704 4287 833 4354 charitas,
863 4293 891 4343 et

91 4396 214 4470 perfecte
229 4390 418 4450 manifestetur
432 4388 521 4446 omnis
537 4387 649 4456 veritae,
665 4394 690 4445 et
706 4386 786 4442 timor
801 4401 890 4457 poeuae

91 4491 248 4542 transeatur
262 4483 291 4537 iu
311 4481 434 4536 timorem
458 4477 629 4533 reverentiae.
655 4477 696 4532 De
722 4475 764 4530 his
792 4475 889 4531 diebus

93 4576 199 4632 locutus
213 4567 490 4639 estOseepropbeta,
502 4565 614 4621 dicens:
633 4585 644 4617 r
664 4563 819 4620 vivificabit
842 4580 892 4620 nos

94 4664 171 4738 prius
185 4661 254 4716 dnos
269 4658 339 4724 dies,
355 4657 384 4711 in
407 4655 452 4711 die
477 4654 557 4711 tertia
580 4652 720 4710 suscitabit
738 4669 789 4709 uos
811 4653 888 4722 (Ore.

95 4754 147 4824 vr).
166 4774 177 4801 a
192 4750 263 4806 Nam
278 4746 396 4819 qualiter
409 4742 542 4799 Dominus
557 4749 652 4798 noster
665 4744 745 4797 lesus
767 4741 892 4797 Christus

94 4857 145 4916 per
158 4836 352 4895 humanitatem
369 4848 450 4905 quam
464 4838 662 4901 assumpserat,
677 4834 756 4886 tertia
776 4830 821 4886 die
846 4845 892 4885 re·

96 4943 214 5001 surgens
228 4942 243 4980 a
258 4922 369 4979 mortuis
385 4921 412 4976 in
425 4937 454 4977 se
471 4936 520 4976 nos
536 4918 714 4975 vivificaverit
729 4926 755 4974 et
777 4917 892 4974 suscita·

95 5017 176 5087 verit,
192 5014 345 5071 audivimus
360 5018 385 5066 et
400 5008 490 5082 gavisi
505 5023 608 5063 sumus.
625 5006 678 5063 Sed
688 5007 801 5080 dignum
812 5007 892 5063 valde

98 5113 140 5164 εει
158 5113 186 5160 ut
205 5114 444 5173 recompensemus
477 5097 503 5154 ei
534 5094 696 5153 beneficium
728 5111 830 5163 suum,
865 5103 892 5152 ει

98 5190 330 5269 quemadmodum
350 5204 400 5245 nos
420 5186 447 5242 iu
467 5185 526 5257 ipso
555 5183 635 5240 tertia
659 5183 704 5240 die
732 5192 893 5250 resurgente

97 5288 344 5360 resurrexerimus,
361 5287 396 5340 ita
410 5291 437 5340 et
445 5299 496 5339 nos
510 5298 560 5355 pro
576 5282 637 5352 ipso
647 5289 673 5337 et
683 5297 733 5353 per
743 5281 832 5352 ipsum
839 5290 895 5338 ter-

98 5382 138 5438 tia
151 5380 196 5435 die
208 5382 396 5449 resurgentes,
413 5371 517 5428 eumin
533 5370 613 5426 uobis
637 5386 787 5444 resurgere
811 5370 896 5427 facia-

99 5485 175 5526 mus.
199 5468 257 5522 Nec
276 5463 446 5522 eredendum
465 5468 504 5516 est
523 5459 624 5532 quina
649 5459 728 5515 nobis
756 5459 809 5514 eibi
837 5459 896 5530 ipse

99 5551 167 5616 velit
181 5552 296 5613 retribui
310 5551 382 5626 quod
391 5549 467 5622 prior
476 5549 536 5621 ipse
552 5548 635 5604 voluit
653 5548 797 5620 impertiri.
823 5548 897 5606 Sicut

101 5663 169 5723 ergo
183 5644 253 5719 ipse,
269 5646 300 5698 ut
314 5648 436 5698 nostram
449 5638 478 5693 iu
492 5654 522 5695 se
537 5644 563 5694 ει
577 5653 628 5709 per
642 5653 672 5694 se
682 5638 901 5711 salutemopera·

102 5753 188 5814 retur,
207 5749 264 5799 tres
284 5739 344 5797 dies
373 5736 475 5795 habere
500 5734 594 5806 voluit,
625 5734 664 5793 ita
689 5742 717 5793 at
734 5735 838 5805 nohis,
869 5741 900 5792 ut

261 5865 392 5930 Parnoi..
408 5860 528 5929 cbvn.

938 1857 992 1912 quo
1008 1842 1167 1913 Propheta:
1186 1866 1197 1890 a
1215 1842 1287 1915 ligo,
1304 1842 1402 1913 inquit,
1417 1859 1478 1897 sum
1500 1845 1602 1900 vermis
1625 1854 1652 1902 et
1676 1864 1734 1904 nou

938 1930 1020 1986 bomo
1034 1931 1124 2000 (Prel.
1144 1934 1211 2000 ιιι).
1230 1953 1242 1979 ι
1258 1931 1311 1985 Cur
1337 1930 1418 1985 tetius
1442 1931 1574 1987 Dominus
1600 1943 1734 1994 creature

939 2019 1086 2074 vermiculo
1100 2035 1131 2074 se
1145 2019 1261 2075 voluerit
1275 2019 1429 2089 comparari
1451 2019 1479 2074 iu
1502 2021 1630 2091 passione
1653 2033 1680 2079 et
1703 2026 1732 2081 in

939 2115 1079 2185 sepultura
1106 2131 1169 2181 sua,
1199 2131 1345 2186 possumus
1374 2117 1425 2172 hoc
1453 2117 1562 2186 quidem
1590 2120 1735 2179 humilitati

940 2202 1066 2273 primitus
1079 2203 1231 2275 assignare,
1248 2209 1478 2274 quesanctorum
1493 2204 1577 2259 virtus
1591 2211 1633 2262 εει
1648 2211 1736 2265 maxi·

941 2306 996 2359 ma,
1013 2292 1082 2347 sieut
1097 2299 1211 2348 sanetus
1221 2292 1329 2364 bfoyses
1339 2294 1498 2347 auteDeum
1509 2293 1609 2348 animal
1625 2311 1655 2351 se
1665 2299 1737 2355 irra-

941 2388 1043 2445 tionale
1057 2387 1200 2461 profitetur
1213 2405 1220 2453 ;
1232 2389 1319 2444 David
1335 2405 1365 2443 se
1379 2389 1497 2460 pulicem
1521 2406 1595 2462 smpe
1620 2408 1739 2451 comme-

942 2489 1031 2535 morat
1043 2495 1050 2532 :
1062 2478 1110 2533 sed
1120 2478 1208 2551 magis
1221 2478 1288 2533 illud
1298 2477 1488 2548 accipiendum
1509 2487 1584 2548 puto,
1610 2484 1739 2552 quoniam

943 2567 1045 2625 vermis
1054 2566 1130 2622 nulla
1145 2567 1313 2623 extrinsecus
1328 2566 1490 2622 admistione
1505 2568 1586 2623 alieui
1600 2575 1737 2644 corporis,

943 2664 992 2720 sed
1007 2665 1041 2719 de
1056 2664 1116 2720 sola
1130 2669 1157 2719 et
1184 2678 1253 2734 pura
1269 2670 1343 2718 terra
1365 2670 1529 2735 procreatur
1545 2682 1552 2718 ι
1575 2666 1637 2722 ideo
1660 2669 1738 2726 illum

943 2761 1128 2823 comparatum
1144 2751 1269 2818 Domino,
1286 2751 1414 2823 quoniam
1429 2758 1456 2807 ει
1474 2751 1535 2822 ipse
1558 2753 1683 2813 Salvator
1704 2758 1739 2815 de

944 2842 1003 2898 sola
1018 2848 1045 2897 et
1058 2857 1127 2913 pura
1136 2840 1219 2895 Maria
1233 2848 1394 2914 generatur.

980 2964 1109 3039 Legimus
1124 2972 1151 3020 ει
1164 2963 1192 3018 in
1209 2962 1286 3018 libris
1302 2964 1389 3036 llovsi
1403 2965 1437 3020 de
1451 2981 1551 3023 manua
1576 2969 1741 3028 vermiculos

944 3070 1107 3134 procreatos
1121 3061 1223 3133 (flend.
1239 3061 1306 3132 ιιι).
1322 3061 1412 3136 Digna
1427 3062 1507 3135 plene
1522 3071 1547 3120 ει
1567 3065 1641 3135 justa
1665 3083 1741 3125 com·

942 3151 1060 3224 paratio.
1078 3150 1221 3222 Siquidem
1238 3150 1272 3206 de
1285 3167 1386 3206 manna
1402 3152 1567 3209 vermiculus
1582 3157 1704 3213 nascitur
1714 3167 1741 3216 et

943 3240 1075 3295 Dominus
1091 3238 1215 3294 Christus
1230 3238 1265 3295 da
1280 3239 1392 3313 Virgine
1408 3249 1582 3311 procreetur;
1602 3243 1666 3314 quin
1690 3262 1739 3317 po·

943 3336 1089 3407 tinsipsam
1099 3335 1212 3390 flariam
1224 3351 1351 3390 mannam
1362 3336 1488 3404 dixerim,
1500 3339 1564 3410 quie
1572 3348 1613 3394 est
1622 3340 1737 3412 subtilis,

944 3425 1095 3496 splendida,
1112 3424 1205 3480 suavis
1221 3432 1247 3480 et
1260 3426 1349 3497 virgo.
1377 3422 1445 3494 Quae
1465 3426 1537 3482 velut
1560 3428 1666 3485 eoelitus
1689 3447 1740 3488 ve·

943 3513 1030 3578 niens,
1047 3513 1152 3568 cunetis
1166 3512 1354 3569 Ecclesiarum
1369 3513 1474 3584 poculis
1489 3515 1580 3570 cibum
1591 3518 1740 3577 dulciorem

943 3610 1025 3666 mele
1039 3609 1163 3666 defluxit.
1185 3609 1236 3680 Qui
1252 3611 1330 3667 cibus
1345 3618 1405 3666 erat
1420 3611 1553 3680 Christus,
1570 3615 1657 3687 quiin
1677 3635 1741 3689 pas·

943 3699 1020 3755 sione
1034 3699 1070 3753 ita
1085 3698 1239 3770 opprobriis
1254 3699 1394 3769 decoetus,
1412 3700 1488 3771 quasi
1502 3702 1529 3756 iu
1554 3718 1674 3760 vermem
1699 3715 1743 3763 εει

943 3787 1082 3844 redactus.
1103 3788 1158 3844 Sed
1173 3803 1245 3844 nunc
1269 3788 1302 3842 ad
1327 3788 1465 3844 historiam
1488 3789 1633 3847 redeamus
1662 3796 1735 3852 avis.

943 3876 1090 3961 Quingenti
1105 3888 1195 3958 itaque
1210 3888 1233 3943 si
1248 3905 1297 3960 per
1321 3889 1454 3945 decenum
1479 3890 1698 3963 multiplicantur,
1723 3914 1741 3952 v

942 3977 1027 4032 millia
1042 3975 1155 4033 faciunt.
1177 3975 1297 4032 Fuerunt
1316 3985 1407 4032 autem
1423 3977 1458 4031 ab
1478 3978 1568 4032 Adam
1588 3996 1674 4053 usque
1702 3984 1738 4040 ad

942 4065 1209 4122 Christumvmillia
1225 4080 1370 4120 annorum.
1402 4064 1463 4134 Quo
1491 4065 1574 4139 longo
1602 4077 1737 4145 tempore,

941 4178 1002 4219 cum
1017 4177 1067 4231 per
1081 4161 1337 4232 praevaricationem
1352 4161 1417 4216 Adae
1428 4177 1497 4233 pene
1510 4163 1627 4220 muudus
1638 4168 1737 4240 deper-

941 4250 994 4306 iret
1008 4253 1090 4315 totus,
1111 4248 1145 4304 de
1169 4249 1284 4321 Virgine
1307 4249 1431 4306 nascitur
1457 4250 1581 4306 Christus
1604 4255 1649 4326 qui
1673 4257 1739 4315 dum

942 4338 1052 4395 duabus
1066 4337 1125 4403 alis,
1140 4337 1190 4393 Dei
1205 4337 1310 4394 scilieet
1322 4337 1467 4397 dilectione
1481 4354 1514 4397 uc
1528 4342 1656 4414 proximi,
1678 4348 1737 4404 eol.

902 4446 929 4508 [ι
944 4435 1466 4509 legissetdiversaaromatasanctarum
1475 4439 1612 4509 virtutum,
1623 4460 1739 4518 compo.

945 4528 997 4581 suit
1011 4526 1065 4580 sibi
1077 4540 1114 4581 ex
1129 4525 1203 4582 eisin
1214 4525 1343 4581 cordibus
1353 4526 1492 4582 hominum
1504 4529 1581 4601 qnasi
1593 4531 1697 4602 nidum,
1710 4537 1738 4593 id

945 4614 1225 4671 estmausiuneulam.
1252 4613 1301 4670 Cui
1328 4614 1392 4669 dum
1420 4631 1528 4672 sacram
1561 4633 1736 4694 supponeret,

945 4710 997 4781 hoc
1012 4716 1052 4764 ost
1066 4707 1174 4763 aridam
1189 4706 1232 4762 vel
1246 4706 1402 4762 mordacem
1417 4706 1603 4765 infidelitatem
1626 4714 1740 4774 fudaeo.

946 4813 1017 4867 rum,
1034 4813 1116 4869 quam
1129 4796 1155 4850 in
1171 4811 1201 4851 se
1216 4795 1351 4851 excitabat
1366 4811 1398 4851 ex
1414 4796 1511 4866 opibus
1531 4798 1645 4866 justitiae
1669 4822 1738 4876 quas

945 4885 1054 4951 fecerat,
1067 4886 1092 4940 in
1102 4894 1204 4940 tantam
1215 4893 1375 4940 exarserunt
1385 4885 1542 4957 nequitiam,
1555 4895 1592 4956 ut,
1604 4889 1631 4943 iu
1645 4909 1740 4955 mense

946 4984 1044 5039 lllartio
1059 4983 1127 5039 feria
1141 4999 1179 5046 vr,
1195 4982 1258 5053 igue
1274 4980 1409 5052 passionis
1424 4998 1487 5037 eum
1502 4997 1704 5059 consumerent,
1714 5002 1740 5051 et

947 5074 1024 5143 quasi
1039 5073 1066 5126 in
1081 5073 1202 5127 cinerem
1218 5076 1350 5135 veterent,
1375 5069 1440 5124 dum
1464 5086 1514 5141 pro
1536 5075 1630 5130 muudi
1654 5081 1742 5140 salute

948 5162 1022 5217 illum
1038 5160 1240 5232 crucifigerent.
1258 5158 1362 5213 Deinde
1376 5157 1403 5211 in
1419 5159 1547 5231 sepulcro
1567 5166 1689 5238 ponitur,
1715 5179 1743 5228 ot

948 5259 1026 5331 quasi
1041 5257 1146 5313 vermis
1161 5257 1188 5311 iu
1201 5264 1284 5325 terra,
1301 5255 1340 5311 sie
1360 5255 1404 5310 die
1432 5258 1555 5314 secundo
1583 5260 1611 5317 iu
1637 5268 1742 5327 tumulo

949 5349 1111 5405 occultatur.
1127 5345 1216 5399 Tertia
1231 5360 1297 5400 vero
1312 5343 1366 5408 die,
1379 5344 1449 5398 sicut
1460 5346 1569 5415 phoenix
1586 5350 1612 5405 iu
1623 5356 1743 5423 priorem

950 5453 1048 5503 statum
1062 5450 1218 5507 renovatur,
1234 5440 1312 5494 itaet
1331 5440 1455 5495 Christus
1473 5443 1509 5499 de
1528 5449 1692 5508 mortalitate
1706 5455 1744 5511 ad

951 5539 1177 5598 immortalitatem
1191 5537 1381 5593 resuscitatur.
1399 5538 1501 5594 Aliter:
1519 5541 1631 5601 Phoeuix
1646 5549 1746 5607 dicitur

954 5643 1065 5707 rubeus,
1082 5646 1108 5694 et
1122 5644 1165 5693 est
1178 5635 1304 5692 Christus
1319 5635 1413 5707 dequo
1423 5635 1521 5693 dicitur
1532 5658 1539 5694 :
1551 5662 1562 5688 tt
1574 5640 1755 5709 0053&qu

954 5732 1001 5805 qui
1023 5727 1146 5788 resitue
1173 5726 1283 5791 lidum,
1309 5723 1408 5779 tiociis
1432 5724 1566 5780 vestimus
1592 5725 1635 5775 os
1654 5726 1782 5774 bosna

1564 5831 1616 5888 Q
