3780 6038
102 184 170 241 trtt

560 184 853 241 nllltloltnllosns
873 184 926 241 Sb'.
951 185 1099 244 tltlltlssll
1119 218 1153 227 -
1172 186 1238 242 Lllt.
1264 189 1298 243 ll.

1683 195 1750 249 toln

101 309 185 366 troitu
218 307 333 382 quidem
372 307 548 380 tabernaculi,
590 309 712 381 quinque
754 308 897 365 columnas
910 312 938 374 Α
952 309 1078 384 inquiens
1110 313 1262 383 praecessit,
1295 314 1354 370 dies
1387 322 1477 371 autem
1505 316 1747 389 appropinquabit.

102 398 262 465 deauratas,
296 404 360 454 ante
392 397 530 454 oraculum
568 413 645 463 vero,
678 397 707 453 id
736 405 779 454 est
810 407 904 455 sancta

105 495 273 551 sanctornm,
291 494 409 559 quatuor
425 483 484 541 lieri
495 486 589 555 jussas
600 481 699 550 (and.
711 485 824 551 xxxvii,
840 486 905 557 quia

106 584 235 641 videlicet
249 583 412 655 incipientes
423 599 474 655 per
488 582 577 653 legem
593 583 775 655 castigantur,
791 583 905 654 perlecti

103 679 196 728 aulem
212 673 391 745 pergratiam
407 671 566 727 ulderotrus
582 671 737 728 Dcovirant
751 673 905 727 admonen-

104 769 161 817 tur.
183 761 287 834 'lypico
310 777 360 832 per
376 770 497 828 cantum,
529 760 574 833 qui
589 771 735 817 renovatur
762 761 789 817 in
804 770 905 833 quarta

104 860 168 906 ante
183 851 358 906 Nativitatem
396 848 508 905 Domini
543 850 726 916 bebdomada,
759 850 904 922 gentilium

105 948 238 1004 mentium
248 949 445 1020 perlectionem
462 947 654 1020 intelligimus.
681 948 709 1003 Si
725 964 774 1019 per
786 949 905 1020 quinque

105 1047 294 1103 hebdomadas
310 1045 348 1100 illi
374 1045 562 1117 intelliguntur
576 1045 621 1118 qui
636 1047 724 1101 adbuc
749 1044 906 1117 paenitentia

106 1148 252 1219 deplorant
269 1148 391 1204 recentia
406 1157 527 1218 peccata,
545 1149 643 1202 merito
656 1158 826 1220 perquatuor
841 1148 907 1203 lreb-

106 1238 241 1293 demades
257 1253 305 1293 eos
321 1237 500 1309 intelligimus
519 1237 566 1308 qui
580 1237 683 1309 gaudio
697 1235 812 1308 spiritali
841 1252 906 1307 pro-

107 1336 204 1392 liciunt
241 1336 275 1391 de
295 1336 393 1391 virtute
413 1334 440 1389 in
476 1334 616 1391 virtutem.
640 1334 687 1389 lsti
711 1334 768 1390 duo
796 1334 906 1390 ordines

958 400 1121 468 Abiiciamus
1147 418 1214 473 ergo
1236 418 1322 473 opera
1342 405 1524 471 tenebrarum,
1554 413 1580 461 et
1607 405 1752 461 induamur

958 505 1039 545 arma
1067 490 1145 559 lucis,
1161 491 1230 548 sicut
1249 492 1276 545 in
1291 492 1336 548 die
1360 495 1473 549 honeste
1493 494 1671 560 ambulemus,
1697 510 1752 550 non

958 585 985 640 in
1013 587 1258 643 comessationibus
1276 598 1302 645 et
1325 590 1509 658 ebrietatibus,
1534 607 1588 646 non
1617 592 1644 645 in
1673 592 1752 647 cubi·

957 674 1030 731 libus
1044 686 1071 731 et
1100 677 1286 749 impudicitiis,
1310 696 1364 735 non
1388 680 1415 734 in
1431 681 1604 736 contentione
1619 688 1646 736 ct
1666 697 1753 737 aemu-

959 773 1058 830 latione
1075 790 1081 843 ;
1098 776 1147 831 sed
1174 777 1316 832 induamur
1336 779 1479 833 Dominum
1509 788 1633 835 nostrum
1656 781 1751 835 lesum

959 862 1094 918 Christum
1123 867 1210 931 (llona.
1240 882 1302 937 xrrr)
1338 867 1382 923 Sic
1409 884 1460 938 per
1479 867 1697 938 pluresnnntios
1726 877 1754 925 et

960 958 1158 1031 ireqnentiores
1172 969 1297 1016 movetur
1310 962 1399 1034 magis
1413 979 1445 1018 ac
1460 964 1549 1036 magis
1564 966 1673 1020 animus
1688 965 1753 1020 sub-

959 1056 1008 1111 diti
1039 1056 1073 1111 ad
1092 1056 1305 1114 sollicitudinem
1330 1061 1497 1132 suscipiendi
1523 1066 1679 1133 praelatum,
1717 1063 1753 1117 ita

959 1146 1136 1201 renovatione
1163 1154 1259 1202 cantus
1285 1157 1409 1204 moretur
1436 1149 1524 1221 magis
1554 1166 1586 1206 ac
1610 1152 1698 1223 magis
1718 1152 1753 1208 ad

960 1250 1054 1290 curam
1082 1242 1184 1290 nostrae
1202 1237 1406 1307 pra‘parationis
1426 1238 1452 1291 in
1467 1241 1666 1311 susceptionem
1695 1241 1754 1297 Do·

960 1332 1035 1388 mini.
1051 1333 1116 1388 ldeo
1144 1342 1206 1390 octo
1225 1333 1284 1391 dies
1298 1343 1358 1389 ante
1381 1335 1553 1391 Nativitatem
1570 1338 1677 1394 Domini
1704 1356 1753 1394 re-

105 1424 258 1480 lncruattn
276 1424 365 1480 l'eteri
393 1425 579 1493 Testamenta,
609 1422 736 1489 istisunt,
753 1431 780 1478 et
807 1423 902 1479 modo·
960 1438 1096 1486 novantur
1111 1431 1196 1487 lcrrrre
1210 1435 1265 1488 tola
1276 1439 1355 1488 nocte
1370 1434 1546 1503 responsoria
1557 1437 1753 1507 etantipbouae,

107 1521 262 1579 Renovatio
277 1526 372 1578 cantus
387 1520 521 1594 significat
536 1520 668 1592 gaudium
684 1520 832 1577 electorum
860 1520 907 1592 qui
961 1536 989 1584 ut
1004 1544 1053 1600 pcr
1067 1529 1119 1585 boc
1134 1527 1303 1600 frequentius
1318 1546 1368 1585 nos
1385 1530 1535 1586 excitemus
1549 1532 1584 1586 ad
1599 1534 1755 1606 purgandas
1838 1560 1841 1567 ·

107 1622 231 1693 gaudent
259 1621 411 1693 plurimum
439 1619 599 1674 inadvenlu
623 1617 731 1675 Domini
744 1618 838 1674 dilecti
852 1617 905 1673 sui.
960 1632 1056 1672 omnes
1067 1617 1225 1688 quisquilias
1253 1618 1368 1688 turpium
1396 1620 1593 1692 cogitationum
1609 1637 1641 1676 ac
1669 1631 1754 1677 terre-

109 1715 344 1788 l‘raeparationem
359 1730 468 1788 quoque
488 1715 671 1770 necessariam
696 1694 944 1770 nobisinsinuatB
959 1730 1066 1780 aarum,
1093 1722 1121 1770 et
1136 1714 1248 1786 dignum
1267 1715 1452 1771 habitaculum
1468 1726 1602 1784 ornatum,
1628 1719 1754 1775 videlicet

110 1817 209 1872 Paulus
224 1817 371 1888 Apostolus
385 1814 412 1870 iu
423 1824 574 1871 memorata
588 1814 714 1887 epistola,
730 1831 791 1887 quiae
805 1813 905 1887 legitur
957 1812 1010 1885 piis
1029 1811 1237 1883 cogitationibus
1259 1829 1389 1885 paramus
1420 1814 1490 1887 llegi
1523 1831 1631 1888 regum,
1653 1824 1679 1872 et
1700 1817 1754 1873 Do·

109 1924 206 1986 quarta
227 1914 404 1972 bebdomada
421 1923 484 1969 ante
512 1914 664 1970 Novitatem
686 1911 805 1970 Domini.
831 1912 901 1980 Nox,
958 1909 1032 1966 mino
1046 1909 1251 1966 dominantium.

279 2283 588 2390 nnlllntnn
618 2284 660 2390 V
689 2283 860 2389 ANTE
886 2280 1324 2387 NATIVITATEM
1345 2284 1590 2389 DOrlllNl.

443 2530 576 2589 senno,

149 2648 246 2705 «Beati
260 2664 357 2705 omnes
372 2647 417 2719 qui
426 2648 520 2705 timent
534 2647 690 2717 Dominum,
707 2646 755 2719 qni
769 2643 911 2702 ambulant

110 2734 139 2791 in
154 2737 206 2792 viis
220 2737 280 2808 ejus
295 2738 383 2810 (Pani.
395 2736 440 2808 ιι).
463 2760 475 2786 ι
491 2737 684 2792 Deumtimcre
695 2744 737 2790 est
750 2750 767 2789 a
780 2733 853 2790 malo
863 2733 911 2788 de·

111 2825 343 2891 clinaro;inviis
371 2825 429 2894 ejus
457 2826 598 2881 ambulare
625 2832 653 2881 et
680 2825 781 2879 bonum
807 2822 909 2878 lacere.

111 2914 164 2982 Qui
184 2930 250 2987 ergo
279 2916 365 2970 Deum
389 2914 486 2969 timent
511 2921 621 2985 peccata
651 2912 804 2977 devitando,
841 2909 912 2965 beati

112 3011 185 3073 sunt,
206 3003 269 3076 quia
287 3019 387 3075 poenas
408 3003 525 3059 evadunt
537 3021 544 3067 ;
558 3012 584 3058 et
599 3001 687 3074 quiin
701 3001 753 3056 viis
781 3001 838 3070 ejus
851 3015 912 3055 am-

112 3099 293 3157 bulantbona
321 3098 471 3167 operando,
495 3099 568 3154 beati
597 3105 670 3165 sunt,
699 3096 763 3169 quia
783 3096 912 3170 gaudium

963 2544 1053 2603 genus
1083 2531 1232 2586 bumanum
1263 2531 1299 2588 ad
1330 2531 1467 2588 interitum
1499 2532 1609 2590 deduxit
1644 2548 1650 2588 :
1684 2533 1759 2590 illam

965 2618 1102 2675 Christum
1118 2619 1197 2675 lactis
1211 2627 1237 2675 et
1253 2620 1332 2677 dictis
1344 2621 1463 2676 ostendit
1478 2629 1505 2676 et
1518 2638 1569 2692 per
1582 2638 1642 2678 eam
1667 2623 1760 2694 perdi-

964 2715 1020 2762 tum
1035 2707 1172 2763 bominem
1188 2709 1222 2762 ad
1237 2708 1352 2780 gloriam
1367 2709 1477 2764 reduxit
1489 2728 1496 2776 ;
1509 2718 1535 2765 ct
1547 2709 1610 2782 quia
1620 2712 1760 2782 prophetae

965 2820 1013 2875 per
1027 2804 1096 2861 bano
1124 2804 1212 2861 solam
1227 2807 1298 2861 viam
1326 2822 1414 2879 gertus
1441 2807 1590 2862 humanum
1610 2809 1760 2864 rediturum

965 2893 1000 2947 ad
1014 2893 1130 2963 patriam
1155 2893 1349 2964 praeviderunt,
1378 2894 1440 2950 idea
1463 2895 1597 2951 Clrristum
1613 2912 1706 2952 veram
1736 2905 1763 2954 et

965 2990 1070 3038 certam
1096 2981 1167 3038 viam
1187 2998 1284 3039 omnes
1316 2998 1439 3039 consona
1463 3000 1531 3039 voce
1566 2986 1761 3055 praedixerunt,

966 3094 1085 3151 eumque
1096 3095 1193 3135 omnes
1203 3080 1297 3137 videre
1309 3080 1634 3139 desideraverunt.lacob
1643 3099 1762 3155 namque

115 3187 224 3245 Domini
243 3189 397 3245 intrabunt.
415 3188 471 3245 via
485 3186 594 3245 Domini
608 3194 746 3260 praecepta
759 3185 832 3241 illius
841 3191 912 3252 sunt,
928 3169 953 3234 C
967 3170 1088 3225 ¹¹¹⁰D01¹⁸
1115 3169 1182 3224 dixit
1199 3183 1205 3223 ἲ
1223 3192 1234 3217 ⁸
1251 3168 1374 3225 saturare
1403 3179 1479 3225 buum
1501 3171 1677 3241 ⁰l⁵P0⁰²³b⁰r
1715 3174 1764 3229 [ιιι

115 3295 177 3351 quae
205 3277 332 3335 homines
355 3277 391 3333 ad
406 3294 523 3349 superna
547 3276 665 3348 patriam
678 3277 779 3331 ducunt
796 3291 802 3329 :
821 3298 832 3322 α
851 3273 915 3330 Uni-

118 3383 208 3423 versae
236 3375 327 3422 autem
353 3366 404 3422 viau
418 3363 529 3422 Domini
545 3364 733 3420 misericordia
761 3366 789 3419 ct
815 3363 915 3419 veritas

122 3457 208 3522 (l’sai.
227 3459 314 3524 ιιιι).
333 3478 344 3503 a
361 3454 418 3510 l'iau
433 3453 542 3510 Domini
557 3461 620 3508 sunt
635 3450 826 3508 misericordia
853 3464 916 3505 om-

121 3546 201 3600 nibus
216 3544 243 3598 in
267 3544 308 3600 eis
327 3543 527 3600 ambulantibus
543 3561 550 3610 ;
567 3542 669 3597 veritas
695 3540 800 3597 crunctis
815 3537 851 3593 ab
876 3535 917 3593 eis

121 3642 330 3699 declinantibus.
361 3642 426 3697 ldeo
436 3641 511 3696 Deos
528 3647 622 3696 noster
635 3646 689 3704 est,
704 3646 733 3693 ut
755 3636 887 3693 Dominus
902 3650 917 3690 a

123 3733 210 3787 servis
235 3731 372 3787 timendus
389 3742 395 3783 2
411 3739 439 3785 ut
462 3730 542 3784 Pater
555 3742 571 3782 a
586 3725 648 3781 filiis
675 3725 843 3799 diligendus.
875 3723 919 3780 Τι-

121 3837 198 3876 more
227 3822 286 3891 ejus
311 3827 424 3893 peccata
443 3817 588 3890 sopiamus,
616 3831 709 3871 amore
735 3814 821 3886 ipsius
839 3812 919 3869 bonis

123 3910 238 3977 actibus,
251 3918 385 3982 quatenus
414 3906 448 3962 de
463 3907 515 3961 bac
529 3904 639 3961 miseria
655 3904 707 3961 vila
736 3910 918 3970 transcuntes,

121 4008 272 4064 luctuosam
286 4008 369 4062 vitam
385 4005 542 4071 evadamus,
571 4002 642 4059 etad
653 4000 761 4057 beatam
776 4001 861 4056 vitam
874 3998 919 4071 ip-

123 4096 179 4152 sius
198 4111 250 4167 opc
270 4092 478 4166 perveniamus.
496 4092 568 4149 Tres
582 4092 645 4148 vitm
660 4097 723 4146 sunt
737 4107 744 4144 :
759 4104 812 4145 una
839 4103 922 4159 super

122 4200 173 4240 nos
189 4185 280 4249 beata,
311 4198 362 4255 qua
382 4180 469 4238 macti
484 4196 546 4238 oum
572 4178 679 4252 angelis
698 4178 778 4234 beate
802 4176 919 4242 vivunt,

124 4273 208 4329 altera
242 4270 438 4338 misericordia,
464 4270 562 4340 inqua
589 4268 652 4338 justi
665 4264 809 4322 adlruclaic
833 4262 922 4335 suspi-

125 4368 217 4416 rantes
239 4358 423 4432 ingemiscunt
451 4375 459 4421 ς
488 4356 566 4412 tertia
593 4355 690 4409 subtus
713 4368 763 4408 nos
787 4352 921 4419 luctuosa,

126 4450 155 4504 in
173 4463 227 4521 qua
242 4446 358 4518 spiritus
382 4446 572 4501 damnatorum
585 4458 648 4500 cum
671 4440 840 4497 daemonibus
855 4454 923 4496 coa·

970 3258 1044 3313 mine
1072 3258 1157 3329 (den.
1191 3260 1280 3323 sarx).
1303 3259 1365 3313 alit
1380 3259 1510 3330 blopscs:
1530 3259 1691 3327 «Obsecro,
1718 3260 1763 3315 in-

970 3347 1037 3418 quit,
1053 3347 1181 3413 Domine,
1197 3348 1273 3403 mitta
1287 3363 1368 3418 quern
1385 3349 1557 3404 missuruses
1572 3350 1673 3411 (bland.
1686 3354 1762 3419 tv).-

969 3434 1058 3490 David
1078 3450 1184 3506 quoque
1211 3435 1248 3490 ait
1264 3452 1271 3489 :
1289 3458 1300 3483 a
1318 3436 1442 3501 Domine,
1468 3436 1567 3493 inclina
1590 3438 1674 3493 coelos
1704 3447 1766 3495 tuos

972 3530 1149 3587 etdcsccndc
1163 3533 1250 3601 (Pani.
1263 3534 1340 3601 nvn).
1359 3556 1370 3581 n
1388 3532 1473 3587 lsnias
1487 3533 1607 3588 elisum«
1625 3534 1734 3591 Utinam
1751 3559 1762 3585 ι

971 3619 1070 3691 inquit,
1113 3640 1123 3670 ι
1162 3620 1350 3691 disrumperes
1386 3621 1470 3677 caelos
1507 3629 1532 3677 et
1568 3623 1766 3681 descenderent

972 3709 1040 3780 (ιιι.
1059 3708 1144 3781 ιιιι).
1165 3731 1176 3757 n
1193 3710 1227 3764 Et
1246 3709 1343 3765 merito
1361 3709 1421 3779 ejus
1435 3710 1574 3767 desiderio
1591 3710 1767 3778 deficiebant,

973 3799 1095 3870 quicum
1127 3796 1247 3853 futurum
1276 3799 1469 3870 praesciebant.
1505 3800 1574 3855 Nam
1602 3810 1664 3857 ante
1683 3802 1769 3874 ipsius

973 3888 1118 3944 adventum
1138 3888 1213 3943 lusca
1232 3902 1307 3943 mors
1330 3888 1462 3943 mundum
1483 3887 1595 3955 obtexit,
1620 3904 1771 3962 omnesque

973 4001 1022 4057 per
1040 3986 1091 4041 iter
1109 3984 1247 4040 sinistrum
1275 3982 1302 4038 ia
1322 3982 1501 4053 perditionem
1533 3984 1644 4041 direxit.
1667 3986 1770 4044 Omnes

975 4072 1054 4146 qurusi
1081 4072 1109 4127 in
1132 4071 1253 4128 tenebris
1271 4072 1407 4138 errabant,
1428 4072 1490 4143 quia
1508 4071 1599 4127 lutmcn
1632 4074 1771 4131 Christum

975 4176 1030 4216 non
1043 4159 1193 4225 habebant,
1221 4166 1249 4214 et
1263 4158 1325 4214 idco
1347 4174 1396 4229 per
1410 4159 1558 4229 spatiosam
1584 4160 1655 4216 viam
1669 4177 1686 4216 a
1701 4162 1771 4219 siai-

975 4248 1040 4304 stris
1055 4263 1129 4304 eaeco
1143 4247 1226 4304 corde
1236 4247 1265 4302 in
1280 4254 1395 4303 mortem
1411 4248 1538 4304 ruebant.
1558 4249 1666 4307 Clrristo
1680 4260 1772 4308 autern

976 4344 1034 4401 sole
1045 4344 1111 4401 solis
1120 4343 1147 4400 in
1159 4344 1262 4399 mundo
1276 4352 1436 4416 apparente,
1460 4345 1515 4401 imo
1531 4346 1586 4400 vita
1609 4349 1771 4415 angelorum

976 4451 1006 4491 se
1020 4433 1184 4490 mortalibus
1194 4432 1351 4503 eslribcnte,
1367 4440 1436 4489 tetra
1450 4449 1524 4489 mors
1545 4436 1689 4507 pavefacta
1703 4437 1773 4512 rupit

127 4540 233 4594 sistunt.
250 4534 338 4591 Nobis
365 4534 475 4608 ergoin
498 4531 589 4590 media
603 4532 660 4587 vita
683 4529 836 4587 constitutis
863 4526 924 4583 duae
938 4525 965 4587 D
980 4539 1065 4597 saque
1083 4523 1111 4579 in
1130 4521 1221 4578 abdita
1254 4521 1349 4578 tartari
1379 4522 1492 4579 contusa
1524 4524 1675 4594 abscondit,
1704 4528 1774 4585 sicut

127 4637 179 4694 vjae
194 4652 224 4692 se
252 4633 371 4691 osterum
387 4651 393 4688 ς
410 4649 471 4704 quae
501 4630 635 4704 quosdam
662 4628 699 4685 gd
729 4627 924 4700 superiorem:
980 4612 1084 4668 Oriente
1098 4612 1157 4667 8019
1170 4611 1260 4684 caligo
1274 4610 1488 4684 DOGiiSfllssdilll‚
1504 4619 1532 4669 01
1545 4615 1664 4670 mundus
1675 4616 1774 4688 jubare

129 4726 263 4801 qrrosdam
279 4730 371 4780 autem
383 4720 585 4777 adinteriorem
609 4719 720 4776 ducunt.
736 4720 760 4774 Α
774 4716 881 4774 dextris
896 4732 926 4774 se
979 4701 1067 4774 iliius
1079 4699 1244 4757 mummi·

127 4817 231 4888 praebet
246 4814 292 4870 via
306 4820 381 4869 arcta
396 4818 424 4868 ct
438 4818 565 4885 angusta,
580 4809 685 4865 ducens
698 4806 734 4864 de
746 4807 799 4862 bae
813 4806 924 4874 misera,
1016 4799 1134 4866 ldairco,
1149 4796 1331 4867 dilectissimi,
1356 4813 1419 4856 cum
1434 4798 1486 4855 iter
1511 4798 1605 4856 salutis
1619 4802 1699 4859 nobis
1726 4819 1775 4877 per

129 4922 178 4977 per
201 4920 231 4960 se
265 4901 437 4958 ambulantes
464 4900 500 4955 ad
531 4898 619 4954 beatae
645 4896 706 4953 vitae
737 4894 926 4951 amenitatem
980 4887 1073 4943 lesum
1087 4894 1222 4958 pateatet
1236 4886 1347 4943 lucerna
1363 4887 1438 4943 verbi
1454 4886 1503 4943 Dei
1517 4903 1553 4943 ax
1568 4898 1684 4963 utraque
1698 4901 1776 4964 parta

129 4994 243 5064 (llottb.
261 4992 309 5064 vn)
325 4988 571 5057 ,asinistrisvero
599 4984 695 5058 pandit
713 4999 744 5039 se
759 4982 847 5053 platea
876 4979 932 5036 lata
981 4984 1204 5059 viaesplcndeat,
1224 4984 1385 5041 totocorde
1404 4984 1542 5041 sinistrum
1576 4991 1710 5046 tramitem
1727 5008 1776 5050 re.
1814 5006 1820 5017 ·

128 5091 155 5140 ct
171 5082 303 5154 spatiosa,
328 5080 432 5136 ducens
446 5077 474 5132 in
502 5092 533 5132 se
561 5073 722 5148 gradientes
737 5070 773 5127 ad
800 5070 931 5127 luctuosa
980 5072 1146 5146 linquentes,
1160 5072 1287 5129 dextrum
1308 5071 1406 5129 callem
1422 5081 1479 5130 toto
1493 5074 1590 5131 annisa
1619 5092 1776 5151 carpamus,

128 5173 191 5227 vitre
201 5168 392 5227 calamitatem.
408 5168 494 5223 Arata
507 5164 553 5223 via
562 5170 591 5220 et
603 5158 880 5236 angustaestmundi
888 5158 933 5214 de·
981 5171 1010 5219 ut
1028 5162 1063 5220 ad
1082 5177 1216 5218 summam
1241 5161 1436 5219 beatitudinem
1475 5164 1679 5233 perveniamus.
1712 5170 1778 5230 llaee

128 5260 233 5316 sideria
255 5266 282 5316 ει
305 5256 396 5315 earnis
425 5252 675 5326 concupiscentiam
695 5249 803 5323 lugere,
826 5246 931 5303 malurn
980 5259 1070 5309 autem
1097 5250 1141 5308 vin
1169 5250 1427 5321 0⁸10n0,1125‚p0,
1452 5267 1531 5322 quam
1553 5253 1645 5309 mm„
1662 5273 1778 5318 summm

127 5364 179 5421 pro
209 5347 281 5404 malo
295 5362 350 5403 non
372 5344 497 5414 reddere,
515 5340 616 5416 vigiliis
644 5349 671 5398 et
690 5338 801 5411 jejuniis
828 5352 928 5409 corpus
980 5338 1154 5397 beatitudinis
1183 5337 1307 5395 claritas.
1339 5340 1370 5393 la
1388 5339 1460 5395 bane
1487 5340 1598 5397 tendunt
1617 5360 1653 5401 xv
1672 5351 1778 5409 aemiroe

130 5460 284 5510 macerare,
295 5442 466 5501 orafionibus
479 5448 506 5499 et
520 5440 639 5497 assiduis
653 5438 779 5495 laudibus
793 5435 842 5493 Dei
855 5432 929 5490 insu·
982 5428 1116 5486 ducentes
1129 5426 1165 5483 ud
1174 5426 1244 5484 atria
1266 5426 1338 5494 vita,
1353 5426 1459 5483 scilicet
1490 5428 1629 5500 patientia,
1648 5433 1779 5511 benigni.

130 5537 207 5592 dare.
222 5534 287 5590 Lata
301 5539 433 5588 autemst
461 5530 581 5604 spatiosa
593 5530 635 5585 via
657 5536 698 5584 est
712 5526 818 5593 ludere,
832 5522 926 5591 adera,
982 5526 1036 5586 tas,
1047 5525 1074 5575 et
1087 5515 1148 5573 aba
1162 5531 1231 5587 quas
1243 5522 1389 5572 enumerat
1397 5516 1522 5589 Apostoli
1534 5520 1669 5577 subtilitas
1697 5526 1775 5594 (cat,

132 5624 239 5692 bibere,
250 5620 388 5693 fornicari,
403 5620 509 5688 venam,
524 5618 652 5675 inimicos
661 5614 824 5688 opprimere,
856 5610 929 5669 deli-
983 5614 1025 5679 v).
1042 5605 1246 5663 Porrosumma
1263 5602 1404 5661 beatitudo
1426 5603 1521 5664 iubeo
1534 5608 1581 5666 via
1607 5610 1780 5671 ambulantes

133 5713 184 5777 aiis
197 5712 289 5773 carnia
301 5710 439 5771 dilduers.
453 5704 670 5770 ssrmodiabolua
683 5703 930 5777 doaaitetperaam
984 5694 1064 5771 quasi
1095 5692 1290 5771 mptemdetim
1306 5692 1427 5769 bmcbda
1445 5694 1486 5753 ad·
1508 5712 1540 5757 sc
1566 5697 1685 5768 attrabit,
1716 5703 1783 5775 quin
