3780 6038
128 226 181 285 tte

130 352 202 411 senti
217 367 267 423 pro
282 349 398 407 Domino
419 348 613 405 sustinueritis.
647 349 857 420 Repromittitur
884 349 924 405 si-
939 347 968 410 Α

130 441 239 514 quidem
266 438 344 495 vobis
370 438 423 493 rita
451 438 509 493 sine
537 438 623 501 senio,
654 437 768 493 satietas
796 439 925 494 contiuua

131 525 190 581 sine
205 523 323 590 fastidio,
339 522 455 579 societas
482 521 655 593 angelorum,
669 590 673 598 Ι
687 530 713 577 et
741 522 813 594 quod
842 538 925 593 super

129 613 391 675 omnebonumest,
408 610 476 666 tacie
504 611 540 666 ad
568 610 667 665 taciem
695 610 802 666 assidue
831 611 924 667 ridere

130 703 230 756 Deum.
252 701 284 755 Et
298 700 362 771 quIa
376 700 409 754 de
425 699 580 754 obedientia
594 699 720 755 charitati
737 708 835 755 vestrae
850 699 924 771 loqui

127 791 270 861 coepimus,
288 790 337 844 suh
352 788 437 860 Ipsius
453 787 616 844 obedIentiae
630 787 739 844 nomine
757 791 850 859 210,
860 797 886 844 ot
896 788 924 843 in

128 879 317 935 remissionem
331 877 451 933 omnium
466 886 640 949 peccatorum
665 882 820 933 vestrorum
845 894 924 932 man-

128 967 224 1023 damus
238 967 327 1035 robis,
344 976 476 1039 quatenus
490 965 580 1037 pisces
595 973 713 1032 nostros,
731 965 831 1022 cibaria
846 967 924 1022 ride-

126 1055 190 1112 IIeet
206 1055 320 1111 fratrum
334 1064 494 1121 vestrorum,
512 1071 597 1126 usque
613 1054 783 1127 andegavim
805 1055 925 1111 adduca-

129 1144 173 1199 tis.
192 1145 295 1213 valete,
312 1143 336 1199 si
350 1143 512 1200 obedientes
529 1143 645 1198 tueritIs.

368 1292 539 1351 beteroth
558 1294 684 1350 XXXVI.

128 1419 283 1493 Gotfridas,
296 1418 344 1491 qai
355 1418 452 1489 pratia
465 1417 515 1473 Dei
529 1417 610 1473 estid
624 1417 696 1489 qaod
710 1420 762 1483 ert,
775 1417 924 1473 dilectisin

164 1509 273 1566 Christo
287 1507 436 1578 tratribus,
448 1506 596 1562 Hameliao
609 1507 699 1578 priori
710 1506 796 1577 (324),
819 1506 925 1564 artreio

162 1596 321 1665 cellerarie,
335 1596 469 1652 saltitem.

163 1735 232 1791 Volo
247 1751 296 1790 ros
311 1749 364 1789 non
381 1732 517 1806 ignorare,
533 1733 583 1789 sed
596 1732 712 1790 tirmiter
733 1734 856 1804 credere,
882 1751 925 1791 me

125 1841 188 1883 cum
203 1838 303 1897 magno
316 1823 445 1880 comitatu
460 1838 509 1893 pro
524 1837 616 1887 causa,
643 1839 725 1895 quam
753 1824 838 1888 scitis,
867 1826 927 1879 In-

125 1913 253 1988 degarIm
268 1919 408 1969 rentumm
422 1910 516 1983 vigata
540 1912 726 1983 ascensionis,
749 1914 772 1967 si
800 1914 927 1969 detentus

128 2020 182 2061 nou
196 2002 283 2072 fuero,
300 2001 372 2074 quod
387 2002 460 2057 Deus
472 2001 572 2056 abnuat
589 1999 595 2056 l
611 2004 736 2073 corporis
750 2001 921 2058 infirmitate.

129 2093 188 2149 liae
199 2091 279 2148 vobis
294 2089 384 2147 curari
399 2089 560 2161 praedicere,
576 2105 645 2162 quos
669 2091 703 2145 ad
729 2107 862 2161 expensas
888 2091 926 2145 ia-

128 2179 239 2237 ciendae
253 2187 363 2250 paratos
377 2177 514 2245 desidendo
529 2178 657 2234 desidero
670 2179 801 2235 iuvenire.
818 2180 846 2236 Si
861 2195 927 2237 varo

128 2268 220 2326 verbis
234 2277 280 2323 aut
293 2268 412 2323 clamore
429 2266 518 2323 cordis
532 2266 650 2336 objicitis
663 2276 853 2340 paupertatem
877 2285 926 2325 re·

129 2365 212 2413 stram
227 2357 262 2412 ed
278 2357 336 2413 haec
352 2355 461 2411 minima
475 2371 556 2426 posse
571 2354 707 2423 sufficere,
724 2357 768 2413 hic
782 2357 856 2414 nulla
875 2375 927 2414 ne·

130 2446 246 2503 cessitas
261 2445 336 2517 cogit
350 2460 394 2499 me
423 2444 603 2515 respondere,
620 2445 668 2500 sed
689 2446 803 2517 Imperat
827 2447 928 2503 veritas

128 2551 179 2592 ros
193 2550 250 2590 nou
265 2533 366 2590 dehere
379 2533 418 2588 stc
434 2532 517 2604 loqui,
529 2549 580 2588 nec
596 2534 635 2590 sic
656 2535 788 2607 cogitare,
814 2536 861 2608 qui
883 2535 927 2591 di-

130 2624 184 2681 vite
198 2623 307 2678 Christo
322 2638 377 2678 nou
397 2621 503 2677 debetis
530 2623 688 2693 pauperiem
715 2623 872 2691 formidare,
902 2634 929 2682 et

132 2712 232 2785 quibus
248 2711 475 2784 quodhnbernus,
501 2710 656 2767 nuliatenus
682 2720 772 2785 potest
799 2713 927 2772 deiicere.

130 2800 275 2858 lIaiIemus
290 2800 398 2872 quidem
415 2798 549 2872 quidquid
564 2800 695 2856 Credonis
709 2802 853 2872 possidere
867 2818 929 2860 cer·

127 2889 221 2945 nimur
234 2889 431 2945 honorabiliter
444 2888 599 2960 expendere
612 2906 694 2962 quam
708 2891 791 2947 rebus
805 2892 930 2949 ecclesiia

131 2979 182 3035 Dei
195 2979 310 3049 iujustas
323 2993 355 3034 ac
369 2993 467 3049 pravas
482 2979 694 3036 eonsuetudInes
717 2981 799 3038 horno
822 2982 929 3038 incom-

132 3067 238 3141 positus
254 3076 280 3124 et
295 3067 384 3123 Iatuus
396 3067 500 3139 absque
517 3068 710 3125 reclamatione
720 3070 853 3127 rIoIenter
867 3058 970 3144 pos-C

136 3165 179 3214 set
192 3157 362 3229 imprimere.
385 3157 486 3224 I'ulete,
503 3165 528 3213 et
562 3157 606 3213 cui
630 3159 752 3226 servitis,
781 3162 816 3216 de
845 3162 932 3217 sancti

137 3244 286 3301 Clementis
297 3260 397 3317 inagna
423 3244 570 3301 clementia
598 3244 737 3314 confidite,
758 3248 792 3304 de
820 3249 932 3307 victoria

135 3333 202 3390 nihil
216 3334 325 3407 penitus
339 3333 506 3391 hesitantes.

311 3485 390 3552 211
416 3482 585 3542 artsrott
604 3486 746 3545 XXXVII.

138 3598 284 3671 tietfridar
303 3600 931 3680 Viridocinenrismonasteriihumilisserver,

172 3689 275 3747 dilecto
287 3689 377 3762 fratri
391 3691 548 3759 Itemelirto,
562 3693 603 3748 sic
616 3694 734 3763 obedire,
751 3701 784 3753 at
803 3697 934 3756 ohedien-

175 3779 361 3850 titesractam
375 3778 463 3852 possit
476 3780 613 3852 recipere.

176 3901 326 3958 Infirmitati
339 3911 401 3970 tua,
418 3919 480 3977 qtra,
497 3912 527 3960 ut
549 3907 695 3975 mandasti,
725 3911 934 3985 ingravescente

642 222 808 281 Gotrntbt
827 221 979 280 aaantts
999 220 1285 280 VINDOCINENSIS.

1726 222 1779 280 170

1203 345 1374 403 artstott
1391 346 1545 402 XXXVIII.

982 432 1125 502 Gestriias
1142 432 1352 489 I'indociaeasir
1371 432 1657 502 rrtonasteriireruus,
1672 431 1777 487 dilecto

1015 522 1104 647 {enutri
1115 522 1232 577 Andreae
1241 522 1325 592 (325),
1338 522 1556 578 sataliam-daila
1565 521 1699 578 obliniant
1717 535 1775 576 nort

1031 609 1061 646 ra
1082 608 1137 647 ere.

1014 680 1054 735 De
1067 688 1093 735 te
1108 680 1186 735 nobis
1201 680 1316 736 relatum
1324 679 1393 735 scias
1404 680 1476 751 quod
1491 679 1649 751 generalem
1657 678 1778 735 reiecto·

978 767 1166 839 rinanemet
1187 769 1277 824 vinum
1307 768 1444 839 respuisti,
1472 777 1498 824 et
1522 775 1551 824 nt
1580 769 1662 837 212
1694 767 1778 823 aliurn

979 872 1089 928 panem,
1110 857 1257 929 vinumque
1286 857 1359 912 aliud
1385 856 1434 912 tibi
1462 865 1607 928 quaereret,
1636 855 1779 912 cellarario

980 945 1143 1017 praecepisti.
1160 945 1188 1000 Si
1205 962 1253 1018 per
1264 945 1394 1001 iuvidiam
1409 954 1435 1000 et
1445 961 1500 1001 non
1514 944 1779 1001 exreritatedictum

979 1040 1030 1101 est,
1046 1034 1182 1090 dicentem
1198 1049 1252 1089 non
1267 1033 1376 1089 dubites
1391 1050 1498 1104 paenam
1512 1032 1736 1106 acquisIssesth.
1749 1032 1778 1088 si

978 1137 1045 1178 vero
1060 1136 1076 1176 a
1091 1130 1117 1179 te
1132 1131 1220 1178 aetum
1231 1130 1281 1191 est,
1299 1121 1436 1194 sapienter
1447 1122 1555 1195 corr-Ige
1572 1121 1646 1194 quod
1674 1119 1775 1176 iecisti.

979 1209 1091 1282 Oportet
1107 1211 1178 1267 entm
1194 1219 1230 1279 te,
1249 1211 1338 1279 trater,
1356 1211 1397 1268 sic
1411 1210 1438 1266 In
1461 1211 1588 1267 omnibus
1617 1209 1778 1282 temperari,

979 1315 1013 1355 ne
1029 1299 1105 1372 quasi
1120 1299 1208 1355 libera
1232 1308 1312 1354 utens
1340 1307 1475 1370 potestate
1503 1298 1654 1372 quidquam
1685 1297 1780 1361 iacias,

978 1384 1051 1440 unde
1065 1384 1162 1441 marito
1176 1383 1313 1449 tratribus,
1326 1399 1394 1456 quos
1410 1390 1462 1439 tuas
1476 1383 1614 1439 dilectioni
1636 1381 1780 1439 commisi·

978 1488 1048 1540 mus,
1064 1473 1224 1530 scandalum
1239 1472 1329 1529 valeat
1344 1473 1388 1528 vel
1403 1489 1525 1528 murmur
1552 1471 1693 1546 generari.

1221 1587 1392 1644 EPISTOLX
1411 1588 1542 1643 XXXIX.

985 1678 1127 1751 Goftridus
1140 1678 1524 1735 l'irtdocirrerrsiarrronasterii
1534 1677 1652 1734 tramitis
1671 1691 1779 1742 aeroas,

1017 1768 1119 1824 dilecto
1128 1769 1158 1823 in
1169 1768 1277 1824 Christo
1288 1767 1347 1836 filio
1358 1766 1485 1833 Andreae,
1501 1769 1659 1839 prudenter
1671 1769 1699 1821 et
1711 1767 1780 1821 rim·

1013 1857 1130 1930 pliciter
1145 1857 1175 1912 ire
1190 1856 1319 1913 ornnihua
1335 1858 1512 1912 rrriaistrare.

1017 1946 1095 2002 Circa
1111 1944 1217 2007 iratres,
1240 1961 1310 2017 quos
1325 1954 1376 2000 tuae
1400 1942 1464 1999 fidei
1486 1942 1684 2011 commisimus,
1701 1942 1741 1999 sic
1755 1949 1781 1998 te

979 2035 1060 2091 decet
1074 2050 1135 2090 esse
1150 2032 1306 2100 sollicitum,
1323 2040 1351 2088 ut
1365 2033 1429 2087 dum
1445 2033 1551 2088 animas
1563 2048 1660 2088 eorum
1671 2031 1781 2087 salvare

979 2123 1130 2191 desideras,
1149 2137 1241 2178 curam
1256 2138 1403 2193 corporum
1419 2120 1550 2177 exhibere
1566 2137 1620 2176 non
1642 2119 1781 2193 negligas.

979 2214 1041 2268 Non
1056 2211 1129 2268 euim
1141 2211 1210 2267 hene
1225 2212 1253 2266 in
1268 2211 1377 2267 homine
1392 2211 1511 2265 animam
1525 2209 1623 2281 attigit,
1645 2209 1692 2281 qui
1714 2225 1780 2265 cor-

980 2301 1040 2373 pori
1056 2301 1082 2355 in
1098 2316 1145 2355 sua
1160 2300 1321 2356 necessitate
1333 2298 1431 2371 refugit
1448 2298 1607 2354 subvenire.
1627 2299 1782 2366 Utrumque

981 2390 1055 2445 Deus
1070 2387 1201 2453 condidit,
1218 2395 1243 2443 et
1263 2394 1292 2443 nt
1308 2394 1451 2459 utrumque
1466 2394 1613 2458 repararet,
1631 2389 1778 2457 utrumque

980 2477 1224 2549 suscepit;carne
1252 2475 1362 2548 quidem
1392 2483 1516 2531 mortuus
1545 2483 1596 2540 est,
1627 2482 1655 2530 et
1683 2473 1782 2530 animae

982 2569 1075 2632 ritum,
1092 2582 1171 2638 qnam
1192 2573 1305 2637 peccato
1332 2580 1381 2621 suo
1411 2564 1577 2636 perdiderat,
1607 2564 1706 2619 iterum
1735 2563 1783 2619 de·

982 2655 1033 2711 dit.
1053 2655 1115 2709 Non
1130 2671 1163 2710 ex
1178 2653 1268 2710 carnis
1282 2653 1466 2724 corruptione,
1491 2653 1560 2708 sicut
1588 2652 1698 2724 quidarn
1729 2667 1782 2723 pu-

983 2751 1039 2799 tent
1050 2744 1134 2813 (aaa),
1146 2743 1244 2798 autmae
1251 2757 1326 2797 rnors
1335 2742 1469 2813 processit
1479 2758 1487 2808 ;
1499 2756 1550 2797 nec
1560 2739 1687 2796 diabolus
1704 2739 1783 2811 prius

983 2847 1092 2890 carnem
1108 2840 1230 2886 nostram
1246 2830 1338 2887 iniecit
1353 2847 1435 2904 quatu
1461 2831 1592 2885 animam.
1628 2828 1708 2885 Unde
1735 2827 1782 2899 qui

983 2927 1057 2976 reete
1072 2918 1168 2981 credit,
1184 2917 1311 2990 Intelligit
1325 2919 1397 2990 qnod
1420 2916 1609 2988 corruptibilis
1637 2931 1703 2972 caro
1726 2930 1782 2970 non

984 3009 1101 3063 animam
1116 3006 1304 3079 peccaturam,
1321 3008 1369 3062 sed
1385 3007 1475 3061 anima
1498 3006 1637 3078 peccatrix
1668 3019 1782 3062 earnem

984 3096 1187 3169 corruptibilem
1203 3095 1279 3152 fecit.
1299 3097 1330 3150 lu
1346 3095 1444 3168 quibus
1459 3093 1627 3150 fraternitati
1646 3102 1699 3150 tute
1727 3108 1783 3148 nou

982 3187 1107 3252 dicimus,
1125 3193 1198 3241 utcu
1222 3184 1317 3251 facias,
1347 3185 1391 3241 vel
1421 3183 1576 3240 consentias
1602 3184 1685 3251 213
1719 3197 1782 3254 quae

982 3276 1134 3332 inordinate
1149 3274 1318 3346 concupiscit
1333 3273 1469 3345 voluptas,
1486 3273 1534 3329 sed
1550 3288 1611 3344 quae
1622 3271 1700 3342 iuste
1722 3268 1784 3326 fieri

983 3363 1057 3437 cogit
1070 3363 1233 3420 necessitas.
1254 3362 1334 3418 Vale.

1258 3476 1438 3535 ertsrotnt
1458 3477 1514 3533 XL.

986 3570 1131 3643 Gessridas
1147 3569 1358 3627 Viridoeincaris
1368 3567 1536 3623 monasterii
1546 3565 1781 3631 humiliaremur,

1018 3658 1177 3716 venerabili
1189 3660 1281 3724 tratri
1294 3673 1347 3715 sao
1360 3657 1493 3713 Andree.
1514 3677 1525 3704 a
1539 3654 1600 3711 Nora
1610 3656 1677 3711 verri
1684 3655 1784 3726 secere

1020 3750 1196 3807 celeritatem
1211 3764 1313 3811 meam,
1329 3746 1376 3802 sed
1386 3747 1447 3817 ejus
1462 3744 1600 3819 primicii
1615 3759 1660 3801 me
1676 3745 1782 3814 (laem,

1020 3854 1056 3905 rr,
1072 3837 1153 3908 38)st
1171 3837 1337 3893 memoriter
1351 3837 1489 3891 retinere.

1022 3939 1063 3996 td
1078 3948 1113 4008 te,
1132 3937 1319 4003 dilectissime,
1335 3936 1464 3993 dilectum
1476 3935 1561 3991 tilium
1575 3940 1700 3990 nostrum
1711 3933 1786 3989 Her-

140 3992 240 4093 ΨΜ
255 3992 348 4048 venire
363 4009 417 4050 ⁰⁰⁰
432 3994 552 4064 misti
569 3996 617 4052 ⁸³¹¹
633 3997 849 4060 ‘¹⁰mumfedh'e
882 4021 935 4078 ΡΟ·
985 4030 1092 4085 bertum
1107 4027 1241 4093 misimus,
1257 4042 1341 4100 quam
1357 4027 1385 4082 Iu
1407 4026 1489 4082 rebus
1517 4024 1611 4082 saeculi
1639 4023 1786 4095 providum

139 4089 223 4150 turstr,
239 4090 341 4154 quanto
355 4098 510 4154 possumus,
528 4092 553 4140 et
569 4084 702 4144 debemus
724 4091 814 4147 cordis
839 4093 936 4152 affectu
985 4134 1047 4175 em
1061 4117 1265 4188 cognoscimus,
1280 4123 1305 4171 e,
1321 4123 1350 4171 u,
1364 4130 1398 4171 „a
1412 4131 1473 4187 quae
1488 4113 1556 4169 soris
1572 4112 1681 4184 agend,
1709 4118 1784 4178 sunt,

140 4170 328 4244 compatimur.
340 4171 415 4226 IIIam
432 4180 521 4228 tamen
546 4172 731 4233 infirmitatem
760 4181 937 4240 vehementer

140 4261 281 4327 miramur,
299 4276 363 4332 qua
377 4260 422 4316 tibi
437 4261 631 4332 Impedimento
645 4264 703 4335 tuit,
720 4283 754 4324 ue
768 4269 802 4325 ad
814 4287 865 4327 nos
886 4290 936 4330 ve·

142 4348 226 4415 uices,
243 4355 270 4404 et
284 4347 477 4419 impedimento
492 4366 622 4407 essenon
639 4355 735 4424 potuit,
750 4373 785 4413 no
814 4361 931 4419 radices.

141 4434 221 4491 certe
235 4435 258 4491 si
274 4451 327 4491 non
343 4436 477 4507 potuisses
492 4439 594 4506 venire,
611 4441 679 4498 siout
699 4445 810 4516 potuisti
833 4451 935 4523 redire,

140 4518 248 4575 mittere
270 4519 414 4576 debuisses
432 4538 483 4593 per
506 4539 586 4595 quern
601 4529 818 4587 constitutionem
835 4535 886 4591 Dei
910 4540 938 4594 et

140 4615 262 4666 nostram
276 4608 627 4680 complesses.FirmissIme
642 4617 733 4683 crede,
745 4628 773 4675 et
782 4621 937 4682 nullatenus

141 4697 259 4764 dubites,
271 4695 308 4752 srIi
323 4697 350 4751 in
364 4698 476 4755 Christo
490 4701 661 4772 charissime,
687 4708 759 4777 quod
787 4715 938 4771 morraehus

142 4786 189 4859 qui
204 4786 294 4843 verbis
309 4786 421 4859 quidem
433 4789 581 4845 monachus
591 4792 705 4863 videtur,
719 4798 768 4853 sed
779 4814 864 4870 opere
876 4819 938 4860 nro·

141 4876 247 4932 nachus
261 4892 323 4933 esse
338 4885 464 4950 negatur.
477 4879 553 4936 Unde
564 4881 622 4950 ejus
631 4883 713 4940 verba
724 4887 837 4944 verbera
848 4892 938 4962 potius

142 4976 226 5032 quam
240 4962 355 5034 gratiam
371 4971 574 5033 promerentur.
595 4966 669 5033 Vale,
683 4978 709 5024 et
723 4970 842 5030 Iormosa
853 4978 939 5034 rerba

145 5048 306 5105 obedientiis
315 5066 482 5124 prosequere
497 5052 663 5113 obedientiae
673 5056 794 5117 Iormoso
809 5080 902 5136 opere.

181 5252 250 5335 (32I'
270 5256 416 5313 IIarneiirto
423 5259 523 5329 priori.
541 5262 721 5322 CredonensI.
751 5270 876 5331 Urbanus
905 5280 929 5337 II

146 5274 270 5380 Goffncin
286 5341 292 5379 z
310 5326 434 5409 berterio
443 5332 614 5400 parochialia
624 5336 651 5391 S.
662 5339 855 5402 Clementisde
874 5325 940 5410 Cre]

147 5395 229 5464 done,
241 5400 552 5470 etaareersoeeecleriee,
560 5410 704 5478 qnteirrsra
715 5415 851 5474 terminos
861 5423 940 5494 ejer-

147 5465 211 5523 dem
223 5469 365 5549 paraclite
378 5472 577 5530 continenter.
590 5476 643 5531 Sed
657 5482 690 5536 de
706 5482 838 5543 Credonis
848 5502 940 5555 castro

148 5544 175 5591 et
189 5554 249 5610 qure
261 5556 286 5593 m
303 5554 337 5594 eo
351 5547 393 5595 est
404 5540 559 5600 ecclesias.
577 5546 734 5621 Clementis,
750 5558 832 5628 eptst.
853 5564 896 5634 tt,
913 5574 941 5625 et

146 5605 197 5663 lib.
217 5624 244 5674 r,
260 5609 343 5681 epist.
361 5612 408 5667 27.

180 5682 255 5756 (325)
270 5680 397 5743 Andreae.
411 5680 507 5755 Priori,
523 5693 551 5742 ut
564 5692 640 5760 patet
654 5707 689 5749 ex
704 5697 820 5769 epistola
834 5705 878 5777 te,
888 5710 939 5769 sed

987 4206 1125 4278 sapienter
1138 4214 1165 4261 et
1178 4213 1224 4260 tuo
1238 4204 1354 4261 consilto
1370 4212 1444 4276 agat,
1461 4201 1646 4275 praecipimus,
1662 4201 1720 4257 hoc
1734 4197 1787 4255 sibi

987 4295 1141 4369 specialiter
1154 4295 1337 4365 injungentes,
1354 4301 1493 4366 quatenus
1511 4299 1536 4348 te
1551 4297 1607 4347 toto
1622 4289 1707 4346 corde
1721 4288 1790 4344 diti-

990 4393 1047 4458 gat,
1064 4392 1091 4440 et
1105 4384 1153 4440 tibi
1163 4391 1293 4455 tanquam
1301 4381 1387 4453 priori
1400 4397 1450 4438 suo
1459 4377 1736 4452 diligenterobediat.
1747 4378 1790 4433 I'u

991 4490 1056 4531 vero
1070 4480 1097 4530 te
1113 4471 1193 4528 talern
1209 4472 1282 4528 cirea
1297 4471 1385 4541 ipsurn
1400 4478 1427 4526 et
1441 4478 1554 4527 ceteros
1578 4476 1632 4525 tuae
1647 4464 1791 4525 dilectioni

991 4561 1153 4619 commissos
1176 4560 1274 4617 iratres
1289 4576 1355 4617 cura
1369 4558 1501 4631 pastorali
1522 4555 1631 4623 exhibe,
1659 4571 1694 4612 ne
1725 4552 1792 4628 quid

991 4651 1080 4706 minus
1095 4648 1271 4722 perfectionis
1286 4649 1313 4704 in
1328 4649 1367 4704 eis
1383 4649 1478 4703 Pastor
1487 4653 1603 4704 eternus
1614 4644 1704 4701 valeat
1719 4644 1793 4700 iure·

990 4742 1060 4796 nire.
1077 4738 1156 4808 Quod
1172 4738 1194 4793 si
1210 4739 1283 4795 circa
1297 4738 1403 4794 animas
1419 4745 1471 4793 tuae
1485 4735 1548 4792 fidei
1562 4734 1691 4800 creditas,
1713 4733 1793 4802 juxttt

990 4828 1201 4884 admonitionem
1227 4835 1359 4891 nostram,
1390 4834 1416 4881 te
1444 4825 1593 4882 sollicitum
1621 4821 1791 4889 exhibueris,

991 4915 1145 4972 firmissime
1160 4916 1253 4978 crede,
1269 4921 1296 4971 et
1311 4914 1465 4971 nullatenus
1479 4913 1598 4979 dubites,
1615 4909 1744 4983 quoniam
1755 4908 1793 4965 de

992 5005 1090 5060 minori
1105 5004 1253 5059 substantia
1270 5005 1366 5060 merito
1382 5003 1490 5060 causari
1504 5018 1558 5058 non
1573 4999 1689 5072 poteris.
1715 5000 1792 5054 Deus

992 5093 1063 5151 enim
1079 5109 1129 5165 per
1144 5110 1187 5150 me
1200 5092 1344 5167 indiguum
1355 5093 1490 5151 Iamulum
1505 5106 1584 5148 suum
1596 5096 1669 5144 tuam
1679 5086 1791 5160 supple·

993 5295 1069 5364 cujus
1084 5295 1136 5352 loci
1151 5295 1226 5367 prior
1240 5296 1321 5353 suerit
1336 5312 1390 5352 non
1406 5292 1554 5368 significat.

1028 5368 1102 5435 (³26)
1118 5369 1222 5424 d'orree
1238 5370 1334 5425 careda
1344 5363 1795 5440 correptioaetricatrpttidomptt⁴

993 5441 1069 5492 tant.
1087 5437 1124 5493 tar
1140 5440 1304 5511 Augustino.
1321 5440 1371 5494 lib.
1392 5454 1451 5494 xxv.
1467 5439 1507 5494 Ita
1523 5437 1638 5493 Civitate
1652 5435 1714 5501 Dei,
1727 5448 1793 5507 cap.

993 5512 1009 5563 3
1026 5524 1033 5565 :
1052 5510 1199 5582 Correptio
1214 5511 1340 5584 eorporis
1355 5527 1417 5581 qaoe
1431 5511 1567 5581 appronat
1576 5508 1708 5576 animan,
1733 5518 1794 5563 acta

991 5582 1103 5651 peccati
1117 5582 1208 5665 primi
1222 5587 1263 5637 est
1278 5598 1373 5648 caasa,
1389 5578 1438 5637 sed
1452 5597 1556 5652 perra;
1570 5592 1704 5636 neccaro
1726 5592 1794 5635 cor·

1011 5667 1029 5705 a
1049 5652 1137 5708 tibilrs
1151 5653 1278 5708 aretinam
1287 5653 1485 5726 peccatricem,
1499 5650 1548 5707 red
1561 5651 1663 5708 anim
1687 5663 1792 5725 pecca·

992 5667 1022 5778 ir
1067 5725 1208 5796 seciteaae
1221 5724 1573 5800 compestilentem-nem.
