3780 6044
42 248 47 255 ·
90 224 144 276 'tea

565 216 859 274 DEFLOEdTlDNES
878 217 928 274 SS.
945 217 1102 275 PATREM.
1123 249 1159 260 -
1177 218 1244 273 tltt.
1266 220 1288 272 l.

1690 221 1742 277 tut

91 343 182 402 multis
197 342 302 418 liguris.
321 341 364 398 tit
378 341 449 398 enim
471 342 564 399 lsaias:
598 366 609 392 ι
638 343 800 417 Egredietur
814 341 1038 415 virgaAmense
1058 363 1074 399 n
1098 343 1273 414 conceptione
1298 342 1417 410 toennis,
1449 352 1596 415 conceptus
1618 343 1747 401 estChri·

91 434 227 493 deradice
240 432 324 501 lesse,
345 439 372 486 et
385 431 434 487 llos
454 432 487 489 de
503 432 592 488 radice
607 432 666 503 ejus
681 432 807 489 ascendet
821 432 888 501 (Iso.

90 526 156 594 11).·
169 523 218 577 llic
232 520 313 578 enam
327 520 430 591 primus
444 528 565 578 ostensus
580 530 619 577 est
633 522 661 577 in
677 529 797 593 tempore
834 523 889 577 Aa·

90 628 139 668 ron
155 611 182 666 in
197 609 293 684 figura.
309 608 440 665 Dominus
454 611 526 665 enim
540 610 669 682 praecepit
678 609 762 682 Moysi
784 610 818 664 de
831 608 889 662 sin-

89 708 161 782 gulis
175 706 296 762 tribubus
305 706 396 778 virgas
421 704 523 762 afferri.
543 708 637 763 attatae
658 714 720 761 sunt
747 704 889 761 duodecim

91 798 195 870 virgae:
211 796 280 852 inter
294 811 361 866 quas
375 793 457 849 etiam
472 812 525 851 una
540 797 621 852 allata
636 804 684 860 est,
714 810 774 866 quae
800 796 889 849 Aaron

89 886 178 942 tuerat
190 884 345 941 sacerdotis.
363 882 459 939 l‘ositae
474 893 536 939 sunt
556 901 622 958 ergo
649 902 664 941 a
680 891 771 938 sancto
797 884 888 954 lloyse

91 974 119 1029 in
144 972 343 1029 tabernaculum
373 971 531 1028 testimonii.
564 973 647 1045 Virga
684 979 773 1028 autem
800 973 889 1026 daron

89 1070 151 1134 post
173 1062 284 1117 alteram
313 1061 385 1115 diem
419 1061 553 1118 invenitur
586 1062 742 1133 produxisse
770 1059 849 1116 llorcs
862 1066 888 1114 et

89 1159 200 1215 frondes
215 1172 241 1212 er
262 1160 397 1231 peperisse
420 1177 501 1216 nuces
519 1161 613 1230 (Nam.
639 1159 887 1228 xv¹11).Ecceqrvo·

88 1247 170 1303 modo
184 1248 349 1304 conveniunt
362 1253 494 1321 propheta
518 1257 544 1303 et
563 1248 659 1321 ligura.
684 1249 758 1303 Jesse
773 1246 820 1301 luit
835 1262 887 1316 pa·

89 1346 131 1393 ter
145 1337 242 1405 David,
258 1337 335 1392 radix
350 1339 424 1394 lesse
443 1346 482 1394 est
506 1337 609 1393 familia
629 1337 794 1404 ludaeorum,
810 1335 887 1407 virga

88 1433 129 1482 est
143 1425 245 1494 llaria;
266 1425 316 1481 llos
338 1426 408 1482 tilius
435 1427 529 1498 ipsius,
556 1442 637 1497 super
655 1441 735 1496 quem
750 1421 888 1479 descendit

89 1521 323 1593 Spiritussanctus
341 1521 369 1576 in
391 1522 482 1593 specie
502 1521 645 1577 columbae.
668 1519 797 1577 Similiter
810 1518 887 1590 virga

87 1612 174 1664 Aaron
204 1625 265 1680 quae
292 1610 350 1665 sinc
373 1611 475 1665 semine
504 1610 614 1681 protulit
636 1625 727 1679 nuces,
753 1605 887 1680 significat

944 441 1009 487 stus.
1025 431 1085 502 Quo
1099 439 1229 502 concepto
1245 431 1310 487 abiit
1324 432 1408 486 Maria
1431 432 1459 487 in
1477 440 1605 488 montana
1618 449 1681 489 cum
1696 432 1710 489 t
1724 462 1740 475 ·

944 521 1096 589 stinatione,
1132 527 1157 575 et
1195 519 1301 576 intravit
1336 520 1362 575 in
1392 520 1502 575 domum
1539 521 1683 588 meusne,
1712 529 1739 576 et

944 610 1069 664 salutarit
1092 608 1237 665 Elisabeth.
1263 609 1296 663 Et
1326 610 1416 664 audita
1439 610 1598 665 salutatione
1620 609 1741 665 exsulta-

944 697 1082 752 vilinlans
1096 697 1122 751 in
1151 704 1226 752 utero
1250 697 1385 753 Elisabeth
1409 700 1487 769 (Luc.
1505 702 1536 767 ι).
1553 699 1642 769 coepit
1655 699 1740 753 loan-

943 809 991 848 nes
1006 808 1064 848 esse
1079 795 1209 863 propheta
1225 800 1368 863 antequam
1388 804 1559 863 nasceretnr;
1584 794 1743 868 recognovit

943 898 1036 937 servus
1050 882 1206 950 Dominum,
1223 883 1392 953 prophetavit
1408 892 1553 953 conceptus
1567 892 1738 956 conceptum,

943 979 970 1026 et
984 987 1032 1042 per
1044 971 1160 1042 gratiam
1176 971 1250 1041 pueri
1270 972 1372 1040 repleta
1400 980 1440 1026 cst
1468 980 1554 1027 mater
1566 973 1660 1044 spiritu
1673 988 1740 1044 pro-

943 1058 1050 1131 phetiae,
1062 1066 1089 1113 et
1103 1059 1153 1113 ait:
1174 1082 1185 1107 ι
1203 1057 1278 1114 Unde
1293 1061 1343 1115 hoc
1359 1059 1436 1126 mihi,
1448 1068 1477 1114 ut
1491 1062 1675 1116 veniatmater
1689 1061 1742 1117 Do-

942 1147 1007 1200 mini
1022 1146 1075 1200 mei
1091 1146 1124 1202 ad
1141 1147 1209 1201 me‘?
1225 1147 1258 1202 Et
1272 1148 1370 1203 mansit
1383 1148 1420 1203 ibi
1435 1149 1520 1204 blarin
1540 1149 1624 1204 tribus
1638 1150 1742 1205 mensi·

940 1235 1000 1304 bus,
1017 1243 1044 1290 et
1056 1251 1165 1290 reversa
1179 1243 1219 1290 est
1242 1236 1270 1290 in
1297 1236 1409 1291 <tomum
1439 1254 1514 1292 suam
1531 1238 1621 1308 (ibid.)
1651 1262 1661 1285 ι
1680 1239 1742 1295 Post

942 1335 999 1389 haec
1012 1332 1125 1405 contigit
1139 1332 1177 1387 ire
1191 1333 1292 1404 loseph
1321 1333 1476 1388 Bethlehem
1506 1351 1567 1390 cum
1591 1351 1674 1390 uxore
1693 1351 1741 1390 sua

940 1427 1108 1494 pregnante.
1139 1421 1261 1492 Cumque
1289 1421 1394 1493 impteti
1423 1430 1512 1478 essem
1538 1422 1596 1477 dies
1615 1432 1738 1495 ntpare-

940 1519 989 1581 ret,
1019 1509 1127 1568 divertit
1155 1510 1183 1565 in
1210 1510 1355 1580 stabulum,
1382 1519 1409 1566 et
1433 1511 1537 1583 peperit
1560 1511 1617 1566 sine
1632 1511 1736 1580 dolore,

939 1607 967 1655 et
979 1599 1077 1670 pannis
1092 1615 1154 1655 eum
1170 1599 1292 1667 involvit,
1319 1605 1345 1654 et
1360 1599 1453 1655 divina
1476 1601 1596 1671 potentia
1612 1607 1739 1671 operante

88 1698 211 1765 llariarn,
228 1714 289 1769 quoe
303 1698 360 1753 sine
380 1699 482 1754 semine
497 1699 591 1771 genuit
604 1698 737 1754 Christum
750 1716 756 1752 :
769 1696 796 1751 in
807 1711 884 1762 nuce,
900 1691 926 1751 B
941 1705 1018 1753 natus
1032 1705 1072 1751 est
1086 1695 1119 1752 de
1134 1695 1240 1769 virgine
1263 1697 1340 1767 (Luc.
1370 1699 1401 1769 ιι)
1429 1698 1514 1754 llaria
1534 1698 1662 1768 Christus,
1685 1713 1739 1754 non

88 1798 149 1855 quae
162 1781 295 1856 significat
310 1784 480 1839 Dominicum
496 1800 602 1854 corpus,
618 1783 669 1839 tria
681 1789 742 1837 sunt
758 1799 764 1836 :
782 1787 884 1848 cortex,

86 1875 168 1939 testa,
180 1872 298 1927 nucleus.
315 1873 412 1928 Cortex
427 1888 534 1928 amams
548 1870 682 1944 significat
695 1886 814 1935 carnem,
826 1883 886 1939 quta

87 1960 182 2016 habuit
216 1961 347 2032 passionis
389 1960 605 2017 amaritudinem.
639 1961 718 2016 Testa
753 1955 887 2031 significat

86 2074 165 2128 ossa,
184 2060 293 2114 nucleus
307 2059 426 2125 interior,
443 2060 562 2115 animam
574 2059 717 2115 candidam
733 2056 884 2113 virtutibus.

87 2148 154 2203 Cum
180 2148 262 2203 biset
285 2148 418 2203 similibus
446 2157 516 2204 essct
541 2147 649 2204 Domini
673 2146 797 2203 nativitas
820 2160 885 2216 pro-

88 2235 208 2292 nuntiata
232 2244 259 2291 et
285 2236 477 2304 demonstrata,
502 2238 587 2292 voluit
599 2236 732 2292 Dominus
754 2233 887 2304 promissa

88 2325 210 2397 implere.
227 2325 371 2381 llissusest
386 2326 474 2396 itaque
499 2325 608 2382 Gabriel
623 2326 657 2380 ad
672 2325 783 2381 hiarium
799 2321 886 2395 virgi-

89 2430 149 2470 nem
179 2413 207 2468 in
233 2415 376 2481 Nazareth,
397 2415 564 2469 annuntiavit
591 2415 748 2470 descensum
777 2412 886 2468 Domini

87 2504 114 2558 in
133 2509 237 2558 utemm
257 2502 327 2572 ejm.
353 2503 471 2576 Dignum
491 2510 548 2559 erat
565 2510 594 2557 ut
613 2502 733 2571 Gabriel,
749 2502 794 2572 qui
804 2502 888 2573 sorti-

87 2591 153 2649 cano
169 2593 218 2648 Dei
230 2591 337 2659 dieitur,
353 2592 524 2647 annuntiaret
549 2591 712 2647 nasciturum
727 2591 823 2656 Deum,
841 2589 885 2660 qni

89 2679 149 2735 forti
182 2695 264 2735 manu
293 2687 462 2752 pugnaturus
493 2688 587 2736 contra
618 2679 712 2734 mundi
734 2678 886 2750 principem

88 2786 153 2832 erat.
184 2776 217 2832 Et
244 2776 322 2834 valde
350 2777 515 2833 conveniens
544 2783 611 2844 erat,
640 2784 668 2831 ut
692 2776 821 2844 Christus,
842 2773 886 2846 qni

83 2865 150 2922 tiore
162 2864 316 2938 supradicto
343 2866 521 2939 praesignntus
546 2873 611 2930 erat,
628 2864 655 2919 in
669 2865 802 2920 Nazareth
818 2880 887 2920 con·

83 2954 226 3027 ciperctnr,
236 2971 297 3027 quae
310 2956 361 3024 stoa
376 2962 403 3012 et
416 2957 572 3028 virgultum
595 2955 791 3027 interpretatur,
807 2969 888 3027 egre-

81 3044 157 3117 gium
189 3058 382 3115 precursorem
422 3045 525 3099 habuit.
570 3044 704 3117 Egregius
737 3043 923 3136 imperatore

80 3134 213 3189 loannem
226 3133 384 3206 Baptistam,
403 3133 448 3204 qui
464 3134 498 3188 ab
514 3142 589 3188 utero
600 3133 693 3190 matris
703 3133 792 3188 Deum
806 3147 882 3188 reco-

83 3230 188 3302 gnovit,
204 3230 248 3301 qui
261 3246 310 3300 per
323 3230 450 3286 eumdem
477 3232 606 3302 angelum
634 3230 789 3287 Gabrielem
809 3246 880 3286 nun-

81 3317 161 3374 tiatus
188 3326 237 3385 est,
253 3326 279 3375 et
293 3327 386 3375 contra
408 3337 484 3374 usum
507 3327 608 3376 naturae
622 3319 657 3375 de
671 3318 764 3381 sterili,
792 3318 881 3374 Elisa-

82 3405 145 3463 beth
169 3406 294 3464 videlicet
322 3415 437 3481 cognata
466 3408 557 3464 itariae
585 3415 663 3464 natus
686 3416 735 3462 est.
760 3409 790 3462 ln
805 3414 881 3462 sexto

938 1793 1031 1856 aperta
1044 1784 1157 1857 virginis
1184 1792 1272 1856 porta,
1303 1786 1366 1857 qnia
1394 1787 1471 1860 virgo
1498 1794 1561 1843 ante
1579 1795 1696 1860 parturn,
1712 1794 1739 1842 et

940 1870 1017 1942 virgo
1032 1869 1059 1922 in
1074 1875 1162 1940 partu,
1177 1876 1204 1923 et
1218 1869 1295 1941 virgo
1317 1878 1378 1940 post
1403 1877 1520 1940 partum.
1536 1871 1576 1927 De
1586 1873 1637 1927 hac
1651 1871 1739 1944 virgi-

939 1967 981 2023 nis
1004 1975 1082 2037 porta
1101 1965 1171 2021 dixit
1188 1966 1320 2022 Dominus
1339 1967 1373 2022 ad
1392 1969 1560 2025 Ezechielem
1584 1988 1590 2023 ε
1618 1992 1628 2017 ι
1660 1969 1739 2025 Porta

939 2058 997 2112 haec
1015 2072 1096 2126 quam
1112 2055 1187 2111 vides
1201 2055 1292 2111 clausa
1306 2056 1356 2111 erit
1378 2065 1404 2111 et
1423 2073 1476 2112 non
1499 2057 1642 2129 aperietur,
1659 2065 1684 2112 et
1698 2057 1740 2112 vir

939 2162 993 2200 non
1023 2144 1134 2200 transiet
1160 2160 1209 2216 per
1237 2160 1307 2212 earn,
1342 2146 1469 2215 quoniam
1503 2145 1634 2202 Dominus
1666 2145 1738 2200 Dens

939 2234 1021 2289 lsrael
1036 2234 1173 2306 ingressus
1196 2241 1235 2288 est
1262 2250 1310 2305 per
1328 2251 1399 2303 cam,
1416 2243 1442 2291 et
1455 2251 1564 2306 semper
1583 2235 1635 2290 erit
1649 2236 1738 2290 clausa

940 2323 1050 2391 (Ezech.
1067 2322 1151 2393 xarv).
1166 2344 1176 2369 ι
1194 2323 1321 2395 llagnum
1334 2322 1468 2392 meritum,
1480 2340 1609 2396 magnum
1624 2323 1736 2391 donum,

939 2427 1039 2484 magna
1052 2411 1157 2484 gratim
1174 2411 1271 2466 ancilla
1285 2411 1390 2483 peperit
1407 2413 1504 2479 Deum,
1521 2421 1641 2467 creatura
1657 2412 1737 2466 Crea-

940 2518 1035 2578 torem,
1050 2509 1106 2566 lilia
1121 2517 1271 2582 parentem,
1286 2509 1343 2565 filia
1365 2509 1522 2579 divinitatis,
1538 2517 1624 2565 mater
1637 2510 1736 2564 huma·

940 2599 1038 2654 nitatis.
1068 2599 1140 2654 Duas
1168 2599 1322 2654 nativitates
1350 2598 1458 2654 Domini
1483 2597 1639 2670 accipimus,
1655 2612 1737 2652 unam

939 2687 1070 2755 divinam,
1086 2687 1197 2742 alterum
1212 2689 1377 2742 humanam:
1393 2687 1467 2741 illam
1481 2686 1539 2741 sine
1549 2694 1643 2753 matre,
1659 2685 1736 2740 istam

940 2776 1000 2831 sine
1027 2782 1111 2847 patre.
1141 2775 1238 2842 Hodie,
1268 2775 1363 2831 tratres
1395 2774 1554 2843 charissimi,
1570 2774 1737 2830 celebramus

942 2865 1118 2936 temporalem
1131 2863 1298 2918 nativitatem
1312 2870 1423 2935 propter
1441 2878 1491 2919 nos
1502 2870 1650 2934 acceptum,
1665 2876 1736 2934 gau-

941 2955 1053 3009 deamus
1080 2960 1190 3025 propter
1212 2952 1408 3024 reparationem
1432 2959 1562 3007 nostram.
1585 2950 1672 3006 Hodie
1689 2967 1737 3004 su-

938 3042 1022 3114 scepit
1049 3042 1165 3098 mundus
1188 3040 1309 3096 infirmus
1337 3041 1490 3110 sanitatem,
1520 3039 1599 3095 hodie
1615 3037 1737 3110 captivus

936 3140 1097 3206 libertatem,
1129 3137 1209 3193 hodie
1236 3136 1404 3208 recuperarit
1438 3136 1516 3192 exsul
1541 3133 1735 3191 haereditatem.

936 3227 1119 3299 suscipiemus
1135 3226 1215 3281 hodie
1239 3227 1342 3299 Regem
1369 3224 1533 3293 venientem,
1554 3238 1737 3296 praeparemus

936 3314 1089 3371 habitacula
1103 3320 1243 3385 pectorum
1272 3321 1364 3370 contra
1393 3314 1472 3370 talem
1489 3312 1691 3383 imperatorem,
1707 3317 1736 3365 ut

935 3405 1061 3477 dignetur
1076 3418 1123 3458 nos
1137 3403 1257 3473 recipere
1270 3402 1297 3457 in
1311 3401 1411 3458 coelesti
1427 3402 1605 3456 Hierusalem.

113 3745 422 3853 DOMINICA
460 3746 748 3851 PROXIMA
786 3743 948 3850 POST
983 3743 1421 3847 ttnvtVtt‘tvtatt
1458 3743 1702 3847 DOMINI.

124 4032 135 4058 a
153 4010 232 4067 Ibant
246 4014 394 4084 paterdesn
410 4022 435 4067 et
451 4021 536 4069 mater
553 4012 716 4068 admirantes
740 4028 821 4082 super
843 4011 884 4065 his

86 4115 147 4169 quae
161 4100 319 4156 dicebantur
346 4102 380 4156 de
409 4101 466 4169 illo,
496 4108 522 4155 et
548 4100 687 4155 benedixit
705 4099 758 4153 illis
772 4099 883 4155 Simeon

37 4210 42 4215 ·
86 4188 219 4258 (Laeni).
238 4214 248 4238 ι

122 4277 232 4347 (Dent.)
260 4281 370 4350 loseph,
408 4280 471 4349 quia
508 4278 630 4333 nutritius
658 4286 723 4342 erat,
744 4284 771 4331 et
792 4275 883 4331 llariae

87 4365 187 4421 lamam
204 4368 364 4423 observabat
375 4368 522 4423 seeundum
538 4367 694 4437 opinionem
709 4365 793 4437 iugi,
807 4366 883 4419 Pater

86 4454 235 4511 Salvatoris
248 4457 408 4527 appellatur.

125 4566 136 4590 e
154 4545 186 4598 Et
199 4544 267 4598 dixit
282 4546 316 4600 ad
331 4546 443 4600 Mariam
464 4555 575 4600 matrem
592 4545 667 4613 ejus:
695 4544 763 4598 Ecce
782 4542 883 4613 positus

87 4638 127 4685 est
141 4632 185 4687 hic
200 4632 226 4687 in
240 4633 344 4689 ruinam
370 4634 436 4689 etin
452 4633 672 4688 resurrectionem
697 4632 840 4687 multorum
856 4630 883 4685 in

87 4721 168 4776 lsrael
184 4728 209 4776 et
223 4721 250 4775 in
265 4721 372 4794 signum
388 4722 430 4777 cni
445 4722 651 4778 contradicetur,
668 4745 679 4769 ι

121 4810 272 4866 lnruinam
299 4811 443 4867 multomm
468 4811 570 4880 positus
586 4818 626 4867 est
649 4810 795 4876 Dominus,
820 4810 883 4880 quia

85 4898 142 4970 ipse
151 4906 192 4954 est
202 4899 270 4972 lapis
280 4899 445 4963 offensionis,
458 4908 482 4953 et
491 4907 566 4972 petra
576 4899 704 4965 scandali,
716 4899 741 4953 id
752 4900 882 4955 estruinae

86 4986 127 5040 his
151 4988 196 5057 qui
224 4986 363 5044 offendunt
391 4988 484 5057 verbo,
510 5005 559 5045 nec
586 4988 706 5043 credunt.
730 4988 770 5043 De
786 4987 882 5058 quihus

84 5074 142 5146 ipse
169 5075 279 5132 dicitu«
312 5076 340 5132 Si
369 5093 423 5132 non
451 5078 584 5133 venissem
613 5084 639 5132 et
658 5076 882 5131 locutusoisnon

84 5163 204 5229 fuissem,
235 5173 375 5237 peecatum
404 5181 458 5221 non
488 5166 619 5221 haberent
640 5167 730 5235 (donn.
747 5164 804 5234 xv).
823 5188 833 5211 ι
852 5167 881 5220 ln

81 5255 303 5319 resurrectionem
332 5262 422 5310 autem
450 5255 553 5325 positus
580 5262 631 5329 est,
661 5254 724 5325 quia
744 5255 883 5309 credentes

83 5342 110 5397 in
139 5359 200 5398 eum
231 5351 433 5399 resurrexerunt
448 5360 462 5398 a
478 5344 595 5415 peccatis
618 5360 668 5413 per
695 5359 767 5399 eum.
784 5346 813 5398 lu
828 5343 882 5400 suis

82 5432 305 5502 predicatoribus
341 5449 448 5503 quoque
472 5434 573 5505 positus
607 5442 646 5488 est
674 5433 700 5488 in
726 5432 831 5488 ruinam
857 5440 883 5487 et

80 5521 313 5586 resurrectionem,
344 5529 373 5575 ut
401 5521 437 5575 ait
466 5522 630 5593 Apostolus:
651 5522 776 5577 «Christi
797 5521 883 5577 bonus

82 5608 150 5664 odor
165 5626 257 5664 suiuus
272 5609 328 5665 Deo
345 5609 372 5663 in
387 5610 429 5664 his
443 5610 486 5681 qui
510 5610 577 5665 salvi
605 5608 681 5677 liunt,
698 5617 724 5666 et
739 5610 766 5664 in
781 5611 822 5666 his
836 5611 882 5681 qui

79 5707 193 5771 pereunt
206 5699 244 5771 (ll
259 5697 323 5756 Cor.
343 5697 383 5769 ιι).
403 5722 414 5745 ι
438 5698 550 5775 Signum
576 5698 618 5754 cui
641 5698 838 5756 contradicetur
851 5698 882 5753 ti-

937 4013 999 4067 dem
1015 4010 1163 4068 Dominicae
1182 4009 1269 4064 crucis
1283 4006 1384 4078 accipe,
1400 4007 1434 4062 de
1448 4022 1501 4076 qua
1515 4005 1600 4060 Judaei
1620 4005 1654 4060 ad
1668 4006 1735 4059 l‘au·

936 4102 991 4156 lum
1008 4101 1147 4155 dixemnt:
1165 4099 1204 4152 De
1220 4099 1270 4151 hac
1297 4105 1370 4151 secta
1398 4103 1490 4151 notum
1505 4102 1545 4148 est
1557 4092 1645 4159 nobis,
1662 4093 1733 4162 quod

936 4195 1037 4264 ubique
1051 4193 1076 4248 ei
1092 4191 1301 4249 contradicetur.
1319 4214 1329 4239 ι
1356 4192 1389 4245 Ει
1412 4199 1485 4246 tuam
1509 4188 1592 4260 ipsius
1615 4187 1734 4242 animam

938 4281 1098 4353 petransibit
1111 4281 1227 4352 gladius,
1245 4304 1256 4328 ι
1275 4279 1302 4334 id
1330 4288 1370 4334 est
1396 4279 1474 4334 dolor
1501 4276 1650 4333 Dominicae
1674 4292 1735 4346 pas·

937 4370 1030 4438 sionis,
1045 4369 1108 4439 quia
1123 4384 1177 4425 non
1201 4369 1286 4440 potuit
1310 4368 1407 4423 Filium
1431 4366 1521 4423 videre
1544 4364 1663 4437 cruciligi
1678 4365 1736 4421 sine

938 4458 1034 4515 atleetu
1049 4458 1162 4513 materni
1177 4457 1288 4524 doloris,
1304 4457 1351 4512 etsi
1373 4455 1499 4528 sperabat
1512 4462 1733 4511 resurrecturum.

937 4549 1027 4618 Usque
1055 4547 1089 4602 ad
1118 4545 1199 4601 tidem
1232 4547 1322 4602 saeculi
1349 4545 1468 4601 animam
1489 4544 1617 4600 Ecclesiae
1629 4543 1736 4616 gladius

939 4636 1117 4692 tribulationis
1132 4635 1283 4707 pertransit,
1308 4652 1368 4691 cum
1384 4635 1464 4707 signo
1479 4634 1541 4689 fidei
1556 4632 1591 4688 ab
1606 4630 1737 4704 improbis

938 4725 1138 4792 contradicitur,
1154 4741 1214 4780 cnm
1231 4725 1329 4779 multos
1340 4740 1417 4780 ruere
1433 4723 1514 4778 ridet.
1541 4721 1633 4777 Aliter.
1650 4718 1734 4791 (Ont-

936 4818 1054 4883 oesas.)
1083 4814 1186 4868 Positus
1201 4822 1241 4869 est
1262 4813 1393 4868 Dominus
1421 4814 1448 4867 in
1472 4813 1577 4867 ruinam
1597 4809 1734 4876 vitiorimr,

936 4910 963 4958 et
989 4903 1017 4957 in
1042 4902 1264 4958 resurrectionem
1288 4902 1424 4966 virtutum,
1456 4916 1505 4956 nec
1528 4898 1557 4952 fit
1576 4895 1734 4952 resurrectio

937 4992 985 5047 nisi
1000 4991 1078 5046 ruina
1092 4990 1235 5061 precedat.
1251 4988 1350 5045 Omnia
1375 5006 1436 5059 quae
1449 4989 1482 5043 de
1507 4987 1611 5043 Christo
1625 5001 1735 5040 namnu-

936 5089 987 5149 tur,
1004 5081 1076 5151 quod
1090 5087 1168 5135 natus
1191 5079 1224 5134 de
1248 5077 1362 5151 virgine,
1387 5077 1459 5148 quod
1485 5075 1639 5142 resurrexit,
1663 5074 1734 5145 quod

933 5169 1024 5240 intruis
1060 5167 1157 5223 clausis
1193 5165 1310 5232 intravit,
1344 5166 1445 5232 omnia,
1471 5166 1589 5235 inquam,
1625 5163 1733 5238 signum

936 5266 996 5311 sunt
1016 5257 1058 5312 cui
1082 5256 1273 5312 contradicitur
1296 5256 1330 5310 ab
1354 5253 1514 5309 infidelibus.
1536 5254 1735 5319 (sineremus.)

939 5345 1050 5399 «Tuam
1081 5345 1164 5416 ipsius
1189 5344 1309 5399 animam
1337 5341 1508 5415 pertransibit
1526 5342 1641 5414 gladius,
1661 5365 1671 5388 v
1690 5340 1736 5411 qui

937 5441 976 5487 est
991 5433 1104 5488 verbum
1129 5433 1189 5498 Dei,
1209 5433 1332 5487 revelans
1356 5430 1403 5486 tibi
1428 5431 1570 5503 mysterie;
1590 5456 1601 5475 ι·
1622 5437 1649 5484 nt
1663 5445 1736 5485 rere

936 5523 1024 5577 lentur
1051 5539 1085 5576 ex
1113 5522 1204 5577 multis
1235 5521 1362 5577 cordibus
1380 5520 1568 5593 cogitationes.
1589 5542 1599 5567 ι
1624 5519 1733 5587 (Dana.)

936 5613 1003 5666 Ante
1018 5619 1075 5667 crat
1096 5611 1237 5677 incertum,
1268 5610 1331 5682 quia
1351 5610 1505 5666 Judaeomm
1534 5608 1665 5664 Christum
1689 5621 1735 5659 re-

936 5700 1066 5773 ciperent,
1089 5700 1134 5775 qui
1153 5707 1313 5774 respuerent
1325 5720 1339 5771 ·,
1358 5700 1413 5755 sed
1428 5697 1528 5757 andana
1540 5695 1692 5747 naimone
1699 5703 1751 5738 ss-
