3780 6038
104 231 158 284 913
596 217 886 277 1111111011111οΝ118
905 214 959 271 SS.
987 214 1138 271 rathen.
1155 226 1189 257 ²-
1207 214 1270 270 LID.
1281 215 1303 274 1.
1707 216 1761 273 tta

105 349 223 420 sionem,
238 348 288 405 sed
302 355 365 420 post
378 347 476 406 decern
490 345 550 403 dies
563 344 672 401 miserit
683 342 816 416 apostolis
837 340 902 413 spi·
915 343 943 403 Α
957 339 1089 395 muudum
1101 339 1194 409 (loun.
1207 338 1239 407 ι),
1254 336 1290 393 ad
1302 334 1437 405 coelestia,
1457 337 1522 410 qula
1545 353 1596 410 per
1617 339 1762 399 ascensio.-

106 441 189 497 ritum
202 446 327 495 sanctum
346 438 421 510 (let.
447 439 489 507 ιι).
515 434 558 492 Ob
582 442 637 491 tres
658 435 752 504 ntique
778 446 879 489 causas
897 446 904 485 ι
959 457 1023 497 nem
1037 440 1097 512 ejns
1112 440 1177 496 luns
1189 438 1264 495 stetit
1276 438 1305 493 in
1319 438 1430 496 ordine.
1448 439 1525 497 Luna
1542 440 1668 498 Ecclesia
1689 440 1762 499 dici·

103 529 194 600 rrius
210 569 218 595 t
238 534 266 585 ul
283 525 401 599 ⁸D0⁵i0¹i
416 524 532 596 J'ul'uniis
548 531 574 581 0¹
588 539 619 581 01
620 522 759 579 ⁸¹i⁰¹¹ib¹1⁵
773 538 804 577 ⁸⁰
827 528 907 591 811108
962 547 1015 606 tur,
1031 538 1094 610 quia
1108 537 1181 595 siout
1195 536 1258 592 luna
1272 535 1363 592 lumen
1378 536 1506 610 recipite
1521 537 1591 605 acle,
1607 537 1647 595 ita
1660 538 1763 597 Eccle-

109 641 171 683 esse
184 624 317 683 adventui
332 631 522 696 praepmtenl
536 623 615 692 01083
636 620 769 687 Secundo.
791 619 863 692 quod
879 618 907 675 hi
961 626 1009 681 siae
1023 624 1149 682 delectus
1162 642 1180 681 a
1193 625 1305 683 Christo
1320 624 1500 694 illuminatur,
1517 634 1544 683 ει
1559 627 1629 683 sicut
1644 627 1708 683 luna
1718 643 1764 700 pa·

109 714 240 787 Spiritum
254 722 380 771 sanctum
394 713 580 784 perciperent,
596 710 640 785 qni
657 712 753 767 decem
768 716 907 780 praecepta
962 715 1026 769 titur
1040 714 1188 785 aliqnando
1204 714 1340 786 eclipsim,
1355 714 1393 771 ita
1401 714 1527 772 Ecclesia
1537 715 1607 773 inter
1624 716 1764 787 mandens

108 804 248 875 emisseni
264 822 271 871 ι
288 802 379 871 tertio,
396 801 511 874 <1¹¹0di¹1
527 800 755 873 111111110311110
769 798 814 853 die
829 812 846 852 ἃ
861 813 909 853 ‘0‘
961 813 1069 870 tolerat.
1085 813 1140 869 Sed
1154 814 1213 870 bsec
1226 813 1289 869 luna
1305 821 1367 885 post
1380 814 1571 871 ascensionem
1585 815 1686 872 Christi
1702 823 1763 875 ειε-

107 900 287 967 surrectione,
304 900 374 957 sicul
388 899 505 971 populns
520 899 570 954 Dei
583 905 650 969 post
663 896 856 953 liberationem
873 894 908 950 ab
963 903 992 958 tir
1006 902 1034 959 in
1049 902 1147 958 ordine
1161 918 1226 959 suo,
1245 902 1333 969 steria,
1359 904 1421 977 quia
1444 902 1473 959 in
1495 904 1694 976 praedicatione
1716 921 1765 963 η.

107 992 235 1064 AEgypto,
251 989 480 1061 quinquagesimo
495 988 543 1044 die
558 987 663 1059 aceepit
678 986 770 1059 legem
790 984 907 1048 timoris,
962 991 1058 1058 crevit,
1076 991 1138 1064 quia
1152 992 1187 1049 ad
1202 991 1389 1049 tribulationes
1403 992 1552 1065 patiendas
1562 994 1677 1051 exarsit
1687 994 1765 1053 Tunc

107 1080 144 1135 ita
158 1076 408 1151 populushdelinm
418 1076 769 1147 postliheralionemsuam
780 1090 796 1131 a
807 1073 908 1130 munde
964 1091 1068 1156 purus,
1085 1089 1132 1160 qui
1146 1090 1182 1145 ad
1198 1104 1292 1146 vocem
1309 1089 1426 1146 ostiaria.
1442 1090 1595 1160 mappis,
1611 1092 1647 1149 ,d
1666 1108 1763 1152 vm

107 1176 338 1251 quinquagesimo
353 1176 398 1233 dic
413 1175 551 1247 acciperet
567 1175 659 1246 legem
673 1174 784 1230 amoris.
807 1174 838 1227 ln
861 1172 908 1242 jn·
962 1179 1082 1235 Neronis
1097 1178 1251 1235 resistentis
1266 1194 1320 1234 non
1336 1180 1463 1237 recessit.
1484 1181 1549 1239 llaec
1571 1182 1700 1239 ascensio
1720 1189 1764 1241 ssi

108 1266 190 1323 bilaeo
204 1265 298 1333 etiam,
313 1264 341 1321 id
364 1273 405 1320 est
431 1264 664 1338 quinquagesimo
691 1278 777 1330 anno,
805 1261 909 1332 recepit
963 1285 1034 1324 nnus
1049 1268 1083 1324 de
1097 1268 1212 1324 saltibus
1226 1266 1345 1336 Domini,
1362 1268 1397 1325 de
1411 1268 1510 1342 quibus
1520 1269 1585 1326 lacit
1596 1271 1766 1329 mentionem

106 1355 224 1428 popurus
242 1354 374 1411 amissam
400 1353 555 1409 rrueunem
585 1361 611 1409 u
639 1352 852 1420 assensuum,
883 1357 910 1407 et
963 1365 1093 1422 Sarouon
1108 1364 1136 1420 u
1151 1365 1270 1421 cantius
1285 1381 1293 1420 ι
1311 1387 1323 1413 «
1340 1365 1767 1424 necavenrermrensrnmon-

108 1455 161 1511 hac
189 1454 235 1510 die
266 1451 369 1524 recepit
409 1452 527 1524 populns
568 1451 740 1507 Christianus
779 1449 910 1505 amissam
965 1454 1047 1523 tibus,
1064 1462 1090 1509 ει
1106 1452 1264 1509 transiliens
1278 1453 1498 1525 monteslcmrt.
1516 1453 1582 1527 u).s
1600 1454 1768 1514 Saliensre·

108 1542 261 1599 libertatern
277 1550 304 1599 et
325 1541 447 1613 paradisi
470 1540 674 1601 hereditatem.
702 1539 792 1595 Habet
818 1538 910 1609 itaque
963 1541 1013 1612 nit,
1031 1542 1077 1615 qui
1091 1542 1228 1598 veniendo
1242 1541 1278 1598 sd
1292 1543 1511 1616 redemptionem
1534 1551 1659 1601 nostram
1678 1559 1766 1617 quea·

110 1632 232 1689 Christus
242 1648 313 1689 nunc
321 1630 431 1703 plenum
441 1630 572 1702 [studium
584 1647 591 1695 ι
604 1627 810 1702 q1¹⁰ddmm0d⁰
818 1628 908 1693 hilm,
965 1641 1030 1695 dam
1046 1640 1131 1696 saltus
1145 1641 1219 1696 dedit
1233 1640 1268 1697 de
1281 1641 1364 1708 coelo,
1384 1641 1531 1698 senicnain
1541 1649 1622 1699 utero
1632 1641 1764 1717 Virginis,

109 1730 313 1802 quodammodo
327 1744 382 1784 non
398 1729 496 1788 hahet:
511 1735 642 1799 «punctum
653 1726 741 1782 adsui
760 1740 907 1797 personam
922 1708 949 1768 Β
964 1729 999 1785 de
1011 1728 1131 1786 utero-in
1146 1728 1321 1801 praesepium,
1333 1730 1368 1785 de
1378 1730 1513 1802 presepio
1524 1730 1634 1788 venitin
1645 1747 1766 1798 crucem,

108 1819 298 1890 plenissimum
311 1836 319 1885 ;
334 1824 465 1890 quantum
480 1817 515 1872 nd
531 1832 632 1887 corpus
651 1833 741 1880 suum,
768 1815 843 1887 qnod
866 1822 910 1870 est
962 1818 998 1874 de
1012 1833 1095 1875 cruce
1110 1818 1183 1874 venit
1197 1817 1225 1873 iu
1240 1818 1406 1891 sepulerum,
1424 1818 1458 1875 de
1487 1820 1614 1891 sepulcro
1638 1819 1720 1877 rediit
1739 1820 1768 1876 in

107 1906 242 1974 Ecclesia,
258 1907 348 1962 adhuc
363 1905 484 1961 minime.
518 1907 543 1960 h
569 1905 676 1965 ludaeis
709 1904 783 1960 enirn
815 1903 909 1959 adhuc
962 1916 1071 1973 euplum,
1086 1915 1165 1974 Unde
1178 1917 1217 1971 ait
1230 1916 1362 1988 propheta
1378 1917 1577 1975 „flammeis
1596 1924 1626 1973 ut
1641 1918 1764 1991 gigas,-

109 2004 324 2076 blasphematur,
340 2020 356 2059 a
370 2004 498 2076 gentibus
512 2002 706 2069 subsannatur,
722 2002 757 2057 ab
771 2000 909 2057 haereticis
962 2012 1016 2067 etc,
1032 2005 1123 2076 (Psul.
1138 2010 1223 2073 arun)
1248 2006 1324 2062 Hanc
1350 2005 1560 2063 exsultationem
1588 2005 1653 2067 alibi
1680 2006 1768 2065 deno·

107 2093 282 2159 dilaceratur,
297 2093 408 2148 amalis
423 2092 587 2148 Christianis
611 2092 798 2162 impugnatur,
823 2107 838 2146 a
857 2106 908 2145 sa·
963 2092 1052 2149 terit:
1072 2116 1082 2142 ι
1100 2094 1140 2149 1)ε
1154 2100 1277 2151 ιοιιειιιε
1289 2093 1319 2148 in
1333 2093 1376 2151 sia
1395 2094 1471 2151 bibat
1490 2095 1581 2165 (Pscl.
1606 2096 1674 2168 crs).
1693 2116 1705 2145 ι
1730 2096 1764 2151 ln

107 2183 265 2241 Deldoiibllss
279 2182 392 2237 luxuriae
404 2180 515 2247 (1θᾶ11111,
531 2187 558 2236 Di
572 2181 608 2235 Db
630 2181 684 2236 hoc
707 2179 816 2251 publice
838 2194 909 2235 EDD·
963 2190 1064 2245 mundo
1076 2198 1135 2247 erat
1145 2198 1257 2247 torpens
1267 2190 1494 2249 mortigdessueng
1513 2207 1530 2247 g
1549 2200 1661 2264 pgggglo
1684 2191 1766 2265 primi

106 2280 297 2345 thematizatis,
323 2279 512 2349 silipenditur.
532 2280 563 2332 ln
587 2277 721 2333 membris
745 2276 828 2333 etiam
852 2276 909 2331 snis
964 2279 1095 2350 parentis.
1110 2280 1150 2337 De
1164 2280 1207 2335 bis
1222 2279 1249 2335 in
1265 2280 1309 2336 ria
1321 2280 1400 2347 bibit,
1417 2280 1481 2351 quia
1494 2288 1609 2339 mortem
1625 2281 1654 2336 in
1673 2289 1764 2338 trans·

107 2365 348 2439 quolidiepalilut'.
367 2365 434 2420 Cum
449 2363 613 2419 haecomnia
637 2363 675 2418 ad
700 2378 730 2418 sc
753 2361 908 2433 collegerit,
963 2368 1001 2425 itu
1015 2369 1146 2441 gustavit,
1162 2377 1244 2440 atque
1264 2368 1327 2426 ideo
1349 2369 1483 2426 exaltavit
1503 2377 1595 2442 caput,
1623 2369 1687 2442 quia
1712 2371 1766 2428 hoe
1793 2388 1796 2393 ·

108 2464 172 2511 ¹⁰⁰⁰
188 2455 298 2527 Plenum
314 2453 445 2527 Eludluffl
461 2452 579 2508 babebit·
605 2451 749 2521 Q¹¹⁰¹¹¹0d⁰
776 2467 841 2507 l'0s0
867 2455 910 2506 esi
965 2467 1036 2538 qnod
1048 2466 1193 2523 moriendo
1208 2466 1236 2521 in
1247 2467 1378 2538 sepulcro
1388 2467 1489 2538 posuit,
1500 2467 1672 2540 resurgendo
1683 2483 1767 2541 snper

108 2552 234 2611 Ecclesia
249 2555 306 2623 ejus
320 2567 430 2623 corpus,
445 2558 472 2607 et
486 2550 566 2607 electi
580 2550 704 2605 membra
718 2549 732 2604 l
747 2549 826 2606 Sicut
845 2565 910 2607 cor·
964 2556 1081 2627 angelos
1095 2556 1207 2626 levarit.
1224 2556 1336 2615 berarit
1350 2572 1433 2629 snper
1445 2556 1561 2630 angelos
1576 2566 1767 2630 postresurro

109 2659 161 2717 pus
174 2642 256 2713 capiti
275 2641 392 2699 inheret
419 2648 445 2696 et
467 2641 502 2695 ab
524 2655 558 2696 eo
580 2639 694 2712 regitur,
723 2638 760 2694 ita
789 2638 910 2695 Ecclesia
964 2644 1081 2700 ctionem
1096 2644 1247 2699 humanam
1262 2653 1397 2711 naturam,
1413 2660 1474 2717 qus
1495 2644 1573 2719 prins
1596 2653 1656 2703 erat
1677 2645 1768 2705 minor

113 2748 167 2803 l)er
180 2740 379 2788 8301111181]ῑῦῐῦ
402 2729 529 2802 ⁰0fD⁰ri⁸
551 2727 650 2784 Chlissli
675 2728 701 2784 ⁰1
721 2727 910 2799 0⁰⁰J⁰¹¹ssl¹¹¹ls
964 2740 1083 2815 angelis.
1099 2741 1177 2798 Unde
1191 2742 1323 2814 scripturn
1339 2748 1380 2798 est
1399 2759 1406 2796 :
1425 2764 1436 2790 ι
1453 2742 1574 2799 llinuisli
1596 2758 1660 2801 enm
1683 2741 1766 2816 paulo

110 2829 168 2887 imo
182 2845 265 2885 unum
280 2845 340 2887 cnm
355 2844 389 2885 eo
403 2827 530 2895 eflicitur,
551 2843 568 2883 a
592 2843 646 2900 quo
667 2842 764 2883 omues
789 2825 858 2897 justi
882 2824 910 2881 in
964 2830 1056 2885 minus
1070 2830 1105 2885 ab
1122 2829 1230 2903 angelis
1243 2832 1336 2903 (Psoi.
1354 2830 1425 2902 vrrs).
1444 2854 1456 2882 ι
1474 2830 1599 2900 Quandiu
1614 2831 1687 2891 eninr
1700 2847 1780 2904 pas-.

109 2935 160 2975 sno
175 2919 273 2976 ordine
289 2926 317 2975 ut
332 2918 456 2975 membra
470 2934 487 2972 a
500 2917 590 2989 capita
604 2917 802 2989 gubernantur.
826 2915 911 2985 Cujus
965 2919 1052 2975 sibilis
1067 2919 1114 2975 luit
1129 2928 1156 2976 et
1170 2919 1305 2987 mortalis,
1321 2919 1411 2977 minor
1433 2919 1482 2977 init
1506 2919 1636 2993 angelice
1656 2930 1764 2989 natura,

108 3005 822 3081 08111130θῦ11ΡΓΟΡΉΘΏΛΠΠἮΠΓΒΡΐῑθιῑᾰθῐΰῦῑί
842 3019 910 3059 3θῦ-
964 3034 1025 3090 quse
1040 3017 1201 3074 immortalis
1216 3026 1267 3073 eat.
1283 3017 1338 3074 Sed
1354 3026 1499 3090 postquam
1514 3019 1588 3075 Deus
1604 3019 1686 3075 l‘ater
1699 3018 1765 3093 glo·

108 3104 146 3163 cti
159 3104 286 3177 apostoli,
301 3104 348 3176 qui
361 3104 430 3161 alios
444 3105 479 3161 de
493 3104 537 3160 ria
548 3103 651 3160 erroris
666 3103 700 3158 ad
714 3103 806 3159 lumen
825 3101 909 3171 justi·
922 3076 948 3141 C
963 3105 1004 3161 ria
1018 3106 1231 3165 resurrectionis
1245 3106 1389 3165 ethonore
1403 3106 1615 3164 immortalitatis
1629 3123 1692 3163 enm
1717 3121 1766 3165 ee·

110 3194 159 3251 lisa
169 3194 354 3250 deduxerunt.
369 3196 458 3250 Aures
473 3200 536 3250 sunt
549 3192 720 3259 obedientes,
739 3207 821 3247 naras
844 3198 910 3247 sunt
963 3195 1081 3265 sonarit,
1097 3195 1144 3268 qni
1158 3195 1233 3266 prins
1256 3195 1346 3253 minor
1374 3204 1441 3267 erat,
1466 3212 1551 3268 snper
1578 3195 1694 3268 angelos
1723 3202 1766 3253 est

111 3282 224 3339 discreti
240 3301 248 3350 ;
263 3282 364 3355 flegma
378 3281 451 3354 quod
464 3297 514 3353 per
532 3297 615 3337 nares
642 3280 751 3351 ejicitur
773 3279 907 3347 heretici,
964 3283 1066 3340 lactus.
1729 3310 1731 3314 Α

108 3382 157 3454 qui
167 3380 268 3451 judicio
280 3380 462 3438 discretorum
477 3378 511 3436 de
526 3379 613 3451 capite
628 3379 729 3435 Christi
750 3394 908 3451 emungun-

108 3477 161 3527 tur.
177 3469 215 3527 Os
230 3478 340 3527 mactes
360 3470 496 3539 doctores,
527 3469 624 3526 dentes
651 3483 737 3525 sacre
760 3467 909 3539 Scripturas
998 3431 1067 3488 cum
1082 3431 1166 3507 igilur
1179 3430 1270 3506 angeli
1297 3432 1443 3489 humum
1471 3440 1596 3490 mmmm
1627 3429 1762 3507 meum

107 3559 291 3632 expositores,
308 3576 405 3617 manas
420 3559 550 3616 Ecclesiae
560 3559 731 3627 deleusorss,
741 3557 827 3630 pedes
836 3555 909 3630 agri·

107 3658 179 3717 colae
193 3658 344 3715 Ecclesiam
359 3666 512 3729 pascentes.
530 3659 616 3714 Porro
630 3656 719 3725 fimus,
733 3655 778 3727 qui
793 3654 827 3711 de
838 3671 908 3713 ren-

107 3756 150 3805 tre
164 3747 296 3822 egeritur,
313 3755 375 3803 sunt
387 3747 519 3804 immundi
534 3755 562 3803 ει
584 3745 715 3801 luxuriosi
737 3744 832 3801 altaris
854 3744 909 3800 mi·-

107 3837 197 3903 nistri,
214 3844 241 3893 et
254 3836 300 3893 alii
312 3836 381 3891 inira
398 3836 551 3893 Ecclesiam
578 3834 734 3903 facinorosi,
764 3834 810 3907 qni
837 3850 908 3889 ren-

108 3940 179 3991 trem
193 3935 292 3990 matris
307 3934 439 3991 Ecclesiae
453 3941 575 4002 onerant,
592 3949 661 4005 qnos
675 3949 726 4004 per
736 3932 833 3988 mortis
842 3947 909 4003 ege·

109 4023 226 4081 monem
241 4024 383 4079 demones
398 4032 427 4079 nt
441 4022 518 4095 porci
532 4023 684 4081 devorant.
702 4021 866 4094 igiturquia
880 4021 913 4075 in

109 4111 277 4168 ascensione
292 4112 395 4167 domini
410 4111 496 4167 induti
513 4128 606 4167 sumus
621 4110 758 4182 corporali
767 4110 825 4180 ejus
834 4125 908 4181 prse-

110 4201 208 4266 seutia,
229 4200 264 4255 ad
283 4208 413 4261 aeternam
432 4201 565 4258 visionem
590 4200 650 4270 ejus
678 4207 735 4255 tota
756 4197 908 4254 intentione

108 4289 283 4346 festinemus.

454 4422 568 4463 bttttslo.

145 4548 315 4605 Domininam
330 4547 520 4603 ascensionem
535 4547 661 4604 llabaenc
678 4547 812 4618 propheta
836 4559 908 4615 prae-

108 4638 207 4692 sidens
222 4637 257 4692 ait
273 4653 279 4691 ε
298 4659 308 4685 ι
327 4636 455 4692 Eleratus
469 4646 512 4691 est
528 4636 580 4701 sol,
596 4644 623 4691 et
639 4637 701 4691 luna
717 4636 790 4690 stetit
805 4634 832 4690 in
856 4649 907 4689 or-

109 4726 174 4782 dine
188 4742 237 4782 suo
247 4726 359 4797 tilubcc.
376 4734 415 4797 v).
435 4747 446 4772 u
464 4726 530 4780 Cum
541 4726 613 4780 enim
625 4725 757 4779 Dominus
767 4724 795 4778 in
806 4722 909 4778 mundo

110 4838 175 4883 cnm
187 4823 328 4895 discipulis
343 4832 497 4881 moraretur
511 4823 582 4890 suis,
596 4822 713 4894 apostoli
732 4822 759 4876 in
784 4836 909 4892 presen-

110 4912 148 4971 tia
162 4912 269 4967 Domini
284 4912 463 4983 confidentes,
480 4928 534 4967 uon
548 4912 584 4967 ad
602 4911 725 4968 scelestis
736 4910 908 4983 aspirabant,

112 5001 175 5067 sed,
190 5008 335 5073 postquam
350 5018 381 5057 se
397 5002 532 5056 Dominus
545 5000 580 5055 ad
594 5016 690 5057 eorum
704 5000 792 5056 oculis
807 5000 909 5055 absen-

111 5098 190 5165 tavit,
206 5106 233 5153 et
245 5098 273 5153 in
287 5097 389 5153 coelum
405 5099 535 5154 aseendit.
552 5096 616 5166 Quo
631 5097 763 5153 Dominus
778 5095 909 5151 aseende-

110 5197 164 5255 rat,
175 5186 273 5243 milites
283 5186 414 5243 inhiando
429 5187 542 5258 eupiunt
556 5186 720 5243 ascendere.
749 5186 813 5240 llaec
836 5184 910 5240 enim

110 5277 282 5334 consuetudo
296 5276 367 5333 inter
381 5293 432 5332 nos
441 5283 482 5333 est
492 5285 519 5333 nt
531 5274 636 5331 familia
647 5290 741 5345 regem
750 5273 910 5346 proceden-

109 5383 168 5433 tem
184 5374 263 5447 sequi
277 5374 425 5430 desideret.
442 5374 519 5430 Unde
532 5374 570 5429 nit
584 5372 712 5431 Ecclesia
727 5373 754 5428 in
769 5372 910 5429 Canticis:

112 5490 124 5519 ι
143 5466 234 5521 Truhe
248 5480 291 5519 me
306 5472 408 5534 postte
423 5466 515 5533 (Ceut.
532 5466 563 5533 r).
580 5486 591 5512 ι
608 5462 691 5519 Trahi
706 5461 778 5519 eninr
799 5462 910 5519 deside-

109 5553 192 5615 rabat
204 5552 239 5609 ad
253 5553 360 5624 Regem
375 5552 580 5619 ascendentem,
594 5562 742 5627 postquam
748 5552 912 5610 caruitcon-

110 5652 247 5713 solatione
260 5648 324 5721 eins
336 5649 504 5722 presertim.
518 5650 585 5707 ldae
598 5650 722 5708 elevatus
737 5659 781 5709 est
796 5651 850 5720 sol,
864 5650 913 5723 qni

110 5740 248 5809 illuminat
273 5754 386 5799 mam
420 5738 559 5797 bominem
583 5739 740 5801 venientem
773 5740 804 5803 ln
838 5740 911 5799 bunc

962 3530 1102 3601 praelatanr
1117 3528 1253 3597 viderent,
1271 3531 1317 3603 qui
1331 3531 1406 3603 prins
1419 3531 1455 3586 ab
1469 3529 1629 3588 bominibus
1653 3546 1684 3587 aa
1710 3530 1764 3587 ad·

962 3619 1033 3675 orari
1048 3619 1230 3691 patiebantur,
1243 3619 1278 3674 ab
1293 3621 1411 3677 hnmano
1427 3636 1530 3694 genere
1544 3621 1582 3675 ita
1597 3620 1716 3677 exaltato
1733 3633 1765 3676 sa

962 3708 1069 3765 adorari
1079 3718 1173 3781 postea
1186 3709 1343 3765 timuerunt.
1358 3710 1498 3765 Abraham
1525 3709 1652 3766 adoravit
1675 3724 1769 3789 ange-—

962 3804 1019 3862 lum
1033 3823 1096 3864 cum
1110 3815 1165 3863 tres
1180 3806 1257 3875 vidit,
1273 3814 1301 3863 et
1315 3824 1400 3863 unum
1412 3804 1546 3876 adoravit,
1562 3822 1614 3864 nec
1624 3804 1766 3879 prohibuit

961 3898 1044 3968 (Gerr.
1060 3899 1145 3967 reru).
1158 3896 1252 3952 Voluit
1265 3896 1381 3953 adorare
1403 3895 1525 3952 loannes
1544 3894 1674 3970 angelum
1702 3902 1765 3966 post

963 3986 1202 4060 resurrectionem,
1216 4001 1268 4042 nnc
1281 3985 1316 4041 ab
1336 3985 1436 4058 angelo
1450 3984 1601 4056 permissus
1612 3991 1654 4039 est
1667 3984 1762 4055 (apoc.

963 4088 1033 4157 xm).
1052 4084 1397 4157 Despiciebantbominem
1423 4082 1499 4155 prius
1526 4097 1608 4154 quem
1635 4079 1763 4137 ridebant

963 4174 1044 4245 culpa
1058 4190 1105 4228 sua
1120 4174 1273 4228 exsulatum
1290 4191 1297 4241 ;
1318 4174 1521 4229 honoraverunt
1544 4169 1665 4225 hominis
1687 4176 1764 4227 natu·

962 4281 1033 4330 ram,
1049 4278 1130 4336 quam
1145 4263 1370 4334 ridebantsuper
1392 4277 1423 4317 se
1447 4259 1605 4317 exaltatam.
1634 4258 1764 4316 Sciebant

963 4361 1072 4432 quidem
1087 4356 1335 4440 hominemlactnm
1351 4373 1413 4414 esse
1429 4364 1491 4439 ante
1507 4363 1651 4429 peccatum
1666 4357 1701 4413 ad
1717 4372 1763 4413 re-

863 4450 867 4460 '
921 4445 948 4506 D
962 4448 1157 4507 staurationnm
1173 4444 1307 4521 angelice
1319 4442 1450 4521 legionis,
1466 4461 1521 4519 qua
1540 4446 1689 4513 ceciderat,
1714 4445 1763 4501 sed

965 4539 1181 4610 redemptionem
1194 4537 1253 4608 ejus
1269 4552 1317 4608 per
1331 4534 1428 4591 Filium
1442 4532 1617 4607 ignorabant.
1634 4535 1664 4589 ln
1685 4532 1763 4605 prin·

962 4638 1034 4711 cipio
1042 4637 1115 4694 enirn
1126 4635 1219 4691 mnndi
1230 4634 1293 4691 lecit
1302 4636 1377 4690 Dens
1387 4633 1518 4707 angelum
1531 4629 1678 4704 quemdam
1688 4646 1763 4703 prm-

964 4726 1108 4784 cellentem
1123 4725 1192 4795 aliis,
1208 4724 1290 4779 ralde
1306 4723 1460 4796 speciosum
1489 4729 1516 4777 et
1543 4720 1695 4791 sapientem
1723 4719 1764 4774 De

964 4833 1018 4889 quo
1032 4823 1127 4888 postea
1140 4830 1193 4887 per
1206 4814 1370 4885 Prophetnm
1387 4828 1394 4865 ε
1413 4834 1424 4861 e
1437 4810 1477 4866 Tu
1485 4808 1654 4881 signaculum
1664 4806 1764 4865 simili-

963 4905 1064 4963 tudinis
1079 4903 1139 4972 Dai,
1154 4902 1253 4975 plenus
1266 4899 1410 4972 sapientia,
1436 4905 1463 4955 et
1486 4896 1624 4970 perlectus
1650 4895 1763 4967 decore,

962 5003 990 5058 in
1005 5002 1112 5069 deliciis
1135 4998 1256 5072 paradisi
1269 4994 1649 5067 DeiluistilEzscb.xxv1u).
1663 5017 1676 5045 ι
1689 4994 1721 5051 lu
1731 5011 1765 5053 en

963 5089 1036 5146 enim
1050 5091 1112 5145 erat
1125 5085 1253 5143 subtilior
1266 5093 1370 5152 natura,
1386 5082 1476 5140 inille
1500 5082 1593 5155 imago
1616 5080 1668 5138 Dei
1692 5080 1765 5139 lilio·

962 5195 1034 5247 rnm,
1051 5177 1124 5251 qnod
1139 5176 1291 5233 insinuatur
1306 5189 1369 5231 curn
1398 5170 1507 5229 dicitur.
1538 5192 1550 5219 ι
1568 5168 1667 5229 Ornnis
1692 5170 1766 5244 lapis

963 5278 1101 5349 pretiosus
1114 5274 1313 5346 operimentum
1323 5269 1509 5342 lasibithim),
1525 5268 1768 5342 »quinamentor-

964 5361 1077 5416 dinibus
1090 5360 1136 5415 ille
1151 5358 1254 5429 primus
1266 5357 1381 5430 angelus
1394 5360 1508 5411 crustas
1521 5361 1549 5412 ει
1574 5361 1688 5427 opertus
1705 5354 1766 5422 luit,

964 5456 1147 5515 dnmcnnctis
1160 5454 1316 5527 agminibus
1330 5450 1491 5524 angelornm
1518 5451 1648 5524 prelatus
1675 5456 1719 5511 sal
1742 5458 1769 5508 et

965 5558 1061 5600 eornm
1074 5540 1279 5613 comparatione
1292 5538 1397 5599 clarior
1409 5536 1471 5597 luit.
1487 5538 1543 5597 Sed
1557 5537 1604 5597 ills
1623 5554 1720 5597 versus
1740 5536 1770 5595 in

965 5648 1133 5724 snperbiam,
1149 5663 1182 5705 ex
1195 5646 1281 5705 nimia
1293 5644 1418 5705 claritate
1431 5645 1504 5703 dixit
1517 5661 1528 5700 .·
1545 5663 1557 5695 ι
1573 5644 1733 5702 Αιεειιάειιι
1741 5641 1772 5699 in

964 5738 1079 5811 coelum
1096 5750 1199 5811 ponam
1214 5736 1462 5797 ssdsnrmeamad
1484 5732 1650 5808 anahem
1677 5738 1773 5791 atero
