3780 6038
60 229 111 284 8ll

537 191 831 281 nmcomnoens
850 216 899 276 ss.
916 218 1072 277 eimau.
1091 250 1127 261 -
1143 187 1207 277 ain.
1228 222 1249 275 1.

1660 195 1718 283 sla¹

58 362 114 409 tum
136 352 166 406 in
189 350 293 406 malitia
320 350 423 422 adjicit,
453 359 582 422 quantum
611 350 699 422 ipsum
724 345 769 416 qui
788 346 859 400 intus
873 347 901 407 A
916 344 942 399 in
957 345 1022 410 istis,
1039 345 1107 401 sicut
1120 346 1231 418 mpinae,
1248 347 1400 422 sacrilegia,
1423 357 1450 406 et
1473 351 1598 421 incestus,
1614 361 1641 410 et
1654 370 1710 411 cae-

58 447 197 515 eperatnr,
227 448 329 496 motum
357 439 502 497 voluntatis
520 440 555 497 ad
576 439 709 495 malitiam
724 435 856 492 accendit.

58 529 104 585 Sic
128 544 194 601 ergo
222 528 288 583 vitia
314 527 392 601 origo
421 536 593 600 peccatomm
617 534 688 595 sunt,
712 523 858 594 exquibus

56 632 203 681 nascuntur
226 640 310 696 opera
328 624 484 695 iniquitatis,
510 642 572 696 qum
595 624 715 695 quidem,
731 622 800 677 sicut
813 620 857 675 di-

57 721 129 769 etum
145 721 193 780 est,
210 713 313 783 absque
327 729 461 769 consensu
475 730 584 783 paenam
600 713 709 783 habent,
726 711 789 782 quia
803 725 859 765 eor-

57 802 146 874 ruptio
161 809 241 871 sunt;
258 819 320 857 cum
334 819 465 859 consensu
490 811 578 858 autem
593 801 710 873 culpam,
728 800 791 870 quia
804 815 856 855 vo-

57 901 173 956 luntaria
199 908 270 955 sunt.
300 902 330 955 ln
355 907 485 972 quantum
512 901 584 956 enim
613 897 757 972 originalia
785 905 855 963 sunt,

58 1006 140 1062 poena
153 990 181 1044 in
196 989 262 1061 ipsis
272 997 412 1046 exercetur
422 1010 430 1059 ;
440 991 467 1045 in
478 997 607 1061 quantum
622 987 781 1051 voluntaria,
794 1002 856 1057 pae-

57 1096 93 1134 na
104 1079 169 1151 ipsis
183 1077 306 1134 debetur.
322 1078 389 1135 Sunt
403 1088 492 1135 autem
510 1082 567 1135 brec
580 1098 585 1134 :
600 1077 699 1149 prima,
712 1075 855 1148 superbia;

56 1179 184 1247 secunda,
196 1178 298 1237 invidia
309 1197 316 1244 ;
329 1178 415 1247 tertia,
437 1179 489 1249 ira,
504 1187 608 1249 quarta,
628 1175 722 1233 acedia
734 1189 741 1244 ;
753 1173 855 1245 quinta,

57 1268 188 1338 ararium
203 1276 289 1338 sexta
304 1269 385 1341 gula;
403 1269 528 1341 septima,
543 1265 659 1323 luxuria.
684 1265 724 1319 Ex
741 1263 792 1333 his,
807 1263 857 1319 tria

58 1357 196 1414 bominem
211 1357 372 1428 despoliant,
400 1364 524 1428 quartimr
552 1357 697 1428 spoliatum
725 1354 857 1428 flagellat,

58 1454 181 1525 quintum
196 1453 362 1527 flagellatum
379 1454 462 1525 ejicit,
483 1461 588 1509 sextum
612 1455 727 1524 ejectum
743 1452 857 1519 seducit,

888 441 968 490 tera
996 435 1069 490 talia.
1100 435 1220 492 l'enialia
1249 443 1319 500 sunt.
1347 439 1418 495 sicut
1437 441 1477 495 ira
1499 441 1566 497 levis
1580 452 1605 497 et
1620 451 1709 498 uans-

912 523 1000 593 itoria,
1025 524 1095 578 risus
1121 532 1148 579 et
1174 524 1308 594 ejusmodi
1336 542 1397 597 quae
1425 528 1485 584 sine
1513 530 1709 587 deliberatione

912 622 1049 693 agentium
1073 621 1243 695 contingunt,
1272 623 1328 679 sive
1357 642 1391 680 ex
1407 627 1578 700 negligentia
1592 629 1708 696 incaute,

910 710 968 767 sive
991 727 1025 765 ex
1048 709 1202 766 infirmitate
1231 713 1441 783 praecipitantur.
1476 716 1528 771 Sed
1558 718 1628 772 intus
1651 719 1710 774 haee

910 798 1059 865 sciendum,
1076 798 1147 869 quod
1162 800 1189 853 lii
1204 801 1249 870 qui
1264 800 1297 856 ab
1313 803 1467 872 hujusmodi
1491 805 1561 860 vitiis
1586 807 1709 879 desipue-

910 887 974 957 rint,
990 895 1016 942 ot
1028 887 1110 961 digne
1125 889 1307 960 paenituerint,
1323 899 1426 962 septem
1442 893 1530 950 modis
1545 910 1561 949 a
1577 895 1634 953 Deo
1649 913 1708 951 sus·

909 986 1050 1059 cipiantur.
1079 987 1169 1044 Primo
1193 987 1370 1059 suscipientur
1398 989 1432 1044 ad
1460 991 1643 1063 sponsionem,
1660 1013 1705 1049 se-

909 1075 997 1130 cunde
1020 1075 1054 1131 nd
1082 1076 1287 1150 protectionem,
1318 1077 1395 1133 tertio
1420 1079 1453 1134 ud
1475 1081 1706 1149 sustentationem,

910 1171 1004 1233 quarto
1019 1163 1053 1220 ad
1068 1164 1324 1231 reconciliationem,
1355 1166 1448 1237 quinto
1476 1168 1510 1222 ad
1533 1171 1707 1242 approbatio·

909 1278 981 1329 nem,
998 1271 1073 1319 serto
1088 1262 1122 1318 ad
1136 1263 1361 1333 consolationem,
1383 1265 1498 1335 septimo
1517 1267 1552 1322 ad
1576 1285 1705 1325 remune-

909 1349 1050 1406 rationem.
1084 1351 1203 1406 Primum
1240 1360 1407 1425 pugnaturos
1445 1361 1538 1410 eontra
1567 1354 1705 1414 diabolum

909 1447 1020 1520 suscipit
1034 1448 1061 1502 in
1074 1465 1164 1519 eausa,
1180 1456 1207 1504 et
1221 1449 1295 1520 quasi
1319 1451 1450 1522 spondeat
1477 1468 1526 1523 pro
1551 1453 1599 1522 eis,
1624 1471 1708 1525 quan·

57 1542 203 1615 septimum
240 1542 379 1597 seductam
416 1542 535 1598 servituti
565 1542 685 1613 subjicit.
724 1540 857 1613 Superbia
908 1535 944 1592 do
958 1534 1068 1592 confidit
1082 1536 1109 1591 in
1124 1537 1173 1606 eis,
1191 1537 1419 1608 quemadmodum
1445 1556 1553 1596 causam
1568 1541 1706 1599 beatilob

58 1639 146 1695 aufert
173 1639 277 1695 homini
304 1639 401 1707 Deum,
431 1638 532 1695 invidia
560 1638 725 1711 proximum,
750 1637 789 1693 ira
808 1653 854 1692 se-

910 1625 985 1696 quasi
1014 1624 1154 1696 cujusdam
1191 1626 1322 1699 agoniae
1357 1627 1414 1684 sire
1442 1638 1536 1686 centra
1564 1630 1705 1687 diabolum

58 1727 146 1800 ipsum
158 1743 165 1797 3
177 1728 270 1783 acedia
285 1728 428 1799 spoliatum
451 1727 579 1800 flagellat,
604 1728 716 1784 avaritia
730 1724 854 1798 flagella-
868 1699 895 1760 B
911 1720 1109 1791 defendendam
1132 1723 1259 1793 suscepit.
1284 1723 1422 1794 Quosdam
1445 1735 1491 1782 aut
1510 1728 1585 1798 quasi
1602 1728 1709 1787 timidos

58 1824 115 1871 tum
130 1817 213 1888 ejicit,
229 1817 294 1889 gula
317 1815 431 1886 ejectum
455 1815 568 1885 seducit,
594 1815 699 1872 luxuria
716 1814 856 1871 seductum

58 1917 179 1972 servituti
205 1916 323 1986 subjicit.
347 1917 444 1972 Anima
465 1916 603 1972 rationalis
626 1916 654 1970 in
673 1916 786 1971 sanitae
809 1929 857 1969 sua

58 2022 107 2063 vas
121 2013 161 2062 est
177 2005 292 2061 solidum
321 2013 348 2061 et
374 2005 519 2078 integrum,
544 2004 645 2060 nullam
669 2005 771 2061 habens
793 2019 856 2059 eor-

58 2095 211 2167 reptionem
222 2114 228 2150 :
239 2094 305 2149 vitia
320 2109 432 2165 quaequc
443 2093 578 2150 venientia
587 2095 614 2149 in
624 2110 695 2162 eam,
711 2095 763 2149 hoo
776 2090 857 2148 modo

60 2182 166 2251 vitiant,
182 2192 209 2239 et
222 2191 406 2254 corrumpunt.
432 2183 482 2238 Per
504 2183 659 2255 superbiam
679 2182 795 2250 inflatur,
811 2197 859 2253 per

59 2279 191 2338 invidiam
218 2281 324 2348 arescit,
354 2297 401 2352 per
429 2279 497 2335 iram
531 2288 632 2350 crepat,
661 2295 710 2353 per
737 2278 859 2335 acediam

60 2369 203 2443 frangitur,
219 2386 267 2442 per
277 2369 417 2425 avaritiam
433 2368 604 2442 dispergitur,
625 2385 673 2440 per
693 2368 786 2442 gulam
801 2366 860 2422 inli-

60 2459 138 2526 citur,
156 2475 206 2530 per
226 2458 360 2513 luxuriam
388 2458 559 2513 conculcatur
576 2465 603 2512 et
625 2456 652 2511 in
681 2457 766 2512 lutum
790 2455 860 2511 redi-

61 2556 145 2630 gitur.
166 2555 298 2626 Superbia
313 2562 352 2610 est
366 2570 444 2610 amor
457 2555 573 2627 propriae
594 2555 770 2623 excellentiae,
787 2554 859 2609 inci-

62 2645 107 2701 dia
131 2651 171 2701 est
198 2643 289 2700 odium
313 2643 447 2698 felicitatis
475 2643 579 2712 aliene,
605 2643 644 2699 ira
672 2642 861 2699 irrationabilis

62 2732 228 2806 perturbatio
243 2731 349 2798 mentis,
366 2731 460 2787 acedia
487 2740 526 2787 est
549 2749 583 2786 er
606 2731 764 2787 confusione
780 2747 859 2786 men-

62 2831 96 2887 tis
116 2838 188 2887 nata.
208 2829 325 2885 Tristitia
352 2830 409 2886 sive
434 2831 543 2886 taedium
567 2837 607 2885 est
630 2829 781 2885 amaritudo
796 2829 859 2885 ani·

62 2919 100 2975 mi
128 2917 316 2985 immoderata,
343 2936 396 2990 qua
421 2919 575 2989 jucunditas
602 2919 729 2991 spiritalis
756 2917 860 2973 exstin-

910 1817 1082 1867 ctmercesa
1094 1826 1187 1884 pugna
1215 1812 1348 1885 fugientes
1379 1815 1489 1887 suscipit
1517 1816 1550 1872 ad
1579 1827 1709 1875 sustenta·

912 1898 1021 1966 tionem,
1033 1916 1067 1954 nc
1081 1907 1268 1969 conterantur;
1294 1902 1361 1959 alios
1376 1911 1435 1975 post
1449 1904 1554 1960 ruinam
1569 1915 1709 1980 surgentes

911 1997 1023 2069 suscipit
1045 1997 1080 2053 ad
1102 1999 1358 2067 reconciliationem,
1380 2007 1410 2056 ut
1436 2002 1627 2074 restituantur,
1642 2004 1710 2063 alios

909 2085 968 2158 jam
983 2086 1052 2142 bene
1067 2096 1178 2161 agentes
1191 2089 1300 2161 suscipit
1318 2107 1367 2162 per
1380 2091 1614 2161 approbationem,
1626 2103 1656 2152 ut
1669 2112 1710 2151 re·

913 2183 1103 2246 munerentur,
1120 2176 1188 2235 alies
1208 2194 1257 2250 per
1274 2179 1375 2235 bonam
1400 2182 1584 2253 operationem
1600 2185 1711 2258 suscipit

912 2288 962 2343 per
973 2274 1228 2344 remunerationem,
1257 2282 1286 2330 ut
1313 2275 1516 2348 glorificentur,
1545 2279 1613 2336 alios
1642 2282 1712 2337 inter

914 2361 1081 2433 operandam
1105 2362 1190 2419 fessos
1216 2363 1328 2437 suscipit
1354 2382 1404 2436 per
1418 2365 1550 2424 internam
1565 2369 1711 2441 aspiratio·

914 2466 987 2517 nem,
1002 2451 1225 2508 utrefocillentur
1238 2462 1266 2509 et
1278 2455 1460 2512 consolentur.

1260 2567 1370 2611 ervisio.

950 2647 1024 2703 Sicut
1046 2647 1168 2721 superius
1191 2647 1310 2705 diximus
1335 2650 1409 2707 aliud
1433 2651 1527 2708 vitium
1542 2669 1609 2722 esse,
1626 2662 1707 2727 atque

914 2735 988 2790 aliud
1006 2744 1154 2809 peccatum,
1171 2735 1244 2807 quod
1263 2755 1296 2795 ex
1315 2739 1374 2810 ipso
1389 2739 1455 2797 vitio
1469 2742 1600 2814 procedit,
1616 2743 1653 2799 ita
1666 2744 1712 2799 in-

915 2832 1061 2906 telligimus
1089 2834 1161 2890 aliud
1189 2852 1248 2890 essa
1278 2836 1398 2905 virtutes,
1422 2845 1502 2907 atque
1528 2839 1602 2895 aliud
1629 2856 1713 2912 opera

911 2921 1031 2990 justitiae,
1054 2938 1114 2993 quae
1142 2940 1177 2979 cx
1199 2924 1266 2994 ipsis
1293 2924 1422 2980 emuntur.
1443 2925 1532 2982 Virtus
1546 2928 1619 2983 enim
1637 2930 1713 3000 quasi

60 3007 163 3082 guitur,
178 3015 205 3064 et
217 3008 335 3079 quodam
353 3008 578 3081 desesperationis
592 3008 724 3080 principio
741 3023 818 3061 mens
832 3007 860 3061 in
874 3051 899 3115 C
915 3018 1039 3088 quaedam
1057 3020 1157 3076 sanim,
1172 3028 1220 3090 ω,
1244 3030 1271 3077 et
1293 3021 1432 3094 integritas
1452 3023 1551 3080 ΨΜ
1565 3025 1712 3096 rationalis,

60 3097 206 3169 semetipsa
231 3096 405 3153 subvertitur.
435 3097 553 3154 Avaritia
589 3105 628 3152 est
665 3096 860 3152 immoderatus

61 3196 197 3267 appetitus
224 3193 368 3264 habendi,
398 3194 461 3267 gula
497 3194 690 3249 immoderatus
726 3193 861 3265 appetitus

61 3283 179 3353 edendi;
196 3284 302 3338 luxuria
326 3290 366 3338 cst
388 3284 605 3355 concupiscentia
621 3283 793 3353 experienda>
808 3298 859 3338 ro-

61 3371 172 3444 luptatis
198 3371 292 3438 nimia,
325 3371 368 3428 rel
404 3372 561 3427 concubitus
590 3372 752 3428 desiderium
780 3387 861 3441 supra

62 3469 185 3536 modum,
214 3468 257 3525 vel
283 3476 375 3525 contra
403 3469 534 3523 rationem
558 3467 698 3525 efferrens.
720 3469 860 3540 Superbiae

62 3558 116 3615 due
145 3565 208 3613 sunt
234 3574 357 3630 genera:
387 3575 470 3612 unum
498 3558 578 3625 intus,
603 3558 676 3614 aliud
696 3557 770 3614 loris.
786 3560 860 3614 lutus

62 3655 104 3704 est
124 3646 260 3719 snperbia,
286 3647 351 3702 foris
372 3646 510 3717 jactantia.
540 3646 672 3719 Superbia
695 3646 722 3701 in
744 3645 860 3703 clatione

62 3745 153 3801 cordis
164 3759 171 3814 ;
184 3745 315 3816 jactantia
336 3744 362 3798 in
385 3743 536 3799 ostensione
560 3745 658 3815 operis.
673 3743 816 3816 Superbia,
832 3744 860 3799 in

63 3849 96 3890 eo
112 3833 185 3904 quod
199 3833 250 3887 sibi
264 3833 363 3903 placet,
380 3832 497 3888 alienam
521 3832 703 3888 testimonium
727 3832 858 3904 despicit;

60 3921 193 3992 jactantia
206 3928 306 3988 autem,
322 3928 351 3976 ut
364 3921 452 3994 magis
475 3921 525 3976 sibi
550 3922 664 3993 placcat,
684 3922 802 3978 alienum
817 3931 860 3978 te-

63 4011 219 4067 stimonium
234 4011 357 4081 requirit.
385 4012 529 4082 Propterea
549 4010 679 4081 jactantia
700 4012 860 4085 perlenita-

64 4118 120 4167 tem
133 4108 262 4166 blandam
290 4127 318 4164 se
342 4109 459 4175 simulat,
488 4108 616 4180 superbia
635 4125 698 4165 vero
722 4109 861 4166 intimare

63 4217 92 4257 se
108 4197 244 4256 crudelem
258 4199 443 4265 demonstrat;
462 4214 525 4253 nam
541 4198 627 4253 timeri
652 4198 718 4266 vult,
730 4198 861 4267 jactantia

64 4306 129 4348 tere
144 4289 239 4345 amari.
256 4289 289 4343 Et
311 4296 422 4358 utraque
443 4295 531 4342 amen
546 4287 574 4342 in
587 4302 619 4343 eo
635 4286 707 4356 quod
721 4293 859 4358 appetunt,

916 3107 993 3177 cujas
1015 3109 1150 3180 corruptio
1178 3110 1273 3167 vitium
1302 3119 1421 3166 coeatur.
1453 3111 1527 3184 Opus
1548 3130 1613 3170 vero
1634 3114 1713 3184 justi·

916 3198 960 3251 tiae
975 3204 1015 3252 est
1028 3197 1056 3250 in
1083 3205 1157 3253 motu
1185 3199 1282 3253 montis
1309 3199 1456 3267 rationalis,
1482 3217 1543 3271 quae
1564 3204 1712 3259 secundum

916 3294 1062 3349 Dominum
1086 3293 1194 3363 incedit,
1210 3312 1226 3351 a
1241 3295 1329 3352 cordis
1350 3298 1527 3369 conceptione
1547 3316 1669 3373 surgens,
1685 3311 1713 3358 et

916 3382 983 3438 foris
1008 3399 1092 3454 usque
1119 3383 1154 3438 ad
1181 3385 1295 3440 aetionis
1328 3387 1475 3457 corporalis
1502 3389 1712 3461 completionem

915 3472 1073 3542 procedens.
1106 3473 1221 3529 l’irtates
1243 3473 1271 3529 in
1294 3474 1439 3545 scripturis
1467 3460 1592 3548 plurimae
1614 3495 1712 3535 nume·

915 3578 1017 3637 rantur,
1031 3570 1149 3625 manime
1164 3586 1228 3627 vero
1250 3587 1310 3642 quae
1325 3571 1352 3626 in
1373 3572 1522 3646 Evangelio
1537 3576 1613 3645 quasi
1633 3593 1711 3647 quae·

916 3658 979 3714 dam
993 3658 1114 3716 antidota
1141 3659 1184 3716 rel
1211 3662 1338 3718 sanitates
1360 3670 1455 3719 eontra
1468 3671 1572 3733 septam
1586 3665 1713 3723 vitiorum

916 3749 1114 3819 eomuptioncm
1133 3749 1182 3804 sub
1203 3749 1299 3806 eodem
1321 3767 1433 3809 numero
1448 3751 1626 3825 disponuntur
1638 3773 1645 3810 :
1659 3755 1715 3825 pri·

917 3853 1015 3901 maest
1029 3845 1175 3915 humilitas,
1189 3847 1307 3902 secunda
1321 3848 1511 3919 mansuetudo,
1529 3850 1605 3905 tertia
1619 3852 1716 3907 mentis

917 3934 1086 4003 compositio,
1103 3942 1197 4004 quarta
1224 3934 1386 3991 desiderium
1408 3937 1528 4007 justitiae,
1548 3939 1641 4008 quinta
1659 3939 1715 3995 mi·

917 4021 1071 4089 sericordia,
1109 4030 1186 4077 sexta
1218 4022 1306 4077 cordis
1333 4024 1475 4093 munditia,
1518 4027 1633 4095 septima
1658 4041 1713 4096 pax

918 4109 1014 4165 mentis
1041 4109 1155 4166 interna.
1194 4110 1283 4165 Homo
1312 4110 1394 4183 igitur
1418 4112 1448 4167 in
1475 4114 1592 4184 peccatis
1615 4113 1712 4184 jacens

917 4215 1034 4280 aegrotm
1046 4215 1094 4274 est,
1111 4207 1176 4262 titia
1190 4206 1312 4271 vulnera.
1328 4208 1400 4264 Deus
1415 4209 1545 4280 medicus,
1561 4211 1633 4269 dona
1646 4229 1713 4271 san·

917 4296 951 4352 eti
976 4294 1090 4367 Spiritus
1113 4294 1243 4365 antidota,
1272 4296 1383 4353 virtutes
1410 4299 1547 4366 sanitates,
1566 4300 1713 4359 beatitudi-

65 4386 117 4443 sibi
130 4387 240 4458 placens
263 4385 378 4455 diverse,
404 4384 499 4443 divisio
523 4383 587 4441 licet
604 4383 695 4452 modo,
712 4383 860 4439 inordinate
877 4407 904 4468 D
920 4382 1089 4456 nesgaudia.
1104 4383 1240 4441 Pordona
1259 4385 1332 4441 enim
1358 4387 1473 4459 Spiritus
1486 4389 1570 4446 sancti
1585 4391 1650 4448 vitia
1665 4410 1716 4450 sa-

64 4476 234 4534 convinoitur
257 4475 377 4548 gloriari.
408 4474 436 4530 Si
465 4473 525 4544 quis
549 4473 631 4546 igitur
660 4472 813 4544 superbiam
837 4480 865 4529 ct

64 4565 224 4637 jactantiam
246 4565 296 4620 sub
321 4580 373 4620 uno
393 4562 589 4636 corriputaverit
612 4561 744 4628 membro,
760 4567 865 4633 septem

69 4662 191 4719 inveniet
214 4661 277 4718 vitia
313 4660 449 4732 capitalia,
479 4658 512 4713 de
541 4658 638 4729 quibus
663 4664 775 4728 peccata
802 4674 865 4714 om·

70 4750 126 4820 nia,
138 4749 166 4804 id
180 4756 221 4805 est
233 4749 379 4821 iniquitatis
393 4757 467 4805 actus
480 4755 506 4803 et
520 4746 656 4818 injustitiae
674 4763 757 4818 opera
771 4747 866 4803 oriun-

68 4845 120 4895 lar.

106 4938 219 4994 Peccata
232 4944 321 4993 autem
336 4937 388 4994 alia
403 4936 529 5005 venialia,
546 4936 599 4992 alia
612 4935 762 4992 criminalia
776 4935 868 4991 dican·

71 5044 123 5093 tur.
140 5035 262 5092 Venialia
276 5044 346 5102 sunt,
364 5052 423 5106 quae
438 5052 488 5090 nec
508 5035 587 5091 facile
611 5034 689 5090 vitari
703 5040 824 5105 possunt,
841 5043 869 5088 ut

75 5134 221 5206 aliquando
235 5150 290 5190 nen
317 5132 391 5199 fiant,
420 5149 506 5202 neque
530 5133 641 5188 multam
666 5129 868 5202 turpitudinem,

74 5233 119 5289 vel
133 5232 271 5289 laesionem
286 5246 414 5303 magnam
430 5231 540 5298 habent,
569 5231 591 5285 si
615 5228 689 5284 liant.
715 5228 871 5285 criminalia

71 5325 197 5383 dicuntur
209 5342 271 5398 quae
293 5325 336 5383 rel
363 5325 501 5382 lesionem
525 5340 653 5397 magnam
676 5322 814 5390 inducunt,
827 5324 870 5380 rel

72 5422 251 5495 tupitudinem
265 5423 400 5496 ingemat,
425 5422 453 5477 in
476 5421 574 5493 quibus
588 5421 631 5478 vel
641 5422 724 5492 Dens,
739 5422 783 5478 vel
800 5436 866 5494 pro·

72 5512 166 5569 ximus
179 5512 292 5568 multum
307 5510 458 5577 offenditur,
488 5510 532 5567 vel
562 5511 621 5584 ipse
634 5510 682 5583 qai
696 5510 761 5569 fecit
775 5524 872 5567 macn-

73 5608 154 5670 latnr.
181 5610 257 5668 Talia
292 5616 353 5666 arnt
386 5607 541 5666 homicidia.
570 5608 712 5681 adulteria,
741 5608 870 5685 periuria,

76 5700 159 5776 nna,
169 5706 196 5759 et
205 5714 265 5775 quae
274 5698 316 5756 bis
324 5698 423 5756 similia
437 5697 630 5775 emunguntur,
644 5698 691 5760 rel
703 5698 874 5759 conanentur

236 5826 371 5894 Parnon.
384 5823 507 5895 aava

918 4491 1014 4540 uantur
1035 4502 1041 4539 :
1063 4483 1163 4540 sanitas
1190 4484 1317 4543 vitiorum
1345 4487 1485 4562 integritas
1506 4495 1547 4545 est
1569 4490 1709 4549 virtutum.

918 4574 1006 4631 Sanus
1018 4582 1154 4644 operatur,
1169 4589 1284 4645 operans
1301 4586 1497 4634 remunemtur.
1522 4579 1569 4635 Sic
1583 4588 1643 4651 post
1656 4582 1713 4637 vir·

920 4671 988 4719 tutes
1001 4678 1084 4732 opera
1098 4662 1171 4719 bona
1198 4673 1353 4735 sequuntur,
1378 4673 1406 4722 et
1418 4683 1453 4722 er
1468 4667 1610 4723 virtutibus
1633 4685 1716 4741 opera

919 4761 992 4816 bona
1006 4760 1135 4817 oriuntur.
1147 4760 1202 4816 Sex
1216 4777 1299 4832 opera
1309 4761 1500 4820 misericordiae
1518 4765 1546 4820 in
1565 4765 1714 4838 Evangelio

920 4858 1072 4932 specialiter
1084 4874 1100 4913 a
1114 4857 1232 4914 Domino
1247 4869 1439 4916 enumerantur
1461 4861 1572 4932 (battle.
1596 4866 1674 4934 xxv),
1690 4864 1719 4920 in

921 4949 1018 5020 quibus
1032 4946 1162 5018 perfectio
1176 4945 1310 5003 bonorum
1330 4964 1442 5020 operum
1465 4948 1639 5020 significatur.
1658 4953 1718 5008 Pri-

922 5055 996 5092 mum
1009 5045 1049 5091 est
1075 5034 1236 5091 esurientem
1264 5051 1384 5109 pascere,
1408 5037 1555 5093 secundum
1583 5039 1717 5098 sitientem

922 5142 1024 5208 potare,
1041 5134 1147 5188 tertium
1162 5132 1297 5204 hospitem
1319 5132 1456 5206 colligere,
1475 5143 1599 5205 quartum
1614 5138 1718 5195 nudum

923 5232 1029 5298 vestae,
1046 5231 1168 5302 quintum
1195 5229 1332 5285 infinnum
1359 5232 1476 5300 visitare,
1506 5241 1613 5291 sertum
1627 5235 1718 5293 adin-

923 5334 1086 5379 carceratum
1099 5326 1127 5375 et
1140 5319 1262 5375 clausum
1276 5318 1377 5376 venire.
1395 5322 1427 5377 ln
1446 5323 1489 5378 his
1512 5323 1585 5379 enim
1599 5327 1720 5382 necessi·

924 5419 1022 5475 tatibus
1035 5417 1124 5473 omnis
1135 5416 1198 5473 rite
1213 5418 1338 5473 humanae
1352 5419 1476 5477 molestia
1489 5420 1533 5480 vel
1547 5424 1712 5495 eompreben

924 5506 995 5563 dimr
1008 5505 1051 5563 rel
1064 5503 1204 5579 figuratur,
1219 5505 1247 5561 in
1262 5504 1360 5578 quibus
1375 5509 1497 5583 quisquis
1519 5517 1629 5582 propter
1637 5511 1724 5567 Deam

926 5605 1050 5681 proximo
1077 5605 1247 5679 compatitur,
1277 5603 1594 5668 misedeomiamabeo
1622 5607 1650 5664 in
1676 5623 1726 5666 sue

926 5692 1085 5756 neoesdate
1097 5701 1225 5755 meretur.

1503 5817 1556 5889 'tt
