3780 6038
173 254 228 313 Ξῗδ

686 257 852 315 cosletot
870 257 1014 315 nunntts
1030 256 1303 314 vthocmtJttsts

1771 256 1824 310 sto

169 378 510 440 minimediceret:Hodie
519 384 966 456 macomerisiaporodirolltrc.
983 383 1011 443 Α
1026 389 1053 437 el
1068 381 1103 437 de
1127 380 1233 437 latrone
1257 381 1396 439 veraciter.
1420 382 1516 437 Petrus
1539 394 1555 433 a
1578 377 1686 433 Chri⁸¹0
1710 386 1825 434 sumtus

170 483 249 533 ιιιιιιι,
259 468 380 539 ll).lam
390 471 462 526 enim
473 472 592 527 dixerat:
604 473 664 527 lton
675 473 794 529 intrabit
804 475 835 529 in
847 490 966 544 regnam

171 559 312 625 celorum,
323 559 380 613 nisi
390 561 438 630 qai
448 562 660 631 renotussuerit
670 577 707 616 en
725 578 797 634 ogau
812 566 841 617 et
858 563 968 635 Spiritu

170 659 268 712 coneto
288 657 379 725 (loun.
396 672 436 721 ιιι,
452 660 492 729 5).
514 660 562 715 l'ir
586 658 636 714 iste
658 658 741 735 399
765 660 862 714 beatus
884 675 967 731 quarn

172 751 309 823 perfectus
323 770 339 809 a
354 754 406 810 deo
421 754 508 811 factus
523 765 573 821 est,
596 756 755 811 rideamus.
782 757 823 812 Eo
843 764 965 828 tempore

172 849 246 905 venit
259 850 294 905 ad
309 849 390 907 fidem
405 868 459 923 quo
475 854 570 909 Petrus
584 852 667 909 tidem
681 853 805 909 deseruit
821 873 829 919 ;
845 863 872 910 et
886 870 967 925 quam

172 937 312 1008 apostolus
326 941 493 1010 perdiderat,
501 943 572 999 banc
586 941 631 997 die
647 942 774 1013 sementi
799 943 867 998 latro
888 943 968 998 inve-

173 1024 221 1080 nit.
237 1027 279 1081 dd
295 1044 389 1084 rocem
402 1029 508 1086 ancilla
523 1030 629 1103 primus
645 1040 736 1101 pastor
746 1030 876 1087 Ecclesiae
890 1031 967 1086 illum

173 1129 204 1170 se
218 1131 300 1172 nosse
314 1125 406 1187 negat,
423 1135 505 1189 quem
520 1135 588 1176 voce
602 1120 711 1190 publica
729 1120 799 1175 latro
814 1121 943 1192 praedicat
958 1137 966 1188 ς

174 1210 201 1258 et
224 1220 305 1276 quem
332 1205 460 1276 princeps
483 1205 641 1278 apostolice
668 1207 809 1264 electionis
833 1224 863 1264 se
886 1209 968 1265 etiam

174 1301 410 1359 bominemnosso
431 1303 570 1372 diffitetur,
600 1307 671 1362 bunc
696 1308 783 1361 Deum
811 1323 873 1363 esse
900 1308 969 1363 latro

175 1390 320 1446 manifesta
348 1399 375 1447 et
401 1393 446 1463 pie
474 1392 631 1450 confitetur.
663 1396 732 1451 Tota
755 1396 799 1450 illa
829 1397 969 1452 beatorum

176 1488 365 1559 apostolorum
378 1489 475 1547 electio
489 1492 584 1549 relicto
595 1494 713 1549 Domino
741 1495 916 1564 perturbatur
944 1504 969 1550 et

176 1576 263 1648 fugit;
277 1577 347 1633 latro
362 1579 434 1635 inter
447 1581 591 1637 saevientes
612 1582 722 1638 ludaeos
744 1591 833 1639 manet
856 1583 969 1656 intrepi-

176 1673 236 1742 dus,
254 1674 391 1730 Christum
405 1677 504 1732 asserit
516 1678 698 1743 innocentem,
721 1688 746 1735 et
766 1696 795 1735 se
819 1696 895 1736 reum
916 1697 971 1752 pn-

176 1761 247 1818 blice
274 1763 365 1820 dicere
385 1781 438 1820 non
463 1767 609 1831 erubescit,
639 1784 689 1823 nec
725 1785 802 1823 snum
844 1768 968 1825 confiteri

178 1859 293 1907 reatum.
309 1854 333 1906 Α
347 1853 454 1909 Christo
469 1854 560 1926 itaque
578 1856 684 1912 veniam
696 1857 826 1928 postulat,
849 1866 975 1929 precatur

179 1949 405 2018 misericordiam,
417 1952 511 2008 dicens
524 1972 531 2009 ε
546 1955 683 2012 Memento
692 1957 758 2020 mei,
773 1957 975 2023 domitiacum

181 2046 291 2101 iteneris
305 2048 337 2101 in
352 2054 563 2119 regnurntuum
578 2052 659 2119 (Luc.
679 2066 757 2121 xnus,
777 2052 834 2116 fil.
854 2052 976 2107 Christus

182 2133 288 2188 veniam
316 2137 463 2205 postulanti
490 2140 664 2209 compatitur,
687 2140 832 2195 miseretur
869 2142 975 2196 miseri-

181 2222 305 2278 cordiam
320 2223 500 2295 deprecantis,
517 2236 543 2282 et
557 2229 631 2284 Deus
646 2228 793 2284 crucifixus
815 2230 841 2283 in
867 2231 976 2286 bomine

181 2319 309 2375 crucifixo
324 2320 420 2378 latroni
431 2323 470 2379 sic
484 2323 619 2396 loquitur:
644 2327 729 2383 Hodie
739 2344 850 2384 mecum
867 2330 922 2384 eris
947 2332 978 2385 in

182 2409 328 2481 paradiso.
360 2410 600 2468 confirmationem
632 2413 737 2488 utique,
768 2432 849 2488 quam
878 2418 904 2471 in
934 2418 978 2473 die

184 2497 360 2555 Pentecostes
370 2501 484 2571 apostoli
492 2518 542 2573 per
562 2502 692 2574 Spiritum
710 2513 832 2561 sarnetum
847 2522 978 2577 suscepe-

184 2595 256 2653 rant,
272 2586 343 2644 latro
355 2588 406 2644 iste
421 2589 527 2662 positus
542 2591 570 2646 in
584 2606 665 2649 cruce
680 2594 783 2664 primns
811 2603 976 2666 susceperat,

182 2674 229 2745 qui
243 2691 293 2732 nec
306 2676 450 2734 iudaicam
460 2679 603 2749 perfidiam
618 2680 792 2751 formidabat,
822 2692 848 2739 et
880 2700 979 2740 nomen

182 2763 282 2818 Christi
311 2766 447 2836 perfectus
471 2768 651 2836 Christianus,
682 2773 743 2842 pius
772 2772 924 2840 confessor,
954 2781 980 2830 et

181 2861 284 2924 martyr
297 2854 445 2926 gloriosus,
463 2873 518 2913 non
534 2858 559 2914 in
575 2860 693 2923 occulto,
710 2860 760 2917 sed
780 2862 871 2933 palam
893 2871 983 2934 porta·

180 2939 239 2995 bat.
258 2944 380 3014 Apostoli
399 2946 541 3018 quidemn
568 2948 678 3005 Christo
702 2951 791 3007 vocati
820 2951 926 3007 fuerant
954 2958 981 3007 rt

187 3027 277 3097 electi,
303 3040 331 3087 et
354 3049 426 3105 sepe
451 3036 581 3106 privatim
610 3045 636 3094 et
663 3039 770 3110 publice
798 3040 834 3095 ab
862 3056 895 3096 eo
918 3040 980 3097 vitan

183 3125 293 3175 eterna
307 3123 390 3178 verba
405 3124 555 3191 audierant,
572 3126 646 3183 illam
660 3142 748 3183 caecos
772 3128 977 3199 illuminantem,

184 3206 311 3278 leprosos
324 3213 510 3279 mundantem,
527 3215 680 3283 ejicientem
695 3217 829 3273 daemonia
843 3218 978 3286 viderant,

185 3302 214 3352 et
228 3305 350 3354 mortuos
370 3301 555 3357 suseitantem.
571 3304 650 3359 llnlta
665 3313 808 3376 praeterea,
824 3323 884 3379 qnae
900 3324 980 3363 nemo

184 3391 254 3448 alius
270 3392 361 3450 facere
376 3396 460 3473 400
476 3408 589 3469 poterat,
607 3401 658 3456 nisi
682 3402 757 3458 solus
780 3404 862 3473 Deus,
879 3405 906 3459 in
934 3406 980 3460 illo

185 3500 383 3562 cognorerunt.
400 3494 441 3549 llll
456 3496 538 3551 etiam
558 3497 585 3552 in
614 3499 672 3569 eins
699 3500 810 3557 nomine
835 3518 896 3573 quae
922 3503 981 3574 ipsc

185 3576 301 3635 faciebat
313 3588 340 3637 et
353 3581 406 3653 ipsi
428 3582 574 3642 faciebant.
602 3587 633 3641 ln
657 3588 787 3659 passione
815 3606 880 3646 vero
908 3590 981 3647 illins

185 3681 271 3739 quam
284 3669 325 3724 eis
338 3680 400 3727 ante
413 3673 587 3744 praedixerat,
615 3676 653 3731 ita
682 3680 880 3734 conturbantur
909 3680 981 3753 quod

185 3758 213 3811 et
228 3755 303 3813 illum
318 3758 455 3831 ignorant,
473 3771 499 3819 et
513 3763 630 3836 seipsos,
647 3767 742 3838 qrrales
757 3768 784 3823 in
801 3769 859 3837 ejus
880 3770 981 3825 virtute

184 3851 300 3924 fuerant,
330 3858 536 3918 obliviscuntur.
566 3862 648 3920 Latro
679 3872 791 3922 sanctus
819 3882 871 3923 nec
899 3865 982 3922 fidem

185 3950 248 4000 nate
262 3955 385 4015 noverat,
399 3964 450 4006 nec
464 3950 595 4007 dilexerat
610 3952 798 4020 sanctitatem,
815 3954 915 4027 quippe
936 3956 982 4028 qni

187 4031 292 4090 initium
308 4039 387 4094 bonae
403 4039 463 4097 vita
481 4056 620 4113 nunquam
634 4050 795 4115 perceperat
810 4063 817 4109 ;
843 4043 870 4098 in
898 4053 982 4101 morte

186 4137 275 4186 autem
290 4130 389 4189 Christi
400 4132 601 4208 tideioognovit
612 4140 762 4207 veritatem,
779 4155 860 4213 quam
888 4140 983 4195 Petrus

187 4229 325 4290 presente
352 4238 482 4294 corporea
511 4225 649 4282 divinitate
674 4236 700 4283 et
727 4226 817 4299 ipsum
852 4228 984 4285 edocente

188 4304 335 4366 didicerat.
355 4311 422 4367 llirn
438 4328 482 4368 res
497 4312 504 4368 i
522 4314 567 4369 ubi
584 4314 665 4371 fldem
677 4316 807 4388 deposuit
830 4316 981 4388 apostolus,

186 4394 260 4451 latro
275 4400 389 4471 recepit.
416 4400 469 4456 lste
492 4400 515 4456 si
532 4402 666 4459 Christum
693 4413 774 4461 antea
793 4406 980 4479 cognovisset,

190 4485 352 4544 credidisset
365 4488 466 4563 ntique,
479 4498 504 4546 et
519 4492 546 4546 in
560 4492 607 4547 illo
621 4492 692 4550 felici
708 4494 894 4566 apostolorum
914 4510 983 4551 con·

191 4594 274 4644 ventu
289 4604 344 4643 non
359 4596 430 4646 esset
446 4588 619 4658 novissimus,
646 4591 692 4664 qui
720 4592 748 4647 in
770 4608 856 4666 regno
886 4591 986 4648 exstitit

191 4677 309 4752 primus,
324 4687 351 4733 et
366 4677 433 4734 nulli
445 4676 474 4733 in
488 4676 540 4735 fide
562 4680 709 4736 secundus.
736 4682 859 4753 Utraque
882 4689 985 4749 nutem,

191 4775 218 4825 et
232 4766 312 4840 primi
326 4768 405 4824 electi
419 4767 447 4823 in
462 4766 560 4823 Christi
575 4768 702 4840 passione
716 4768 836 4841 negatio,
852 4778 878 4824 et
902 4785 986 4825 senc-

191 4864 285 4922 rabilis
298 4864 411 4922 latronis
436 4864 465 4919 in
493 4882 574 4923 cruce
603 4866 750 4933 confessio,
781 4883 813 4922 ex
844 4866 987 4923 nredlctna

192 4954 312 5013 celestis
325 4955 397 5011 venit
412 4954 536 5014 consilio.
550 4956 705 5013 Permissus
714 4963 755 5012 est
765 4954 986 5025 cadereelectus,

191 5053 220 5102 ut
235 5043 423 5116 unusquisque
437 5042 525 5099 discat
536 5044 609 5099 nulla
623 5045 791 5116 perfectione
806 5045 839 5099 de
866 5060 896 5099 se
918 5060 987 5114 prce-

193 5147 316 5189 sumere.
343 5133 458 5187 Erectus
482 5141 524 5188 est
539 5131 608 5190 latro
634 5133 680 5206 qui
704 5133 796 5204 lapsus
833 5132 929 5201 fuerat,
960 5140 988 5188 ut

192 5227 286 5283 nullus
299 5227 334 5282 de
349 5243 398 5282 sua
413 5227 629 5298 imperfectione,
646 5230 670 5286 si
686 5234 791 5286 tantum
810 5230 949 5300 paeniteat,
961 5236 988 5284 et

192 5317 275 5389 digne
306 5314 478 5382 confiteatur,
507 5316 595 5373 valent
622 5320 778 5389 desperare.
807 5320 885 5374 llunc
913 5318 988 5373 Deris

193 5405 272 5475 virga
287 5403 398 5473 justitiae
416 5404 541 5475 castigat,
566 5413 596 5461 et
621 5406 698 5462 illum
731 5413 861 5462 sustentat
890 5405 987 5461 baculo

194 5491 444 5550 misericordiam
458 5492 510 5548 isto
522 5494 612 5563 justis,
637 5512 673 5551 ue
696 5496 818 5552 lucidant
839 5496 866 5551 in
891 5493 987 5551 elatio·

192 5597 265 5649 nem,
285 5581 410 5637 timorem
429 5581 533 5650 incutit,
555 5590 582 5637 et
599 5584 627 5638 in
647 5582 694 5639 illo
714 5602 794 5655 spem
813 5584 907 5640 tribuit
924 5597 985 5655 pen

191 5670 336 5737 catoribus,
361 5687 395 5727 ne
417 5670 525 5727 veniant
548 5671 576 5727 in
596 5671 823 5744 desperationem.
856 5674 987 5729 Dicamus

188 5760 291 5835 aqud
305 5768 332 5818 et
345 5760 468 5818 brevltar
481 5760 557 5834 quod
581 5760 636 5819 dici
661 5768 760 5834 potest,
789 5766 817 5821 et
841 5762 876 5819 de
905 5763 987 5821 Petro

1022 477 1073 534 est,
1089 476 1115 525 et
1130 454 1289 525 eleotus'est
1306 488 1312 536 ;
1330 469 1399 525 latro
1413 468 1517 525 electus
1531 474 1581 533 est,
1608 482 1662 521 non
1690 473 1816 521 vocatus.

1023 559 1120 613 l‘etrus
1135 557 1311 627 apostoluset
1326 565 1436 629 martyr,
1452 557 1524 611 latro
1534 554 1680 611 confessor
1699 563 1726 609 et
1746 570 1823 609 mar-

1023 656 1066 717 tyr
1075 644 1160 701 faetus
1175 645 1255 721 401
1276 656 1327 702 est.
1340 646 1371 701 ln
1385 646 1513 717 operibus
1528 644 1616 708 bunis,
1628 642 1656 697 in
1668 642 1822 707 virtutibus,

1022 743 1051 797 in
1074 743 1221 808 miraculis,
1248 744 1275 797 in
1299 742 1448 809 laboribus,
1470 742 1499 796 in
1517 739 1623 811 ligandi
1644 747 1672 795 et
1698 740 1824 794 solvendi

1022 839 1165 902 potestate,
1184 832 1283 887 Petrus
1298 832 1402 886 latrone
1417 830 1500 903 longe
1519 828 1675 884 excelsior}
1699 829 1779 883 Latro
1801 829 1825 882 si

1022 936 1076 976 non
1088 922 1174 989 major
1189 922 1268 975 l‘etro
1282 920 1310 975 iu
1327 919 1392 981 line,
1408 935 1462 975 non
1477 928 1578 975 manem
1602 917 1709 972 exstitit
1726 916 1822 972 minor.

1022 1010 1140 1080 Uterque
1155 1009 1243 1065 bonus
1260 1008 1338 1063 ratde
1350 1026 1357 1061 :
1370 1011 1417 1065 set
1434 1007 1505 1062 latro
1515 1007 1595 1062 estin
1609 1006 1663 1071 bis,
1673 1022 1736 1077 qum
1749 1004 1824 1061 dixi·

1023 1114 1092 1163 mus,
1104 1098 1182 1153 l‘etro
1191 1097 1311 1154 inferior.
1324 1096 1495 1169 Quicumpue
1505 1095 1621 1151 istorum
1635 1093 1825 1164 minuspotest

1022 1187 1095 1258 apud
1109 1187 1206 1255 Deum,
1221 1187 1256 1241 ab
1271 1185 1317 1241 illo
1330 1185 1433 1241 obtinet
1448 1184 1521 1257 quod
1538 1192 1626 1256 rogat,
1649 1183 1724 1255 quod
1744 1181 1823 1252 petit,

1024 1283 1050 1331 et
1066 1274 1139 1346 qnod
1162 1275 1494 1331 desiderantissimus
1519 1280 1545 1327 et
1574 1272 1684 1327 beatum
1715 1271 1824 1326 Petrum

1022 1364 1189 1435 praecipuum
1214 1362 1395 1434 apostolorum
1425 1370 1453 1416 et
1485 1361 1649 1432 prinoipem,
1685 1368 1713 1415 ct
1745 1359 1823 1413 illum

1021 1452 1173 1525 gloriosum
1192 1452 1377 1508 confessorem
1396 1460 1423 1507 et
1441 1458 1600 1521 martyrem,
1631 1449 1739 1504 Dimam
1771 1462 1823 1502 ao-

1023 1541 1106 1607 minc,
1122 1540 1267 1613 diligenter
1281 1556 1399 1605 oremus,
1416 1546 1548 1610 quatenus
1579 1537 1635 1593 suis
1655 1536 1783 1607 precibus
1799 1543 1826 1590 et

1024 1630 1126 1686 meritis
1140 1630 1212 1701 apud
1226 1630 1326 1684 bonum
1342 1628 1499 1684 Creatorem
1528 1634 1664 1692 nostrum,
1693 1633 1720 1681 et
1749 1625 1824 1696 pium

984 1737 1011 1797 B
1025 1719 1240 1789 fledernptorem
1253 1718 1332 1773 nobis
1347 1717 1494 1783 obtineant,
1510 1723 1537 1770 ut
1547 1715 1605 1787 ipse
1622 1716 1649 1771 in
1665 1714 1737 1769 exitu
1761 1713 1826 1767 vitre

1028 1815 1138 1875 nostra,
1152 1808 1256 1861 animas
1275 1814 1414 1861 nostrasa
1440 1804 1542 1860 diaboli
1565 1810 1701 1874 potestate
1733 1807 1826 1857 custo·

1029 1897 1093 1962 diat,
1110 1905 1215 1953 etcum
1231 1895 1258 1951 in
1273 1912 1351 1950 snum
1365 1910 1479 1966 regnum
1491 1893 1608 1959 venerit,
1626 1892 1653 1945 in
1677 1890 1749 1945 illam
1771 1890 1827 1947 sci-

1029 1985 1093 2042 licet
1108 1986 1214 2058 regiam
1229 1993 1256 2040 et
1268 1984 1454 2039 admirabilem
1471 1982 1619 2038 claritatem
1634 1996 1686 2052 qua
1703 1980 1780 2035 rivos
1803 1985 1830 2032 et

1029 2088 1153 2131 mortuos
1163 2074 1332 2144 judicaturus
1346 2082 1397 2138 est,
1416 2070 1503 2128 nostri
1515 2068 1676 2125 meminisse
1688 2068 1828 2141 dignetur,

1031 2171 1057 2219 et
1072 2162 1222 2236 unicuique
1236 2170 1359 2218 nostruin
1373 2161 1467 2217 dicere
1483 2178 1489 2215 :
1507 2158 1590 2217 lfodie
1605 2175 1717 2214 roccam
1727 2159 1784 2213 cris
1798 2156 1829 2210 ia

1029 2253 1170 2323 perendino,
1186 2252 1232 2325 apd
1247 2251 1310 2306 risit
1326 2259 1351 2306 et
1367 2258 1464 2324 regnat
1480 2266 1548 2303 unus
1565 2249 1637 2303 Deus
1661 2262 1723 2303 cum
1753 2247 1832 2300 Patre

1032 2348 1058 2397 et
1084 2341 1183 2411 Spiritu
1203 2347 1297 2397 salicto
1317 2356 1368 2410 per
1393 2339 1483 2394 omnin
1516 2336 1613 2394 saecula
1644 2335 1825 2392 saeculorum.

1033 2434 1133 2486 Amen.

1285 2645 1369 2721 402
1386 2644 1506 2702 senno
1522 2646 1572 2700 xi.

1177 2833 1207 2874 IN
1227 2833 1407 2875 testivitate
1427 2832 1508 2873 unm
1527 2832 1686 2875 bsnuurcrt.

1071 2995 1155 3062 Licet,
1182 2994 1353 3052 dilectissimi
1385 2993 1494 3062 fratres,
1529 2985 1643 3051 aliorum
1673 3006 1834 3055 sanctorum

996 3098 1020 3163 fl
1035 3084 1194 3141 festivitates
1209 3085 1352 3140 celebrare
1367 3086 1413 3155 pio
1433 3085 1584 3140 debeamus
1602 3101 1708 3151 amore,
1731 3086 1836 3143 beatis-

1035 3174 1095 3229 simi
1112 3174 1205 3229 l‘atris
1220 3174 1305 3230 nostri
1319 3173 1457 3230 benedicti
1476 3175 1537 3230 hauc
1551 3184 1646 3231 sancta
1672 3175 1836 3231 solemnitas

1034 3262 1154 3328 anobis,
1167 3262 1244 3337 qnasi
1260 3263 1406 3327 exdebito,
1416 3264 1580 3334 praecipuum
1599 3264 1735 3321 honorem
1750 3264 1835 3336 exigit

1034 3361 1061 3408 et
1075 3352 1258 3407 devotionern.
1271 3351 1415 3407 Gloriosus
1427 3353 1526 3407 etenim
1545 3352 1594 3407 istc
1605 3361 1716 3408 sanctus
1732 3364 1834 3409 nostrae

1035 3442 1162 3498 secundae
1178 3440 1393 3513 regenerationis
1405 3439 1530 3496 inventor
1555 3441 1657 3511 pariter
1680 3442 1782 3499 exstitit
1808 3452 1835 3498 et

1035 3530 1162 3600 scriptor.
1190 3528 1350 3593 llonastica,
1378 3529 1500 3601 inqrram,
1526 3529 1633 3602 religio,
1663 3547 1747 3603 quarn
1774 3530 1834 3602 ipse

1036 3617 1158 3684 instituit,
1178 3616 1297 3673 secunda
1325 3617 1498 3689 regeneratio
1529 3618 1591 3686 jure
1624 3618 1783 3674 nominatur
1809 3628 1836 3675 et

1036 3707 1115 3762 etiam
1129 3705 1276 3777 pontificali
1292 3706 1493 3762 conflrmationi
1514 3722 1569 3762 non
1594 3706 1732 3764 immerito
1755 3723 1834 3764 com-

1036 3802 1154 3866 paratur.
1170 3795 1256 3863 lluJus
1273 3810 1390 3867 namque
1403 3796 1463 3851 vite
1473 3795 1663 3851 observatione
1673 3804 1700 3851 et
1715 3805 1833 3867 prater-

1036 3885 1073 3938 ita
1086 3892 1210 3955 peecata,
1222 3883 1291 3939 siout
1302 3884 1328 3938 in
1347 3885 1517 3956 baptismate,
1540 3884 1677 3953 delentur,
1696 3893 1724 3941 et
1742 3895 1836 3944 contra

1037 3970 1137 4035 futura,
1151 3972 1261 4028 velutin
1275 3972 1490 4040 confirmatione,
1512 3972 1682 4030 Christianus
1700 3976 1832 4032 munitur.

1037 4064 1094 4116 llae
1107 4062 1186 4116 beata
1200 4062 1266 4128 vita,
1281 4061 1327 4132 qrri
1342 4062 1419 4132 prius
1440 4062 1467 4116 in
1484 4061 1609 4118 saeculari
1626 4065 1835 4120 conversatione

1037 4151 1177 4222 peccando
1187 4150 1286 4206 mortui
1296 4150 1414 4218 fuerant,
1426 4150 1597 4207 vilificentur
1609 4170 1616 4215 ;
1627 4160 1654 4207 et
1666 4153 1718 4209 hac
1728 4162 1834 4225 postea,

1037 4240 1101 4294 dam
1117 4240 1283 4295 correctione
1297 4240 1420 4295 districta
1435 4239 1566 4310 peccandi
1578 4238 1687 4296 licentia
1703 4242 1834 4310 moritur,

1037 4329 1138 4399 optime
1153 4329 1270 4383 munitur
1291 4328 1380 4383 anima
1403 4326 1567 4395 Christiana,
1590 4328 1632 4384 cni
1662 4330 1836 4389 solummodo

1042 4416 1155 4473 facultas
1183 4418 1252 4473 bene
1280 4416 1410 4489 operandi
1437 4417 1609 4489 relinquitur.
1640 4418 1726 4488 llujus
1755 4420 1838 4493 igitur

1042 4505 1206 4560 sanctissimi
1221 4514 1247 4560 et
1258 4505 1426 4561 lronornbilis
1440 4505 1490 4560 viri
1517 4505 1588 4561 diem
1617 4504 1718 4561 festum
1746 4508 1836 4563 debita

1042 4594 1217 4650 veneratione
1254 4602 1280 4650 et
1316 4593 1430 4665 speciali
1466 4594 1612 4649 devotione
1649 4595 1835 4664 celebrantes,

1041 4683 1219 4756 gaudeamus,
1240 4682 1274 4739 de
1293 4684 1370 4753 cujus
1389 4683 1466 4737 beata
1486 4692 1512 4737 et
1531 4682 1617 4739 amica
1641 4684 1774 4741 societate
1787 4701 1836 4741 aa·

1041 4772 1352 4845 gelosetnrcbaagelos
1385 4780 1411 4827 et
1439 4787 1535 4827 ornnes
1562 4773 1694 4829 nudorum
1723 4775 1836 4830 ordines

1042 4862 1174 4933 gaudere,
1190 4870 1216 4916 et
1230 4862 1279 4917 Dei
1295 4862 1389 4917 filium
1414 4861 1571 4917 collaudare
1594 4861 1705 4918 minime
1725 4864 1836 4919 dubita·

1042 4967 1112 5005 mus.
1140 4949 1183 5005 lix
1208 4950 1295 5023 gratia
1323 4967 1449 5020 supernae
1475 4950 1674 5007 benedictionis
1704 4952 1837 5009 Benedic-

1041 5047 1084 5095 tus
1117 5039 1289 5095 benedictum
1322 5055 1421 5093 nomeu
1459 5038 1574 5109 aceepit,
1609 5040 1658 5094 sed
1692 5040 1736 5095 ιιι
1768 5058 1835 5096 san-

1042 5138 1101 5185 etus
1115 5128 1212 5200 gratias
1231 5128 1354 5199 ingratus
1368 5143 1423 5183 uon
1438 5127 1550 5183 exstitit.
1569 5129 1637 5183 Nam
1660 5145 1721 5185 curn
1751 5129 1836 5206 403

1041 5227 1129 5282 adbuc
1162 5242 1227 5296 puer
1259 5233 1341 5293 esset,
1375 5241 1444 5295 opus
1470 5224 1590 5296 quolibet
1622 5226 1727 5295 puerile
1770 5244 1836 5283 oon·

1042 5315 1149 5385 tempsit
1166 5313 1233 5382 ,sed
1244 5313 1448 5369 solummodein
1464 5313 1509 5384 pie
1526 5315 1836 5384 pcetorehumilitatem,

1042 5403 1198 5475 patientiam
1214 5412 1240 5458 et
1261 5402 1441 5458 innocentiam
1457 5402 1590 5468 retinens,
1619 5403 1715 5459 mundi
1745 5404 1838 5461 relicta

1041 5493 1259 5559 couversatione,
1276 5509 1306 5548 se
1320 5500 1405 5547 toturn
1421 5491 1538 5547 Domino
1552 5492 1763 5549 commendavit.
1780 5496 1838 5551 Do·

1041 5582 1141 5655 spectis
1154 5583 1243 5654 itaque
1256 5581 1406 5638 litterarum
1421 5581 1526 5646 studiis,
1552 5581 1650 5655 quibus
1669 5598 1686 5637 a
1712 5583 1837 5655 parenti-

1041 5671 1090 5729 bus
1106 5670 1221 5727 traditus
1236 5672 1332 5737 fuerat,
1347 5687 1381 5727 ne
1396 5686 1472 5727 amor
1485 5678 1639 5742 parentum,
1655 5670 1715 5729 sire
1736 5673 1837 5731 divitia

1039 5775 1134 5819 emam
1146 5759 1208 5821 ritae
1230 5759 1352 5819 melioris
1371 5759 1542 5833 propositum
1562 5758 1747 5831 immutarent,
1773 5776 1833 5829 eos,
