3780 6038
71 188 141 245 tace

851 176 931 237 llll'll

1648 186 1718 248 1286

69 308 128 379 ejus
152 309 248 365 merita
270 309 370 383 gratias
393 308 564 373 referentem,
587 306 746 363 anxiabatur
772 305 909 377 spirituli
959 306 1004 361 2l.
1021 306 1089 362 Cum
1104 314 1194 363 autern
1209 309 1343 365 venissent
1357 311 1390 365 ad
1406 311 1504 381 locum,
1528 313 1555 367 in
1580 330 1634 384 quo
1661 324 1718 373 erat

69 406 181 469 peccata
200 414 249 453 sua
273 398 412 465 confitens,
429 406 456 453 et
483 398 625 469 praaeritae
661 397 724 451 ritae
751 396 870 450 maculas

68 487 175 542 lluentis
189 487 302 543 abluens
319 488 506 559 laminarum.
534 486 585 555 Qui
608 502 667 540 eum
694 484 795 539 ibidem
821 501 869 554 per

68 582 268 639 hebdomadam
288 600 349 639 cum
373 584 446 639 onrni
470 584 597 639 comitatu
620 598 668 638 stro
691 599 795 638 moram
825 583 865 637 lc·

67 672 156 740 cisset,
168 690 219 728 nec
231 672 371 728 exauditus
392 672 493 741 suisset,
509 673 629 727 clanrans
652 672 686 728 ad
710 672 865 739 Dominum,

65 778 158 816 rursus
175 778 190 815 a
205 761 296 815 liberis
311 769 337 816 et
360 761 464 816 familia
482 778 531 817 suo
554 761 733 817 commonitus
753 760 868 831 parabat

67 858 130 911 inde
150 858 299 913 recedere:
328 860 461 914 tmheotes
483 866 572 914 autem
594 858 668 913 illum
697 857 731 913 ad
759 874 864 923 manus,

65 947 199 1017 usquead
225 946 346 1002 eeclesiae
368 949 481 1019 januam
505 947 696 1019 perduxerunt.
722 948 865 1019 Comperto

65 1051 129 1090 rere
152 1036 224 1105 quod
239 1037 267 1089 in
282 1036 385 1090 loribus
408 1044 475 1091 esset
502 1036 630 1105 ccclesia),
655 1036 697 1090 rir
722 1036 864 1091 dcrotione

64 1133 164 1205 plenus
181 1130 273 1187 ethde
291 1133 418 1201 fervidus,
443 1134 575 1189 convertit
604 1133 698 1188 taciem
726 1150 802 1187 suum
830 1132 864 1187 ad

64 1222 215 1293 sepulcrum
232 1221 299 1275 llens
314 1229 341 1277 ct
355 1222 469 1292 ejulans,
485 1238 584 1277 nomen
604 1222 687 1277 sancti
712 1222 865 1291 frequenter

63 1310 223 1365 inclamans.
242 1310 292 1379 Qui
308 1311 391 1365 multa
405 1312 419 1363 ‘l
434 1311 520 1365 Deum
537 1317 684 1382 prostratus
698 1311 772 1364 humi
784 1310 864 1380 jare·

62 1416 111 1475 ret,
129 1408 225 1463 facicm
237 1408 362 1481 lacrymis
376 1408 477 1480 rigans,
494 1416 520 1463 et
544 1409 629 1462 Deum
654 1423 733 1462 orans
757 1416 786 1463 ut
808 1424 863 1462 non

61 1496 206 1568 respiceret
221 1504 332 1567 peccata
346 1514 407 1563 sua,
423 1496 470 1552 sed
484 1497 619 1567 perbeati
634 1496 743 1551 llohcrti
767 1497 863 1551 merita

61 1585 272 1640 misericordiam
289 1586 390 1641 laceret
411 1586 579 1655 postulanti:
605 1585 693 1640 subito
718 1593 861 1655 erupemnt

923 396 1046 464 qmedam
1066 397 1207 468 corigeries
1226 398 1354 468 lapidum,
1389 416 1450 469 cquae
1481 410 1592 455 roratur
1622 406 1716 461 llloos-

922 484 1100 553 Gaudii-Dci,
1117 484 1188 541 beati
1203 486 1312 541 liuberti
1329 488 1458 543 attritioni
1479 492 1602 561 petitura,
1627 495 1716 549 statim

922 582 1199 638 aserricntibussuis
1227 584 1358 655 deposita,
1389 588 1447 641 solo
1476 589 1661 658 prosternitur,
1690 598 1717 649 ct

922 676 977 724 tota
992 669 1073 725 effusa
1088 670 1117 724 in
1133 672 1263 743 lacrymas
1277 674 1388 728 salutem
1404 674 1454 729 sibi
1470 677 1570 730 restitui
1595 679 1715 734 deuotis-

920 758 989 813 sime
1003 759 1151 831 llagitabat.
1168 762 1309 817 Multitudo
1330 770 1419 818 autem
1445 764 1638 836 languentium,
1658 784 1715 823 cre-

919 871 1023 924 corum,
1039 857 1189 927 surdorum,
1206 859 1353 925 aridorum,
1370 861 1415 930 qui
1430 878 1479 931 per
1492 863 1577 918 virum
1589 866 1638 921 Dei
1652 884 1714 923 cum

919 944 1019 1016 gaudio
1032 954 1183 1003 remeantes
1197 948 1232 1001 od
1247 949 1365 1020 propria,
1382 966 1441 1004 enm
1457 953 1568 1008 muliere
1579 954 1612 1009 de
1622 956 1715 1013 lectica

918 1031 1041 1103 deposita
1056 1034 1240 1104 substiterunt,
1255 1054 1350 1107 preces
1373 1056 1434 1094 suas
1456 1041 1528 1095 illius
1548 1043 1715 1101 orationibus

919 1128 1098 1199 adjungentes
1115 1146 1121 1199 ;
1139 1140 1165 1186 et
1177 1150 1236 1203 equae
1251 1134 1277 1187 in
1298 1137 1448 1207 semetipsis
1471 1140 1574 1209 experti
1598 1141 1711 1209 ltu-runt,

918 1217 945 1271 in
966 1218 1025 1272 aliis
1044 1236 1151 1290 quoque
1180 1222 1301 1277 uiderant
1333 1231 1359 1278 et
1391 1226 1531 1281 audierant
1560 1230 1712 1301 referende,

919 1315 1036 1361 mentem
1054 1308 1112 1379 ejus
1131 1309 1163 1363 ad
1188 1311 1377 1381 postulandum
1401 1313 1541 1369 instar-ntes
1564 1317 1714 1375 intlarnma-

916 1402 990 1458 bant.
1006 1404 1063 1459 Nec
1078 1420 1151 1461 irrora
1169 1421 1176 1475 ;
1192 1408 1266 1462 uerri
1283 1408 1414 1464 semorum
1430 1411 1496 1481 ejus,
1508 1429 1575 1483 quos
1582 1417 1713 1487 aegritudo

916 1490 1189 1563 longarontrexerat,
1215 1496 1345 1565 paulatim
1373 1509 1512 1569 emperuut
1539 1505 1661 1576 extendi,
1687 1513 1714 1561 et

917 1581 1055 1651 proprium
1071 1582 1153 1637 robur
1168 1598 1227 1638 osso
1242 1585 1371 1655 recipere.
1388 1588 1483 1643 llalier
1498 1606 1604 1661 qaoque
1625 1594 1710 1649 rirtu-

61 1682 96 1738 ab
110 1682 193 1737 oeulis
208 1683 267 1752 ejus
286 1684 418 1754 pelliculae
442 1684 471 1737 in
494 1684 604 1739 medum
629 1684 857 1748 membranarum,
873 1660 900 1721 Β
916 1687 968 1735 tem
986 1680 1034 1735 liei
1053 1680 1081 1735 in
1105 1698 1133 1737 sc
1148 1683 1265 1738 sentiens
1278 1694 1445 1753 operantem,
1463 1687 1625 1758 pedetentim
1655 1692 1710 1747 eri-

60 1788 144 1842 osqac
160 1773 187 1827 in
203 1772 301 1827 laeiem
315 1772 374 1841 ejus
388 1773 594 1827 descendentes
623 1772 701 1841 Quod
726 1773 770 1827 ille
793 1788 858 1826 sen-

62 1860 129 1913 tiens
143 1877 252 1915 manum
269 1861 403 1932 opposuit,
421 1870 447 1915 et
459 1862 570 1917 detersis
584 1862 668 1917 oculis
690 1862 779 1915 lumen
807 1860 859 1915 sibi

62 1956 195 2013 redditum
211 1957 347 2013 adnnrans
360 1957 497 2031 guirdehat
513 1973 519 2026 ;
536 1958 666 2029 undequi
682 1958 755 2029 prius
778 1958 859 2012 luae-

61 2054 102 2101 rat
118 2062 173 2117 prm
186 2046 291 2111 dolore,
307 2047 390 2117 eupit
403 2047 574 2115 postmodum
589 2048 653 2101 llere
674 2063 729 2117 pue
747 2046 858 2119 gaudio,

62 2134 205 2190 ostendens
226 2134 361 2201 omnibus,
386 2136 431 2205 qui
459 2151 520 2191 euru
548 2136 714 2191 conabantur
735 2136 858 2203 educere,

61 2233 113 2287 sihi
128 2233 261 2289 redditam
276 2232 388 2288 luminis
401 2233 570 2297 cleritatem;
593 2234 638 2302 qai
662 2249 711 2303 pro
737 2240 810 2288 tanto
833 2240 860 2289 ct

61 2320 200 2393 inopinato
217 2323 347 2377 miraculo
362 2322 507 2378 Dominum
522 2322 714 2387 collaudantes,
725 2323 758 2377 ad
769 2321 859 2378 ccele-

61 2411 129 2465 siam
144 2420 206 2465 sunt
219 2412 329 2479 reversi,
345 2412 402 2466 Deo
417 2411 517 2483 gratiets
538 2411 692 2479 relerentes
718 2418 744 2465 et
765 2411 859 2482 sepul-

63 2524 138 2563 crum
155 2508 204 2563 riri
218 2508 268 2562 Dei
280 2508 436 2563 nmncrihus
450 2509 624 2563 honorantes.
641 2507 706 2563 lnde
729 2524 792 2564 rero
814 2507 858 2561 di-

63 2597 149 2665 gressi
163 2614 224 2651 cum
239 2597 351 2669 gaudio,
378 2598 635 2669 peregrinationem,
661 2613 742 2667 quam
764 2613 859 2668 cmpe-

63 2693 133 2753 rant,
149 2685 273 2741 elateriter
286 2695 458 2758 peregerunt.

96 2813 140 2867 ΞΟ.
157 2808 199 2864 Ad
222 2810 273 2864 hoc
296 2815 384 2864 autern
410 2810 569 2864 miraculum
593 2810 699 2881 plenius
725 2810 859 2865 roboran-

60 2897 135 2962 dum,
152 2898 224 2953 aliud
240 2899 350 2953 accessit
367 2898 434 2953 lortc
449 2915 503 2953 non
517 2900 615 2969 impar.
639 2900 706 2954 Cum
729 2899 800 2952 enim
825 2914 859 2953 ex

60 2987 110 3041 Dei
125 2986 256 3042 beneticio
272 3004 325 3042 non
347 2987 519 3042 mediocriter
540 2988 682 3041 confortati
710 3003 760 3056 per
787 2987 857 3041 uiam

59 3101 136 3138 suam
151 3085 301 3155 gaudentes
316 3084 393 3148 irent,
411 3085 521 3157 contigit
549 3085 608 3140 illos
630 3085 734 3157 ingredi
760 3084 858 3138 cirita-

60 3181 125 3241 tent,
141 3174 555 3245 cuiTudella(ll)rocabulunt
572 3182 620 3228 est.
648 3176 729 3230 Porro
757 3190 774 3229 a
801 3174 858 3230 rire

58 3262 176 3333 quodam
191 3271 301 3332 potente
316 3264 382 3317 satis
397 3263 592 3319 honorabiliter
605 3262 721 3332 hospitio
734 3270 795 3319 sunt
816 3279 858 3316 rc-

57 3360 141 3429 cepti.
161 3360 283 3431 Cumque
310 3361 389 3415 simul
414 3361 593 3416 amicabiliter
613 3361 794 3431 loquerentur,
817 3361 859 3416 vir

56 3448 156 3503 nobilis
171 3449 306 3520 perbeati
321 3449 433 3505 llobcrti
455 3450 552 3504 merita
571 3449 620 3504 Dei
646 3449 857 3504 misericordiam

56 3538 199 3593 rescrebat.
216 3538 335 3594 Audiens
351 3547 440 3593 autem
456 3540 498 3593 rir
511 3538 583 3610 apud
594 3553 674 3608 quem
686 3536 858 3607 hospitaban-

58 3644 108 3702 tur,
130 3654 192 3707 qurc
219 3637 289 3691 tracta
321 3637 438 3702 lucrant,
474 3636 553 3691 altius
585 3636 765 3707 ingemiscens
797 3635 855 3690 ait:

61 3750 71 3775 a
89 3726 168 3789 Eece,
190 3726 286 3795 inquit,
307 3741 376 3780 uxor
395 3742 454 3779 mco
481 3741 497 3779 a
532 3724 642 3778 renibus
674 3731 701 3777 et
732 3723 857 3777 deorsum

58 3815 131 3870 omni
148 3814 332 3869 membrorum
349 3812 438 3868 olricio
454 3813 580 3868 destituta
595 3813 654 3868 loeo
677 3812 780 3867 mereri
803 3828 857 3867 non

58 3921 155 3984 potest,
171 3911 220 3966 nisi
238 3925 378 3966 sem‘omm
394 3919 440 3965 aut
454 3911 611 3967 ancillarum
628 3910 752 3965 manibus
775 3909 856 3979 baju-

58 4001 126 4055 letur
143 4020 148 4054 :
166 4000 212 4054 sed
230 4016 279 4053 nee
293 4016 388 4055 recens
403 4008 443 4055 est
457 3999 538 4071 plaga
554 4000 612 4067 istu,
630 4000 685 4056 imo
707 3998 765 4069 jam
789 3998 856 4070 lapsi

58 4095 119 4142 sont
133 4089 226 4142 decern
243 4096 270 4142 et
284 4098 387 4158 septem
404 4089 478 4155 anni,
494 4106 528 4143 ex
544 4089 616 4159 quod
630 4091 683 4143 hoc
697 4089 722 4143 ei
737 4088 832 4143 accidit
848 4107 854 4142 z

59 4192 244 4238 rerunrtamen
262 4185 282 4237 si
299 4185 363 4239 tanti
380 4185 466 4239 meriti
492 4194 531 4239 est
559 4192 665 4238 sanetus
693 4183 746 4251 ille,
776 4200 857 4253 quem

59 4272 155 4337 dicitis,
172 4272 277 4327 eomido
293 4274 319 4325 in
339 4273 466 4336 Duritiuo,
484 4272 554 4342 quod
575 4289 642 4326 uam
658 4288 720 4325 mea
734 4272 858 4342 precibus

59 4360 143 4429 ipsius
163 4359 326 4413 restituenda
349 4360 381 4413 sit
404 4360 551 4414 sanitati.»
582 4360 742 4430 Peregrinus
769 4366 899 4429 auteml)

59 4458 187 4524 reserens,
202 4472 256 4512 nou
276 4459 362 4513 solum
376 4456 447 4527 quod
463 4456 490 4510 in
503 4472 533 4509 se
547 4463 674 4526 expertus
689 4456 784 4521 luemt,
809 4455 857 4511 sed

59 4546 332 4616 etiamquarinaliis
361 4546 467 4603 rideret
493 4544 597 4599 atteritis
625 4542 696 4600 beati
724 4544 856 4609 Roberti;

60 4637 193 4707 hospitem
208 4650 297 4702 suurn,
315 4635 348 4691 ad
363 4634 499 4707 poscenda
520 4632 653 4689 beneficia
680 4634 739 4700 llci,
769 4651 857 4704 quan-

60 4740 115 4788 tum
130 4739 245 4803 poteret,
261 4732 399 4787 animabat
415 4751 421 4787 ι
438 4732 514 4802 eujus
534 4730 613 4786 dictis
633 4730 705 4784 idem
720 4731 762 4785 rir
776 4730 858 4785 tidem

59 4822 201 4889 adhibens,
218 4822 270 4877 hoe
285 4822 373 4891 ipsum
390 4822 468 4877 uxori
483 4836 539 4875 sure
554 4818 698 4875 efficaciter
711 4820 854 4890 persuasit.

58 4910 205 4980 Postquam
222 4926 287 4965 rere
316 4918 453 4966 nocturnae
482 4909 600 4964 tenebre
629 4916 803 4973 recessenmt,
832 4915 858 4964 et

59 5008 190 5063 Phubaeo
205 5006 310 5078 lampas
327 5006 421 5062 orbern
443 5012 573 5061 terrarum
596 5004 651 5059 cuis
673 5004 757 5060 radiis
779 5004 857 5059 illus·

59 5104 167 5157 tresset,
182 5095 372 5151 recedentibus
391 5095 541 5167 peregrinis
564 5094 606 5149 vir
632 5093 719 5148 deletis
744 5109 858 5148 uxorem

60 5200 137 5239 suam
151 5185 294 5256 imponens
308 5184 418 5249 lecticae,
434 5200 495 5239 cum
510 5191 640 5255 apparatu
664 5197 765 5253 anagnu
788 5181 856 5237 Gal-

62 5279 111 5333 lias
125 5279 200 5345 adiit,
217 5280 303 5335 labori
317 5295 365 5335 suo
379 5278 461 5333 linem
477 5296 531 5334 non
556 5278 666 5346 faciens,
692 5278 778 5335 donec
804 5294 856 5333 rc·

61 5368 130 5421 niret
142 5368 176 5423 ad
191 5369 291 5437 locum,
307 5370 335 5422 in
349 5384 404 5439 quo
418 5374 476 5425 crat
488 5366 561 5425 beati
576 5368 627 5425 riri
651 5384 749 5439 eorpus
770 5384 856 5425 reuc-

58 5456 181 5511 robilitcr
195 5456 364 5513 tumulatum.

96 5580 153 5652 (at)
179 5581 221 5636 lta
247 5580 420 5651 correximus,
448 5582 510 5639 llcct
546 5582 574 5639 iu
601 5583 738 5657 eeqmpho
765 5588 856 5637 nostro

61 5652 190 5725 scriptum
204 5658 276 5710 essct
290 5652 408 5711 ducello
422 5670 431 5709 r
446 5660 588 5711 celantem
608 5654 704 5711 'l'utcle
728 5652 794 5709 orbs
820 5654 856 5709 ed

914 1768 995 1841 gitur,
1012 1777 1039 1823 et
1057 1770 1115 1823 sine
1130 1770 1243 1839 alicujus
1257 1773 1357 1828 auxilio
1372 1773 1400 1826 in
1415 1775 1496 1845 pedes
1511 1778 1614 1847 prosilit
1629 1795 1636 1847 ;
1655 1782 1710 1835 Dco

915 1865 940 1911 et
956 1857 1035 1912 heato
1048 1857 1163 1913 lloberto
1178 1861 1279 1931 gratius
1294 1878 1388 1933 agens,
1404 1871 1430 1917 et
1443 1865 1531 1920 subdo
1552 1867 1578 1920 ia
1603 1868 1709 1923 latrdcm

912 1956 961 2011 Dei
978 1963 1003 2011 et
1033 1957 1118 2011 sancti
1146 1957 1256 2013 lloherti
1281 1960 1413 2027 omnium,
1442 1962 1486 2031 qui
1513 1962 1633 2031 aderaut,
1663 1982 1711 2022 ore

915 2044 1048 2110 laxantur,
1065 2052 1091 2099 et
1105 2062 1157 2100 ror
1174 2047 1359 2102 exsultationis
1377 2047 1575 2107 diffundebatur
1599 2056 1707 2123 procul.

914 2133 1011 2187 hlulier
1024 2148 1130 2203 quoque
1150 2150 1210 2189 curn
1222 2152 1238 2191 e
1252 2135 1310 2191 rire
1325 2152 1373 2191 suo
1396 2147 1538 2209 rogaretm
1560 2149 1588 2195 ut
1614 2143 1710 2198 iterum

913 2227 1035 2282 lecticam
1071 2229 1263 2285 conscenderet
1299 2231 1333 2285 ad
1368 2233 1508 2289 ecelesiam
1548 2238 1709 2309 protectura,

914 2316 1000 2370 noluit
1014 2317 1194 2387 acquiescere,
1209 2319 1257 2371 sed
1272 2327 1334 2375 unte
1350 2321 1417 2375 alios
1440 2321 1497 2377 ibat
1518 2324 1660 2381 ambulans
1684 2336 1712 2385 et

914 2405 1049 2473 exsiliens,
1067 2406 1178 2461 laudans
1193 2408 1289 2473 Deum,
1306 2415 1333 2463 ut
1345 2409 1422 2477 Juxta
1443 2411 1557 2467 litteram
1577 2414 1711 2471 rideretur

913 2500 941 2555 io
956 2518 989 2557 ea
1003 2501 1144 2572 impletum
1169 2520 1227 2559 esse
1249 2504 1315 2559 illud
1331 2506 1408 2561 lsoiae
1422 2508 1568 2563 ratieiuum
1585 2529 1592 2565 τ
1607 2535 1617 2557 r
1635 2514 1709 2570 Tunc

914 2589 1024 2644 claudus
1047 2591 1124 2645 saliet
1140 2592 1208 2645 sicut
1235 2609 1339 2659 cerrus,
1369 2603 1395 2649 et
1422 2604 1514 2667 aperta
1541 2600 1592 2653 erit
1618 2600 1711 2675 lingua

914 2686 1050 2733 mutorum
1067 2680 1132 2745 (lec.
1148 2681 1243 2751 arxe),
1262 2702 1272 2729 r
1297 2698 1357 2751 qum
1380 2683 1452 2737 enim
1476 2686 1550 2755 prius
1575 2688 1711 2761 impotens

914 2781 980 2839 erat,
996 2790 1058 2829 ecoe
1073 2784 1134 2829 onte
1149 2776 1216 2831 nlics
1231 2776 1287 2831 ibat
1303 2792 1309 2842 ;
1325 2787 1353 2833 et
1366 2779 1407 2833 eui
1432 2780 1505 2850 prius
1527 2798 1584 2851 pra>
1610 2787 1709 2842 conlu-

913 2862 989 2918 siouc
1005 2879 1059 2917 uon
1073 2871 1129 2919 erat
1143 2865 1302 2935 osuperire,
1320 2874 1374 2922 tota
1388 2867 1416 2921 in
1444 2869 1493 2923 Dei
1520 2871 1643 2929 laudibus
1671 2876 1710 2930 el-

913 2950 1025 3006 llucbat.
1045 2953 1264 3010 l‘eniensantcm
1280 2954 1314 3009 ad
1342 2957 1493 3024 ecclesiam,
1522 2959 1549 3013 iu
1579 2978 1632 3030 qua
1659 2965 1710 3021 riri

912 3049 961 3101 Dei
975 3065 1072 3121 corpus
1083 3051 1192 3120 jacebat
1207 3054 1356 3119 liumatum,
1372 3071 1432 3124 qua>
1449 3055 1504 3111 sere
1516 3057 1620 3113 duobus
1643 3062 1708 3116 mil-

912 3136 1023 3193 liaribus
1037 3138 1151 3194 distulmt
1166 3157 1182 3194 u
1197 3140 1266 3206 loco,
1283 3141 1311 3197 in
1326 3160 1379 3212 qim
1393 3144 1489 3198 nudior
1503 3156 1595 3202 sanata
1606 3149 1706 3221 luerat;

912 3227 1084 3299 gratiasegit
1101 3228 1160 3283 [leo
1176 3238 1203 3283 et
1227 3230 1308 3285 beato
1336 3231 1464 3298 lloherto,
1492 3234 1570 3303 eujus
1598 3254 1626 3291 se
1653 3255 1708 3294 non

912 3324 1053 3380 dubitabat
1066 3326 1176 3389 meritis,
1193 3326 1228 3381 ab
1243 3327 1298 3391 illa,
1315 3345 1368 3398 qua
1381 3328 1488 3385 detenta
1505 3332 1600 3401 suerat,
1624 3337 1708 3408 regri·

914 3414 1004 3467 ttuline
1020 3414 1170 3469 liberatam.
1187 3416 1267 3469 llumi
1282 3432 1346 3473 rere
1374 3426 1505 3487 prostrata
1533 3430 1593 3477 ante
1619 3427 1709 3494 sepul-

912 3502 1097 3568 emmsancti,
1121 3511 1228 3570 terram,
1259 3505 1286 3558 io
1314 3523 1366 3575 qna
1391 3506 1501 3576 jacebat
1527 3526 1625 3582 corpus
1650 3514 1709 3583 ejus

912 3597 1083 3653 devotissime
1098 3600 1266 3670 deosculatae,
1283 3603 1384 3657 cunctis
1407 3604 1451 3674 qui
1476 3607 1586 3662 aderant
1610 3610 1707 3666 minis-

913 3687 1000 3741 trabat
1019 3689 1158 3743 materiam
1179 3690 1265 3744 Deum
1285 3692 1312 3744 in
1344 3700 1436 3748 saneto
1469 3711 1517 3749 suo
1550 3698 1708 3755 mirabiliter

912 3776 1088 3846 praedicandi.
1126 3777 1254 3835 Oratione
1286 3796 1349 3837 rero
1383 3783 1526 3854 completa,
1565 3787 1709 3858 multisque

913 3873 1069 3927 nrtrneribus
1084 3875 1241 3931 honorando
1270 3876 1320 3931 riri
1348 3878 1398 3931 Ilei
1427 3880 1550 3949 sepulcro
1578 3883 1705 3954 [oblatis],

912 3976 973 4017 cum
989 3962 1089 4033 gaudio
1103 3964 1273 4019 remeantad
1302 3965 1420 4035 propria,
1450 3965 1570 4022 lecticam
1600 3970 1626 4025 in
1654 3990 1708 4042 qua

913 4050 999 4103 suaerat
1013 4050 1153 4119 deportata
1171 4052 1197 4106 in
1222 4051 1402 4107 testimonium
1430 4070 1485 4108 sum
1508 4055 1707 4115 deliberationis

912 4145 1101 4215 derelinquens
1121 4162 1128 4213 ;
1145 4147 1216 4217 quod
1231 4148 1398 4215 miraculum,
1430 4158 1459 4205 ut
1485 4152 1565 4206 etiam
1587 4164 1707 4225 posteros

911 4249 967 4287 non
982 4234 1084 4297 lateret,
1102 4235 1196 4289 cadem
1213 4236 1307 4291 lectica
1322 4244 1383 4293 ante
1400 4238 1471 4294 sores
1490 4239 1609 4297 basiliere.
1624 4244 1707 4318 lungo

914 4330 1035 4392 tempore
1050 4324 1186 4393 pependit.

947 4448 994 4499 22.
1014 4444 1148 4513 Quaratam
1163 4446 1212 4501 istc
1226 4456 1333 4503 sauctus
1347 4449 1372 4503 in
1388 4448 1538 4523 ell'ugandis
1561 4454 1707 4514 immmidis

911 4533 1048 4604 spiritibus
1062 4534 1196 4605 acceperit
1211 4551 1227 4589 a
1242 4536 1359 4592 Dourino
1377 4546 1546 4608 potestatem,
1567 4544 1601 4598 ad
1625 4546 1708 4616 ipsius

911 4622 1109 4679 invocationem
1137 4624 1266 4679 miracula
1295 4625 1365 4681 laeta
1392 4626 1538 4685 declarent.
1568 4633 1638 4689 Nam
1679 4644 1708 4693 ut

911 4728 1008 4775 caetere
1022 4720 1116 4775 sileam
1143 4721 1372 4791 rnulierqoaedem
1387 4740 1447 4781 cum
1471 4726 1592 4795 ingressa
1616 4731 1708 4789 luisset

911 4809 1137 4867 consecrationis
1156 4810 1297 4865 ecelesiam
1320 4813 1531 4883 Molismeasem,
1562 4825 1588 4872 et
1614 4836 1706 4877 comm

910 4897 986 4953 altari
1001 4898 1142 4963 assisteret,
1159 4899 1265 4954 occulto
1279 4900 1328 4953 liei
1347 4900 1451 4970 judicio
1473 4914 1580 4976 arrepta
1603 4924 1619 4963 a
1646 4908 1706 4965 dm-

910 5012 991 5050 mone
1005 4995 1193 5051 miserabiliter
1207 4997 1366 5054 vexabatur.
1383 5000 1427 5055 Ad
1451 5004 1593 5058 eonsilium
1616 5014 1706 5063 atatem

909 5084 1035 5139 monachi
1047 5084 1169 5153 senioris,
1184 5086 1229 5156 qui
1244 5086 1346 5153 ederat,
1368 5089 1479 5145 maritos
1502 5093 1632 5161 mulieris,
1660 5098 1707 5167 qui

909 5190 971 5229 cnm
986 5173 1032 5229 illa
1045 5180 1165 5239 venerat,
1180 5174 1254 5229 illam
1268 5175 1389 5247 attigerit
1404 5178 1438 5233 ad
1458 5181 1611 5251 sepulerum
1634 5184 1706 5243 beati

909 5270 1032 5327 lloberti.
1051 5269 1147 5323 hlisem
1161 5286 1225 5325 reru
1240 5270 1336 5327 nrulier
1350 5279 1402 5329 tam
1413 5274 1703 5351 enidolitersaeriebct,

908 5367 939 5415 ot
963 5374 1067 5421 omues,
1096 5358 1141 5427 qul
1173 5360 1390 5431 appmpiuqoare
1414 5364 1523 5435 vellent,
1564 5380 1707 5427 coneretur

908 5448 1034 5505 dentibus
1048 5454 1198 5515 attrectare,
1214 5448 1354 5507 tondeme
1372 5452 1431 5507 rire
1453 5470 1502 5511 suo
1528 5461 1703 5527 commonita,

908 5579 1016 5635 lbemm
1031 5572 1142 5631 lltrrium
1158 5574 1306 5640 nominata,
1331 5593 1365 5631 ex
1394 5578 1482 5636 Gallia
1509 5582 1537 5637 in
1560 5584 1703 5641 Galliciam

907 5647 1033 5707 cundbas
1046 5644 1201 5713 commode,
1216 5646 1289 5703 haud
1302 5650 1397 5719 procul
1410 5650 1561 5725 Celoqurri.
