3780 6038
189 216 257 278 tter

751 208 920 267 tt'n'ttttffltt
944 207 1087 268 Acbarus
1106 213 1134 268 S.
1153 213 1263 270 BLASli

1788 217 1842 271 itu

186 353 301 409 corpore
313 336 374 394 coeli
390 335 453 391 neri
471 343 500 392 et
517 344 598 392 terren
613 351 702 403 norae,
733 343 762 391 ut
777 335 867 391 Deum
881 333 982 406 ubique
995 333 1023 395 A
1038 333 1178 400 Quornodc
1188 340 1305 392 serretur
1316 337 1593 410 Aupeetlumpom’t
1604 337 1844 405 etexponitdicts

189 436 353 497 presentem
369 433 395 480 et
409 425 538 481 universe
553 425 635 481 etiem
661 423 817 496 corporalis
830 422 987 497 gubernen-

186 522 241 570 tem
256 530 305 585 per
316 529 434 583 corpora
450 530 512 585 quse
532 513 704 586 gestabimus
727 520 754 568 et
770 528 832 584 quse
846 509 987 583 conspici-

188 627 251 666 mus
264 627 429 684 quocunque
450 627 560 666 versum
585 611 682 666 oculos
703 610 874 675 duxerimus,
890 607 986 665 claris-

188 701 255 756 sima
270 699 463 772 perspicuitate
493 700 653 756 rideremus:
680 701 748 755 sicut
766 699 889 754 homines
916 699 987 752 inter

188 804 260 862 quos
275 790 401 844 viventes
415 797 560 860 motusque
575 788 672 844 vitales
686 795 844 844 exercentes
857 785 984 852 vivimus,

187 903 251 944 mox
266 895 295 942 ut
309 887 469 959 aspicimus,
497 902 552 942 nou
567 886 705 942 credimus
719 887 822 951 virere,
838 884 888 941 sed
907 883 983 939 vide-

188 993 253 1032 mus
268 993 276 1033 τ
293 992 354 1034 curn
370 992 463 1033 eorum
478 976 563 1030 vitem
578 975 638 1031 sine
654 974 812 1046 cerporibus
826 973 919 1030 ridere
934 988 985 1028 ne·

187 1081 304 1139 quamus
318 1081 400 1138 quern
413 1073 504 1121 temen
532 1064 558 1119 in
588 1064 629 1119 eis
640 1079 691 1135 per
714 1078 833 1135 corpore
847 1061 985 1133 conspici-

186 1180 261 1220 mus.

221 1281 298 1337 Prius
320 1279 497 1352 inspiciemus
513 1278 681 1350 exemplum.
701 1278 771 1345 Vita,
801 1294 863 1350 quae
877 1285 985 1351 vegetet

187 1370 311 1426 membra
327 1377 353 1425 et
366 1385 418 1441 que
433 1369 527 1424 vivunt
540 1383 667 1438 corpore,
684 1366 829 1423 invisibilis
844 1370 896 1433 est,
915 1365 984 1421 sicut

186 1460 246 1531 ipse
261 1458 428 1532 Augustinus
444 1456 523 1514 dicit:
539 1456 631 1526 Quare
645 1456 864 1526 nullatenusipse
878 1455 985 1510 videtur

186 1574 237 1631 per
251 1558 346 1614 oculos
360 1556 494 1628 corporis,
509 1557 558 1611 sed
573 1556 677 1641 cordis.
698 1554 777 1612 Unde
791 1570 857 1627 ergo
880 1554 984 1610 discer-

185 1646 275 1702 nimus
290 1646 409 1701 riventie
424 1660 441 1701 n
455 1661 508 1700 non
524 1645 677 1701 viventibus
692 1659 818 1714 corpore,
843 1643 896 1698 nisi
911 1641 981 1715 quod

187 1734 266 1791 simul
281 1749 397 1806 corpore
411 1735 534 1808 vitesque
560 1733 686 1791 ridemus
700 1734 715 1786 ‘l
729 1733 775 1790 Sic
789 1731 862 1788 idem
888 1731 984 1788 doctor

185 1831 280 1887 asserit
296 1832 419 1888 homines
434 1831 556 1887 viventes
570 1830 721 1903 vitalesque
740 1837 831 1886 motus
845 1844 983 1885 exercen-

185 1929 227 1976 tes
241 1920 374 1977 videmus.
391 1919 463 1990 Quid
487 1919 560 1976 enirn
585 1928 636 1983 est,
653 1918 777 1975 videmus
801 1918 926 1974 homines
942 1917 983 1972 vi-

184 2018 289 2075 ventes,
306 2008 376 2081 qued
392 2008 450 2079 ipse
466 2024 527 2064 mox
544 2008 671 2079 exposuit
681 2007 862 2080 subjungens,
874 2006 982 2062 riteles·

183 2124 236 2180 que
251 2115 340 2163 motus
366 2115 537 2173 exercentes,
554 2105 608 2162 nisi
628 2104 752 2162 ridemus
766 2120 820 2160 non
837 2104 926 2178 ipsum
939 2121 981 2159 rr·

182 2200 247 2262 tem,
264 2196 313 2252 sed
337 2203 427 2250 motus
441 2194 528 2251 iactos
542 2211 559 2251 e
575 2196 638 2259 vite,
651 2196 715 2267 quie
741 2201 802 2250 sunt
825 2193 980 2251 certissime

187 2285 266 2359 signa
281 2284 352 2353 ritu,
368 2299 422 2340 non
437 2284 496 2354 ipse
511 2284 590 2339 rite‘l
606 2283 651 2340 Sic
659 2284 730 2338 enim
740 2283 833 2339 dicere
843 2282 980 2338 solemus:

185 2381 272 2436 Audio
287 2379 362 2434 illurn
388 2379 415 2433 in
441 2378 523 2435 domo
550 2379 671 2444 dentem,
697 2378 740 2436 vel
766 2379 910 2447 ridentem,
939 2378 983 2434 vel

184 2468 325 2525 absentem
340 2468 510 2534 clementem,
527 2468 554 2522 id
570 2476 612 2524 est
625 2468 718 2523 euditu
728 2468 806 2538 capio
821 2468 928 2536 tietum,
940 2467 981 2524 rel

183 2557 282 2625 risum,
311 2558 354 2613 rel
382 2557 529 2613 clamorem
559 2557 654 2628 ipsius,
667 2573 722 2613 non
736 2556 835 2628 ipsum.
852 2556 896 2612 Sic
910 2557 981 2613 dici-

184 2663 252 2712 tur:
271 2655 357 2711 Video
376 2655 485 2725 tejuste
513 2664 650 2729 egentem,
681 2655 799 2727 benigne
816 2661 843 2710 et
857 2654 983 2710 hilariter

184 2753 230 2801 tue
244 2745 463 2810 distribuentem,
489 2760 550 2801 cum
566 2753 658 2800 tumen
671 2744 788 2814 justitie,
806 2743 846 2800 ret
858 2742 983 2817 benigni-

182 2843 233 2902 tes,
262 2833 305 2891 rel
320 2833 441 2889 hilaritas
456 2849 472 2889 a
487 2833 560 2889 nullo
574 2842 720 2890 cernantur
734 2834 809 2905 ipse,
834 2832 881 2889 sed
898 2847 981 2905 opere

183 2948 278 2990 earum
305 2948 366 3004 quse
387 2934 523 2987 testantur
552 2946 649 2987 causes
673 2932 771 2987 edesse
799 2931 858 2987 sine
884 2929 982 3002 quibus

180 3036 238 3079 non
251 3020 359 3078 fierent.
391 3021 450 3077 lios
475 3020 558 3077 modo
572 3019 688 3076 dicimus
703 3020 791 3076 Deum
812 3018 978 3075 invisibilem
995 3040 1022 3108 C

182 3110 273 3167 omnic
287 3113 486 3182 gubernantem
514 3124 565 3164 nos
580 3108 696 3175 risuros,
714 3124 775 3164 curn
803 3107 980 3179 inspirituali

181 3223 297 3281 corpore
319 3206 474 3264 elocissima
501 3205 699 3279 perspicuitate
723 3205 868 3262 oculorum
896 3206 979 3278 spiri·

183 3297 294 3354 tunliuru
310 3296 484 3368 conspecturi
514 3313 611 3352 sumus
635 3311 689 3352 nou
705 3295 794 3367 ipsam
809 3295 872 3367 ejus
898 3304 978 3352 netu-

181 3402 250 3454 rem,
267 3386 315 3442 sed
345 3385 550 3440 subtilissimum
579 3385 817 3456 incorruptionem,
836 3393 863 3441 et
877 3383 979 3456 glorio·

182 3500 241 3539 seru
257 3483 496 3550 immortalitatem,
517 3490 543 3538 et
567 3490 665 3538 cetere
680 3482 809 3554 insignis,
824 3498 884 3554 que
903 3483 979 3539 Deus

180 3572 341 3644 operebitur
354 3571 381 3626 in
398 3571 496 3627 suturis
511 3572 693 3643 corporibus:
714 3572 787 3644 quod
814 3573 931 3643 pertinet
944 3572 979 3627 ed

179 3660 498 3736 gubernationemque.
537 3660 694 3716 Notandum
715 3676 783 3716 vero
821 3659 895 3733 quod
914 3660 979 3717 dicit

181 3773 344 3832 quocunque
357 3757 452 3814 oculos
471 3756 662 3814 direxerimus.
685 3759 735 3813 Per
754 3759 807 3814 boc
826 3759 897 3814 enirn
934 3759 979 3813 in-

179 3847 270 3904 nuitur
288 3847 383 3903 oculos
402 3845 484 3902 etiam
504 3853 569 3902 tune
587 3861 643 3902 non
670 3846 771 3918 ubique
790 3847 908 3912 visuros,
929 3847 977 3903 sed

177 3936 217 3994 ibi
233 3944 336 3993 tanturn
351 3952 406 4009 quo
420 3935 520 3992 luerint
534 3935 639 3992 directi.
656 3935 784 4009 Alioquin
812 3935 912 3992 frustre
926 3953 976 4009 po·

180 4037 280 4093 suisset
293 4034 494 4106 conspiciemus
509 4032 661 4106 corporalis
674 4050 842 4107 quocunque
862 4051 973 4091 versum

178 4125 274 4184 oculos
289 4123 483 4180 direxerimus.
494 4122 618 4196 Denique
634 4123 853 4195 sibocexemplo
863 4124 976 4181 demon-

178 4214 275 4271 stravit
289 4228 371 4284 posse
382 4213 472 4269 Deum
483 4212 570 4269 videri
580 4212 723 4284 corporeis
732 4212 819 4270 oculis
834 4213 862 4268 in
872 4213 973 4282 futuro,

178 4312 331 4370 contrarius
350 4318 391 4366 est
425 4309 533 4367 sibimet
552 4311 597 4382 qui
625 4311 692 4366 dixit
710 4310 793 4383 paulo
811 4319 873 4368 ente
892 4311 974 4368 nullis

1129 408 1225 464 suncti
1252 409 1390 464 Ambrosii
1416 410 1449 465 ds
1475 409 1582 466 eedem
1611 411 1788 482 questions.

1076 491 1156 562 Quod
1171 497 1246 551 Deus
1256 496 1390 551 ridendus
1404 497 1439 552 sit
1452 496 1653 569 corporeliter
1677 497 1708 551 in
1724 496 1844 568 spiritusli

1040 605 1157 663 corpore
1171 601 1235 663 post
1249 595 1476 650 resurrectionem
1493 609 1508 649 e
1529 593 1658 659 sanetis,
1677 594 1746 665 qnid
1760 594 1793 649 de
1803 595 1844 650 bec

1042 696 1072 736 re
1099 683 1217 738 senserit
1245 683 1343 738 beatus
1366 683 1537 756 Augustinus
1570 683 1740 739 videamus.
1758 684 1843 738 Nema

1040 771 1151 827 Pauline
1166 772 1217 827 Dei
1232 771 1332 828 lamule
1348 772 1492 844 inquisitus
1506 771 1545 828 de
1574 788 1608 828 re
1624 774 1693 840 istu,
1709 773 1802 843 posuit
1823 781 1844 827 et

1040 869 1168 938 exposuit
1196 870 1278 925 verbe
1294 870 1367 925 beati
1393 870 1533 926 Ambrosii
1559 870 1735 926 disserentis
1756 869 1843 925 deber

1040 959 1198 1028 questione,
1226 959 1271 1014 bie
1297 958 1450 1015 videlicet:
1469 983 1481 1008 ι
1499 960 1596 1016 Deum
1610 974 1702 1014 neruo
1714 957 1781 1014 vidit
1800 974 1842 1012 nn-

1039 1062 1120 1118 quam
1136 1047 1232 1117 (leun.
1251 1049 1282 1117 ι),
1298 1048 1359 1117 quia
1379 1063 1438 1103 eem
1452 1065 1514 1121 quie
1535 1048 1651 1104 bebitst
1676 1048 1707 1102 in
1723 1047 1780 1103 Deo
1792 1046 1842 1118 ple·

1038 1145 1190 1201 nitudinem
1214 1145 1341 1201 diuinitus
1369 1162 1447 1202 uerno
1470 1148 1638 1219 conspexit,
1654 1161 1744 1202 nemo
1765 1149 1841 1200 nante

1038 1243 1084 1289 eut
1097 1235 1185 1291 oeulis
1200 1235 1419 1306 comprehendit.
1433 1258 1444 1284 s
1461 1236 1537 1292 Vidit
1556 1258 1570 1285 ι
1587 1235 1671 1292 enirn
1696 1234 1733 1290 nd
1747 1241 1840 1289 utron-

1037 1348 1091 1404 que
1106 1340 1148 1387 est
1161 1332 1345 1389 referendum.
1362 1333 1484 1405 benique
1497 1348 1565 1390 curn
1582 1331 1706 1388 additur
1730 1352 1742 1384 ι
1758 1331 1842 1405 unige-

1038 1422 1111 1477 nitus
1126 1421 1211 1477 Filius
1227 1423 1285 1493 ipse
1313 1421 1451 1477 enarravit
1465 1422 1580 1494 (usui.
1603 1445 1616 1470 ι
1643 1422 1781 1477 mentium
1793 1436 1842 1474 na-

1037 1513 1081 1582 gis
1095 1511 1331 1582 quemoculorum
1354 1511 1423 1567 visio
1441 1510 1619 1568 declaratur.
1638 1510 1763 1582 Species
1779 1510 1841 1566 enin

1039 1608 1155 1674 videtur,
1167 1609 1254 1663 virtus
1268 1614 1407 1664 narretur:
1423 1608 1467 1663 illa
1482 1607 1586 1675 oeulis,
1598 1608 1651 1665 hic
1666 1616 1763 1664 mente
1775 1623 1842 1664 eon·

998 1688 1024 1749 B
1039 1697 1227 1768 prehenditur.
1242 1698 1275 1752 Et
1289 1697 1357 1770 quid
1371 1697 1481 1763 mirum,
1497 1698 1521 1753 si
1536 1698 1567 1752 in
1584 1696 1727 1768 presenti
1742 1696 1843 1762 seculo,

1037 1786 1090 1841 nrsi
1105 1787 1216 1858 quando
1230 1784 1297 1854 vult,
1314 1786 1445 1842 Dominus
1455 1802 1510 1842 nen
1521 1786 1667 1842 videtur‘t
1677 1789 1711 1842 ln
1720 1787 1779 1858 ipse
1792 1801 1844 1856 qno

1037 1899 1093 1955 que
1109 1886 1312 1941 resurrectione
1326 1900 1381 1940 non
1404 1883 1484 1941 fenile
1498 1892 1545 1940 est
1561 1884 1657 1940 Deum
1675 1883 1785 1949 videre,
1800 1883 1844 1938 nisi

1037 1974 1078 2028 bis
1099 1975 1145 2046 qui
1166 1973 1252 2030 corde
1266 1983 1329 2029 sunt
1344 1975 1456 2030 mundo.
1472 1974 1506 2028 tu
1521 1973 1590 2029 ideo
1607 1990 1616 2030 :
1643 1974 1728 2030 Beati
1753 1973 1845 2028 mundo

957 2105 962 2116 .
1036 2063 1119 2118 corde
1135 2063 1187 2134 ipsi
1202 2063 1278 2119 enirn
1292 2064 1380 2118 Deum
1395 2061 1529 2118 videbunt
1545 2062 1717 2133 (Mettus).
1732 2061 1846 2132 Quantos

1033 2162 1090 2230 jem
1107 2159 1279 2217 nuntiaverat
1310 2160 1431 2227 beetos;
1464 2159 1514 2216 sed
1550 2165 1653 2215 temen
1670 2159 1784 2216 ridendi
1810 2159 1846 2214 bis

1036 2250 1122 2305 Deum
1138 2265 1192 2305 non
1207 2250 1367 2320 promiserat
1381 2248 1551 2307 tenultatem.
1583 2249 1616 2305 Si
1632 2264 1710 2319 ergo
1725 2250 1810 2305 Deum
1822 2248 1845 2302 bi

1037 2339 1081 2411 qui
1092 2339 1194 2393 mundo
1209 2346 1272 2393 sunt
1282 2338 1366 2395 corde
1380 2337 1519 2404 ridebunt,
1537 2338 1644 2410 utique
1668 2354 1728 2394 non
1750 2338 1795 2393 alil
1807 2338 1845 2392 ri·

1036 2436 1449 2509 debunt.Nequeenimindigni
1464 2437 1556 2493 Deum
1580 2436 1738 2504 videbunt,
1766 2451 1846 2507 neqm

1036 2525 1060 2580 is
1079 2527 1125 2598 qui
1145 2527 1231 2581 Deum
1251 2525 1342 2582 ridere
1356 2525 1484 2591 noluerit,
1512 2533 1613 2597 potest
1630 2527 1726 2583 Deum
1739 2527 1841 2581 ridere.

1035 2616 1094 2672 Nec
1108 2615 1135 2670 in
1151 2614 1213 2671 loeo
1229 2614 1338 2670 ridetur
1352 2615 1494 2681 Dominus,
1506 2616 1563 2670 sed
1578 2616 1694 2671 mundo
1707 2616 1846 2672 condense

1037 2712 1228 2783 corporalibus
1242 2713 1328 2768 oculis
1345 2711 1478 2768 Dominus
1491 2713 1647 2785 qureritur,
1665 2730 1721 2770 nee
1735 2714 1845 2771 circun-

1036 2803 1166 2858 scribitur
1178 2803 1250 2868 visu,
1267 2818 1318 2859 nee
1333 2810 1405 2860 tactu
1416 2809 1534 2865 tenetur,
1550 2816 1609 2858 nec
1624 2803 1745 2858 cuditur
1757 2801 1842 2868 effen,

1035 2908 1089 2948 nec
1103 2893 1220 2947 sentitur
1229 2892 1351 2955 incessu,
1370 2899 1480 2947 etcum
1508 2890 1620 2947 absens
1648 2900 1766 2964 putatur
1776 2888 1844 2960 judi·

1036 2997 1122 3054 cetur,
1143 2997 1249 3046 etcum
1274 3004 1396 3060 presens
1425 2996 1476 3057 est,
1490 3003 1548 3043 non
1569 2989 1701 3045 ridetur.
1726 2990 1843 3059 Denique

1036 3094 1088 3136 nec
1101 3078 1220 3150 apostoli
1234 3094 1330 3135 omues
1344 3078 1481 3136 Christum
1494 3077 1648 3146 videbent,
1670 3088 1701 3135 st
1714 3078 1777 3135 ideo
1791 3076 1841 3133 ait:

1035 3191 1046 3217 ι
1065 3168 1151 3224 Tento
1166 3176 1290 3240 tempore
1305 3168 1445 3224 vobiscum
1461 3182 1532 3234 sum,
1551 3176 1579 3223 ct
1610 3167 1711 3225 adbm
1723 3183 1781 3224 non
1796 3181 1841 3224 ce·

1033 3265 1167 3337 gnovistis
1181 3281 1226 3321 rue
1239 3266 1335 3338 (donn.
1350 3266 1416 3335 xre).
1434 3284 1447 3315 e

1071 3418 1082 3444 α
1100 3395 1128 3452 Si
1143 3395 1202 3451 lnaec
1211 3395 1295 3451 verbe
1308 3392 1448 3466 intelligis,
1463 3390 1529 3465 quid
1556 3401 1649 3450 restet
1680 3393 1785 3467 quoda
1801 3408 1839 3449 ne

1033 3485 1149 3557 amplius
1170 3485 1334 3558 requiratur,
1355 3498 1416 3540 eum
1432 3483 1490 3552 lam
1509 3480 1558 3537 ille
1578 3499 1648 3555 quae
1667 3482 1787 3541 difficilis
1799 3481 1836 3538 ri·

1034 3583 1148 3640 debetur
1158 3582 1249 3639 solute
1264 3581 1298 3637 sit
1309 3579 1504 3653 quesitotsm
1518 3588 1679 3652 propterea
1691 3583 1779 3638 Deum
1792 3595 1835 3635 ne·

1033 3689 1078 3729 mo
1093 3673 1160 3729 vidit
1174 3687 1303 3744 unquam,
1320 3669 1382 3744 quin
1410 3669 1482 3726 sicut
1507 3669 1550 3724 eit
1576 3669 1751 3742 disputator,
1770 3670 1836 3739 cujus

1033 3762 1117 3819 verbe
1136 3761 1352 3829 consideramus,
1373 3757 1575 3831 plenitudinem
1612 3759 1769 3818 divinitatis
1785 3759 1835 3829 eju

1032 3876 1114 3918 nemo
1129 3859 1281 3931 conspexit,
1302 3875 1386 3916 nemo
1406 3864 1505 3925 mente,
1526 3865 1577 3912 eut
1596 3860 1695 3916 oculis
1714 3873 1833 3930 compre·

1031 3950 1126 4006 bendlt
1141 3964 1149 4020 ;
1165 3956 1246 4005 restet
1261 3947 1400 4021 inquirere
1415 3945 1555 4019 quomedo
1579 3947 1684 4022 angeli
1697 3949 1782 4004 mum
1796 3944 1830 4000 ri·

1030 4039 1123 4096 dcent.
1148 4037 1177 4094 Si
1196 4038 1268 4094 enim
1287 4045 1314 4093 et
1332 4036 1400 4108 ipsis
1418 4051 1473 4091 nen
1492 4035 1574 4091 sicuti
1593 4045 1651 4103 est,
1673 4037 1727 4093 sed
1741 4036 1830 4093 lstsute

1029 4147 1126 4194 nature
1140 4152 1191 4193 sua
1205 4137 1233 4192 in
1247 4152 1324 4208 spem
1339 4150 1399 4208 que
1414 4132 1531 4190 veluerit
1544 4144 1680 4206 apparet,
1695 4134 1784 4208 megis
1794 4148 1828 4187 re·

1028 4225 1196 4300 quirendum
1210 4228 1263 4294 est,
1278 4223 1417 4297 quomodo
1430 4237 1481 4278 nos
1493 4221 1659 4280 ridebimus
1674 4240 1739 4280 eum
1761 4219 1827 4278 steni

1028 4325 1079 4372 est.
1096 4316 1156 4372 Hoc
1168 4313 1241 4370 enim
1255 4329 1392 4369 summum
1415 4309 1560 4384 praemium
1588 4310 1620 4367 in
1637 4312 1827 4370 resurrectione

178 4400 311 4472 eiemissis
324 4400 377 4456 ¹100
400 4415 481 4470 P⁰⁸⁵0
496 4398 709 4455 ⁰³l0ndl·V³¹d0
732 4399 833 4472 quippe
848 4399 901 4456 Slbl
919 4399 971 4456 Ad·
985 4406 1012 4468 D
1029 4413 1197 4485 promittitur
1216 4412 1289 4486 quod
1308 4412 1409 4469 erimus
1436 4409 1557 4482 equales
1580 4411 1697 4483 augetis
1712 4410 1782 4473 Dei;
1799 4421 1826 4464 ac

180 4496 325 4548 versentur
338 4487 412 4543 nulle
427 4487 554 4560 exemplo
569 4503 652 4560 posse
673 4489 781 4545 ostendi
796 4489 864 4545 iliud
879 4499 905 4546 et
923 4490 975 4546 boc
1028 4518 1079 4575 pgr
1093 4503 1155 4568 1100,
1172 4502 1195 4558 ⁸1
1209 4517 1261 4559 ηρ.)
1275 4501 1327 4574 ipsi
1342 4516 1406 4558 eum
1421 4500 1515 4555 vident
1525 4497 1610 4555 sicuti
1628 4509 1683 4567 esi,
1700 4495 1826 4573 quomodo

179 4586 306 4660 exemplo
329 4601 411 4659 posse
425 4587 533 4643 ostendi
548 4586 626 4643 illud.
646 4587 681 4643 lit
712 4588 735 4643 si
755 4589 910 4645 contrarius
935 4596 977 4644 est
1029 4607 1082 4647 nes
1096 4590 1182 4647 visuri
1196 4607 1300 4657 sumus,
1319 4590 1356 4645 ite
1382 4588 1499 4646 cumeis
1521 4586 1691 4660 aequelesin
1709 4602 1826 4645 resurre-

180 4677 243 4748 sibi,
259 4692 314 4732 noll
333 4683 422 4747 polest
445 4691 575 4733 nonesse
605 4676 687 4732 ellam
709 4675 803 4733 falsus.
834 4677 977 4734 Contraria
1031 4688 1148 4744 ctionem
1165 4686 1226 4743 facti
1242 4686 1382 4742 fuerimus,
1399 4686 1469 4740 Nota
1483 4691 1589 4751 autem,
1616 4685 1685 4758 quia
1708 4685 1826 4741 istudest

179 4767 252 4824 enim
271 4763 352 4820 simul
381 4778 438 4818 non
456 4772 570 4836 possunt
588 4781 650 4822 esse
677 4782 753 4822 vera.
775 4766 829 4823 Sed
847 4766 927 4834 absit,
948 4775 976 4822 ut
1029 4781 1125 4834 contra
1141 4777 1275 4839 homines,
1292 4791 1346 4847 qno
1360 4774 1452 4830 mount
1467 4772 1568 4828 nullam
1594 4782 1764 4840 emturum,
1783 4786 1827 4829 nse

175 4862 249 4936 quod
263 4859 330 4916 dicit
343 4859 524 4932 Augustinus,
535 4860 635 4933 aliquis
650 4871 797 4932 praesumet
809 4863 903 4920 dicere
922 4864 974 4920 iul·
1028 4866 1153 4939 engelos
1168 4880 1220 4922 nec
1234 4863 1363 4921 homines
1381 4863 1489 4918 visuros
1514 4862 1609 4917 Deum
1630 4862 1661 4918 in
1680 4878 1733 4919 sne
1751 4862 1825 4936 ipsias

179 4967 239 5008 sum
256 4965 328 5006 esse.
364 4947 456 5018 Quare
475 4964 528 5006 nee
561 4950 713 5006 contrarius
733 4959 773 5007 est
792 4951 856 5007 sibi·
880 4954 975 5010 Restat
1028 4955 1825 5032 substantie,sedinpbentesiisquibusdem.Sedrideqnid

178 5055 246 5112 ergo
255 5046 284 5094 ut
298 5039 352 5094 bec
368 5037 495 5108 exemplo
513 5052 568 5093 uon
587 5038 714 5094 ostendat
728 5039 778 5095 Dei
792 5041 972 5098 substantium
1029 5059 1231 5123 cousequenter·
1245 5047 1503 5105 dieatnmbmsius:
1521 5068 1533 5094 ι
1547 5046 1691 5120 Denique,
1707 5072 1719 5097 s
1736 5047 1823 5120 inquit,

177 5137 264 5207 ipsern
280 5134 470 5207 corporalibus
480 5133 567 5191 oculis
577 5151 659 5206 posse
671 5135 766 5204 videri,
780 5139 889 5209 quando
899 5155 973 5196 esse
1027 5157 1092 5197 oum
1105 5140 1223 5207 additur,
1239 5137 1396 5210 unigenitus
1411 5134 1492 5192 ruins
1506 5133 1567 5204 ipse
1597 5136 1734 5204 narrarit,
1753 5150 1823 5191 men·

177 5225 231 5279 ruit
246 5223 328 5279 nullis
339 5222 475 5294 exemplis
490 5223 597 5280 ostendi
608 5240 699 5295 posse.
714 5224 793 5295 Quod
803 5243 870 5301 ergo
881 5236 973 5284 osten·
1027 5239 1093 5294 sium
1110 5237 1200 5311 magis
1211 5252 1292 5309 quam
1317 5236 1459 5292 oculorum
1478 5230 1549 5288 visio
1567 5231 1742 5291 declaretur.
1761 5233 1824 5306 Spe·

178 5312 218 5368 dit
235 5311 560 5385 videripossenisiquod
584 5313 701 5369 diximus
711 5315 862 5395 clarissime
871 5317 973 5374 indicis
1025 5327 1084 5385 cies
1114 5327 1188 5382 enim
1221 5325 1335 5393 videtur,
1356 5324 1440 5381 virtus
1457 5330 1588 5378 narratur
1610 5336 1618 5379 :
1640 5323 1690 5379 illa
1716 5323 1822 5387 ecelin

177 5425 233 5467 sure
260 5410 401 5480 presentis
428 5411 565 5481 potentiss,
597 5412 748 5481 sepientiae,
774 5414 971 5487 benignitatis:
1024 5417 1086 5474 bec
1104 5422 1195 5471 mente
1213 5412 1467 5486 comprehenditur.
1508 5409 1579 5480 Quin
1614 5426 1687 5469 vero
1725 5411 1823 5486 speclea

177 5498 277 5573 quibus
292 5496 457 5570 glorificabit
472 5508 500 5554 et
514 5501 696 5574 configurabit
724 5517 842 5573 corpora
857 5504 971 5560 immor·
1031 5513 1156 5571 usitatius
1168 5513 1196 5568 in
1223 5511 1386 5585 corporibus
1398 5509 1507 5577 dieitur,
1537 5507 1583 5565 vet
1598 5508 1629 5565 in
1644 5507 1824 5567 mmmmm-

176 5587 241 5646 talia
255 5586 325 5643 reete
339 5586 464 5658 eorporis
478 5589 565 5645 uestri
580 5589 690 5646 Domini
704 5591 829 5663 claritati,
846 5601 873 5650 et
888 5609 971 5651 reno·
1025 5605 1077 5661 bus
1099 5618 1258 5674 corporum,
1287 5600 1350 5658 ideo
1368 5598 1459 5655 dixit:
1482 5597 1598 5669 Species
1626 5598 1754 5669 ridetnrr
1770 5596 1821 5656 vlr-

174 5684 524 5750 rabiteoelurnetterrsnr.
1026 5702 1070 5751 tus
1083 5699 1221 5764 neuster,
1237 5690 1355 5749 Proinde
1368 5684 1491 5747 uenerit
1502 5684 1669 5763 ungento,
1680 5686 1821 5765 missin
