3780 6038
48 233 98 295 ιιι
177 194 181 199 ’
709 218 895 291 nvvsvouu.
914 231 1029 287 -111.
1049 228 1097 288 ιιι.
1649 223 1701 297 ιιι

48 365 162 422 indutos
189 372 303 421 conatus
329 362 510 421 bumilitatem
538 364 669 420 Romanae
705 361 846 427 Ecclesiae,
862 358 888 418 Α
904 362 983 431 quat.
1003 355 1217 414 Prorcverentia
1234 363 1335 413 vestrae
1349 349 1490 430 religionis
1505 358 1556 415 hoc
1570 359 1699 429 iniustum

49 470 114 526 quae
127 454 220 509 inflata
235 469 350 525 crepare
372 451 525 525 etsupevba
540 468 666 525 premere
695 450 780 520 novit,
797 466 848 521 ap·
905 462 958 502 non
974 445 1099 513 dicimus,
1124 446 1365 517 scdjustumesse
1394 446 1502 518 penitus
1525 447 1697 522 ignoramus.

49 543 203 614 pellamus.
905 536 975 590 Nam
998 533 1042 589 lex
1070 534 1155 605 Moysi
1176 549 1230 589 non
1245 535 1385 607 precepit,
1400 537 1542 607 prophetas
1556 552 1610 591 non
1628 554 1701 608 prm-

532 676 540 687 ,
906 623 1041 692 dixerunt,
1071 629 1193 678 sanctum
1206 622 1386 695 Evangelium
1401 624 1464 680 inde
1478 623 1560 690 siluit,
1578 633 1701 682 auctores

327 675 496 731 ΕΡῙΞΤΟΜ
518 676 575 730 Μ’·
907 727 1041 768 canonum
1057 718 1103 765 aut
1118 710 1262 766 nolua1unt
1276 712 1379 780 dicere,
1406 721 1452 768 ant
1467 711 1597 769 oblivioni
1619 714 1702 770 tradi·

53 800 241 857 cbarissimis
267 800 390 856 dominis
417 803 445 854 et
479 799 709 872 precordialibus
741 796 853 863 catinis,
908 802 1017 856 derunt.
1038 798 1142 854 l'alete.

88 891 193 946 dotano
208 891 294 945 Patro
308 888 530 945 santonensium
547 887 700 943 reiterabili
714 887 852 957 episcopo,
1122 941 1203 1008 156
1223 938 1397 996 EPISTOLA
1418 941 1477 996 W

89 983 119 1035 el
132 980 238 1032 dontno
255 978 398 1033 Goscetinc
414 973 853 1047 insanabiliejuscrclridiccono,

92 1067 235 1138 Goli'ru'das
252 1081 350 1120 eorum
366 1064 484 1121 burniiis
497 1068 525 1120 el
540 1063 856 1133 fideiiscmicus,sai11-
911 1066 942 1119 Ρ.
955 1063 1337 1136 ιιοιιοιιιιιιιι·ιιιιιιόροιιιιιι),
1356 1068 1451 1135 frater·
1462 1065 1607 1139 Gom-idus
1632 1069 1699 1126 abin

92 1161 163 1226 tem,
180 1156 329 1210 seruitium
344 1158 372 1210 ct
387 1153 578 1209 dilectionem.
951 1152 1172 1219 i'indoct'ncnsic,
1185 1152 1352 1209 allodiarius
1363 1157 1704 1226 apostolicaesedisciser·

93 1279 223 1335 Pervenit
242 1279 278 1333 ad
300 1293 363 1344 nos,
385 1278 459 1349 qnod
481 1276 633 1332 oblationes
654 1275 857 1331 confessionum
947 1257 1008 1305 Μ’
1024 1244 1187 1312 'wuswre
1202 1242 1267 1297 “131⁸
1282 1241 1353 1314 qm
1364 1257 1422 1298 '²³²'
1438 1244 1498 1299 ”un
1511 1246 1573 1315 fieri
1589 1248 1650 1302 ³5st

55 1370 83 1424 in
98 1367 217 1424 ecclesia
230 1365 590 1439 Su1·geriarum(itiilnobis
601 1363 751 1419 abstulistis
779 1363 860 1431 Quod
950 1361 1056 1416 Domini
1072 1378 1148 1433 papae
1164 1361 1263 1417 Calixti
1282 1365 1427 1435 accepistis
1446 1366 1595 1432 decretum,
1612 1369 1706 1441 inquo

56 1464 80 1512 ai
94 1465 129 1515 tta
154 1471 207 1511 nos
221 1456 360 1519 absentes,
374 1454 409 1508 de
424 1456 477 1508 boc
488 1453 561 1524 quod
575 1467 627 1523 per
642 1453 754 1524 triginta
773 1466 861 1506 annos
913 1451 992 1506 vobis
1002 1450 1199 1522 etquibnsdnm
1211 1450 1348 1522 episcopis
1366 1453 1427 1507 aliis
1442 1452 1528 1510 iuerat
1541 1466 1708 1528 preceptum

57 1545 278 1616 nulloepiseopo
286 1542 329 1598 vel
336 1542 529 1597 archidiacono
537 1540 703 1597 reclamante
712 1541 860 1611 tenuimus,
916 1548 944 1593 ut
959 1554 1052 1595 rerum
1063 1538 1255 1595 vindocinensi
1271 1543 1439 1607 monasterii,
1456 1544 1525 1598 sicut
1539 1559 1633 1600 earum
1649 1562 1709 1617 quas

58 1645 144 1707 atque
170 1633 360 1688 Romanorum
377 1630 539 1703 pontificum
566 1629 676 1684 lieentia
690 1628 769 1683 uobis
792 1644 861 1684 con·
916 1628 1163 1699 apostolicaesedis
1179 1637 1240 1683 sunt
1255 1630 1383 1700 propriae,
1399 1630 1560 1689 defensores
1574 1636 1672 1690 essetis
1682 1644 1711 1693 et

59 1724 264 1791 nessum155
287 1728 338 1785 est,
362 1718 556 1786 exinvestistis,
580 1725 607 1773 et
622 1718 785 1788 presbytero
809 1733 861 1772 no·
876 1713 902 1774 B
917 1716 1069 1785 adjutores.
1102 1717 1136 1770 Et
1150 1717 1196 1770 alii
1220 1717 1329 1789 quidem
1346 1734 1441 1774 omnes
1468 1735 1522 1774 non
1550 1724 1633 1778 verbo
1658 1740 1710 1782 nec

61 1823 132 1878 stau,
148 1811 447 1881 qaroduostrumerat,
477 1805 735 1871 nobisnolentibus,
766 1814 863 1862 contu·
917 1806 1010 1876 lingua
1024 1805 1195 1870 natumsed
1220 1815 1342 1876 opereat
1368 1807 1489 1875 veritate,
1505 1809 1610 1865 domini
1636 1827 1713 1885 pape

61 1899 144 1966 listis,
163 1914 213 1954 nec
242 1897 416 1954 dilectionem
441 1895 516 1951 eirca
543 1911 594 1952 nos
608 1893 781 1959 exhibuistis,
812 1908 864 1951 neo

62 1987 220 2045 dilectionis
234 1985 369 2057 speeiem.
386 1983 436 2040 tet
452 1985 475 2038 si
490 1985 525 2038 ita
541 1982 643 2040 amicos
659 1991 765 2038 vestros
782 1984 864 2038 beare

63 2078 164 2141 nostis,
182 2090 285 2131 novum
301 2090 389 2146 genus
416 2072 589 2128 beatitudinis
604 2080 631 2128 et
641 2072 794 2128 dilectionis
821 2073 864 2126 in·

64 2165 194 2221 venistis.
228 2165 286 2218 Hoc
300 2171 391 2217 tamen
416 2163 439 2216 si
453 2162 489 2217 ab
505 2161 567 2215 aliis
594 2161 751 2215 bominibus
772 2168 864 2215 contra

64 2260 264 2323 nosageretur,
280 2266 336 2305 non
359 2250 522 2316 dilectionis,
535 2249 584 2304 sed
600 2249 654 2305 odii
669 2265 738 2320 opus
755 2249 864 2304 videre·

63 2354 122 2398 tur.
142 2342 172 2397 Si
196 2340 298 2412 aliquid
311 2339 377 2395 mali
400 2338 478 2394 vobis
498 2336 599 2394 iecisse
628 2337 795 2401 videremur,
819 2338 867 2392 de·

67 2432 224 2487 buissenaus
250 2428 325 2500 prius
339 2426 490 2491 admoneri,
520 2434 547 2481 ut
568 2426 608 2483 sic
621 2434 665 2481 aut
695 2425 816 2497 culpam,
844 2425 866 2480 si

66 2521 189 2586 adesset,
215 2517 295 2572 nobis
323 2516 418 2573 liceret
451 2514 592 2571 humiliter
617 2529 785 2587 agnoscere,
819 2521 868 2571 ant

67 2611 93 2664 si
122 2624 177 2664 nnn
204 2615 290 2675 esset,
326 2604 523 2661 rationabiliter
550 2618 693 2660 excusare.
731 2603 759 2657 Si
800 2603 866 2660 ve'ro

67 2696 173 2768 aliquid
202 2694 265 2750 boni
293 2694 373 2751 vobis
400 2692 492 2749 iacere
519 2693 667 2766 potuimus,
700 2701 726 2748 et
753 2691 868 2749 lecimus

63 2783 282 2851 retributionem,
318 2797 401 2856 quum
430 2783 503 2838 Deus
541 2797 596 2838 non
620 2781 704 2847 novit,
745 2780 869 2852 recipere

61 2890 120 2930 non
134 2880 274 2946 optumus.
290 2871 370 2928 Unde
397 2886 456 2940 vos,
479 2870 548 2928 sicut
571 2869 763 2927 dilectissimos
787 2869 867 2925 dom·

62 2979 116 3020 nos
146 2971 172 3018 et
207 2960 311 3017 amicos
341 2959 500 3031 suppliciter
534 2974 675 3031 rogamus,
707 2974 742 3013 ne
771 2974 787 3012 a
815 2972 868 3012 vo-

918 1901 1095 1950 servaverunt
1111 1894 1279 1949 mandatam.
1308 1896 1363 1951 l'os
1373 1905 1462 1951 autent
1482 1914 1543 1969 qnae
1558 1899 1585 1952 in
1600 1900 1712 1972 episco-

919 1991 984 2054 patu
999 1991 1090 2038 vestro
1103 1983 1182 2038 nobis
1209 1983 1301 2038 ablata
1315 1992 1386 2049 sunt,
1408 1993 1435 2040 et
1450 1993 1525 2056 quat,
1555 1994 1581 2041 et
1595 1998 1713 2059 q11antas

920 2071 1018 2126 iratres
1032 2071 1129 2137 nostri,
1145 2071 1191 2143 qui
1206 2072 1243 2126 ibi
1259 2072 1390 2139 habitant,
1406 2077 1712 2149 portaveruntinjurias,

919 2159 987 2215 satis
1002 2160 1128 2225 audistis,
1158 2161 1207 2215 sad
1221 2167 1267 2216 ant
1280 2160 1406 2216 noluistis
1420 2164 1570 2235 corrigere,
1601 2174 1646 2221 ant
1660 2167 1714 2222 rni-

920 2249 994 2304 nime
1020 2249 1159 2319 potuistis.
1180 2248 1293 2321 Insuper
1321 2250 1404 2304 etiam
1417 2250 1538 2307 decimas
1565 2253 1714 2311 salinarum

921 2345 1084 2402 vestrarum,
1101 2352 1170 2408 quas
1198 2338 1391 2394 monasterium
1420 2347 1552 2407 nostrum,
1584 2342 1715 2413 patrimo·

922 2427 996 2480 nium
1011 2426 1117 2483 scilicet
1133 2427 1160 2481 Β.
1173 2426 1242 2481 Petri
1257 2433 1283 2480 et
1298 2427 1358 2497 ejus
1369 2426 1717 2504 allodiumpersexaginta

923 2529 1011 2569 annos
1025 2513 1135 2584 pacifice
1157 2514 1277 2571 noscitur
1303 2516 1568 2588 possedissemus
1591 2520 1716 2578 antuus.

924 2603 1001 2659 Unde
1012 2602 1184 2658 dilectionem
1200 2611 1317 2658 vestram
1340 2621 1479 2676 rogamus,
1496 2614 1526 2661 ut
1552 2610 1624 2679 quod
1638 2611 1718 2668 aliter

923 2699 1012 2746 actum
1027 2700 1068 2745 est
1082 2691 1235 2762 corrigatis,
1251 2708 1287 2747 ne
1305 2693 1351 2765 qui
1374 2695 1522 2765 apostolica
1536 2699 1718 2770 preceptione

924 2780 1003 2834 nobis
1017 2779 1147 2835 defensor
1168 2780 1328 2836 constitutus
1349 2782 1448 2849 iuerat,
1464 2783 1589 2840 videatur
1618 2803 1717 2858 perse·

923 2877 1010 2935 sutor,
1035 2876 1061 2923 et
1089 2868 1129 2924 sic
1153 2868 1234 2939 lupus
1262 2869 1317 2934 liat,
1343 2870 1417 2941 quod
1436 2872 1509 2926 Deus
1533 2872 1655 2929 abnuatl
1672 2876 1718 2948 qui

924 2972 986 3012 esse
999 2954 1131 3011 debuerat
1145 2963 1249 3027 pastor.
1264 2956 1350 3012 Nobis
1364 2957 1467 3013 dictum
1493 2968 1535 3015 est
1549 2962 1611 3033 quia
1625 2961 1716 3022 dicitis

62 3052 117 3120 bis,
147 3050 310 3125 dequibus
338 3064 447 3119 semper
474 3046 644 3120 speravimus
673 3046 755 3113 bona,
787 3062 864 3117 que·
883 3069 907 3135 C
924 3045 998 3116 qnod
1015 3043 1136 3101 Ecclesia
1150 3059 1203 3100 non
1217 3044 1299 3100 debet
1318 3044 1453 3101 decimam
1479 3046 1641 3121 duretam).
1659 3053 1717 3111 lloc

60 3142 130 3197 libet
165 3139 240 3195 mala
279 3137 439 3203 sentiamus,
464 3136 528 3208 quia
566 3144 658 3191 vestra
691 3135 864 3208 gravamina,

61 3229 194 3304 quoniam
221 3227 302 3284 amici
331 3224 417 3282 nostri
445 3223 639 3296 precordialcs
668 3223 733 3278 estis
755 3222 866 3294 patien-

62 3329 107 3376 ter
136 3324 250 3390 portare
277 3330 332 3372 non
360 3328 517 3387 possumus.
543 3312 572 3367 Si
596 3312 685 3369 dicitis
717 3311 790 3385 quod
819 3311 866 3369 ille

61 3407 233 3465 oblationem
248 3402 429 3461 consessionis
450 3401 551 3457 babere
565 3401 646 3456 debet
670 3400 713 3457 cui
729 3401 865 3472 poenitens

61 3494 222 3560 confitetur,
232 3490 315 3548 simili
327 3491 408 3547 modo
418 3490 511 3547 dicere
525 3491 638 3562 potestis
660 3497 687 3545 ut
698 3489 866 3545 oblationem

62 3583 162 3640 altaris
176 3582 275 3637 babeat
292 3595 306 3636 a
323 3593 377 3651 quo
392 3578 475 3634 missa
490 3586 624 3645 cantatur,
656 3585 683 3634 et
697 3578 864 3634 ob'atiouem

62 3672 281 3743 mortuisque
305 3675 426 3724 mortuus
455 3667 594 3738 sepelitur,
624 3666 713 3722 etsie
740 3665 865 3722 minister

62 3771 160 3820 noster
177 3767 262 3817 totum
277 3756 391 3829 accipiat
402 3763 429 3812 ut
444 3754 511 3811 nihil
534 3754 702 3812 oblationum
717 3754 745 3809 in
772 3755 864 3812 eccle-

63 3853 127 3917 siis,
155 3849 256 3921 quibus
283 3845 328 3902 die
351 3860 384 3903 ac
410 3852 491 3902 nocta
520 3844 665 3913 servimus,
683 3843 762 3899 nobis
778 3843 864 3900 relin-

62 4024 215 4085 Carantoni
230 4021 364 4090 tluminis,
379 4019 482 4077 scilicet
496 4020 612 4075 misssus
627 4020 736 4078 comitis
750 4021 866 4093 Stepha-

62 4114 126 4164 nus,
143 4104 171 4151 et
185 4094 318 4150 defensor
332 4090 464 4148 malelicae
477 4091 650 4158 Guillelmus,
680 4107 744 4149 cum
759 4092 865 4149 buculis

63 4179 90 4224 et
115 4166 203 4223 scutis
218 4182 227 4232 ;
242 4162 372 4219 defensor
399 4162 471 4217 enirn
496 4158 628 4218 maleficae
656 4171 715 4219 erat
731 4163 792 4234 ipso
820 4163 865 4219 die

63 4238 237 4295 malelicatus
251 4250 266 4289 a
280 4233 442 4306 quibusdam
465 4233 692 4301 incantatoribus,
718 4242 744 4289 et
754 4233 865 4306 quibus-

63 4311 126 4366 dam
140 4305 301 4379 potionibus
315 4304 460 4360 herbarum
475 4303 606 4359 initiatus.
628 4304 682 4360 Sed
699 4306 863 4376 Stephanus,

62 4383 98 4438 de
112 4380 200 4436 solius
215 4374 324 4432 Domini
337 4374 514 4444 verojudicio
528 4373 680 4440 conlidens,
698 4376 785 4431 victor
799 4375 859 4431 sine

920 3149 1015 3189 verum
1030 3139 1082 3199 est,
1099 3132 1144 3188 ubi
1159 3133 1283 3190 Ecclesia
1297 3132 1363 3188 nibil
1380 3134 1463 3190 babet
1486 3135 1513 3190 in
1530 3140 1660 3207 parocbia
1676 3141 1718 3196 nl-

918 3221 1001 3277 terius
1016 3220 1157 3288 Ecclesiae,
1185 3221 1231 3277 ubi
1247 3237 1313 3278 vero
1342 3221 1465 3279 Ecclesia
1484 3223 1511 3278 in
1534 3225 1645 3284 alterius
1660 3229 1715 3286 Ec-

918 3308 1009 3368 clesie
1026 3310 1158 3383 parocbia
1170 3310 1375 3382 possessionem
1390 3310 1509 3383 aliquam
1529 3315 1608 3386 157
1621 3316 1713 3386 habet,

919 3399 963 3455 vel
978 3400 1120 3472 quidpiam
1141 3398 1212 3471 quod
1233 3399 1362 3456 decimari
1386 3400 1508 3469 debeat,
1528 3403 1566 3458 ibi
1593 3404 1718 3463 Ecclesia

920 3488 1050 3546 Ecclesia
1062 3488 1198 3545 decimam
1207 3488 1323 3544 reddere
1337 3488 1429 3552 debet,
1446 3489 1468 3544 ei
1484 3489 1549 3546 illud
1562 3493 1635 3560 juste
1649 3511 1717 3567 pos·

920 3577 1010 3633 sidere
1024 3576 1175 3633 desiderat.
1195 3577 1331 3633 lloctenet
1346 3576 1422 3632 ltalia
1438 3592 1446 3647 5
1463 3578 1515 3636 boa
1529 3586 1600 3638 tenet
1611 3582 1714 3648 Gallia,

920 3665 961 3721 lbi
974 3666 1047 3721 enirn
1065 3665 1192 3722 novimus
1204 3665 1341 3722 Ecclesias
1355 3664 1487 3722 Ecclcsiis
1513 3668 1634 3728 decimas
1650 3673 1716 3729 red·

919 3754 994 3820 dave,
1012 3761 1038 3809 et
1052 3755 1171 3824 majores
1186 3753 1347 3821 minoribus,
1364 3761 1392 3808 et
1419 3754 1539 3812 minores
1554 3759 1715 3830 majoribus,

920 3843 966 3899 ubi
980 3841 1067 3899 altera
1081 3858 1173 3900 earum
1190 3843 1393 3916 possessionem
1405 3843 1509 3900 obtinet
1536 3845 1635 3918 injure
1647 3850 1714 3908 alta·

919 4020 1221 4092 versiacumepiscopo
1244 4021 1447 4091 audegavensi,
1472 4022 1510 4078 uti
1535 4023 1711 4083 observatum

918 4099 960 4147 est
978 4092 1012 4147 ad
1027 4091 1106 4162 epist.
1125 4095 1158 4147 ll
1171 4092 1206 4147 de
1222 4107 1276 4163 qua
1298 4094 1369 4148 inter
1385 4093 1522 4166 Ulgerinvn
1551 4097 1710 4169 episcopum

918 4171 944 4217 et
959 4162 1145 4218 Fvnmundum
1172 4161 1298 4217 abbatem
1313 4179 1406 4219 coram
1433 4166 1592 4222 Innocentio
1607 4168 1641 4229 ll,
1671 4170 1710 4224 ita

919 4233 1280 4313 conventnmest,utnbltns
1307 4234 1462 4290 oblationes
1490 4237 1711 4307 baptisteriorum

918 4304 944 4358 in
961 4304 1084 4360 ecclesus
1104 4304 1228 4374 ep1scopi
1243 4304 1454 4377 andegavensis
1477 4308 1633 4374 remitteret,
1649 4310 1710 4380 epi·

919 4391 1018 4445 scopus
1033 4373 1123 4428 abbati
1138 4373 1291 4430 oblationes
1305 4375 1522 4448 purificationum
1539 4378 1583 4435 vel
1605 4382 1712 4452 nuptia-

63 4448 248 4521 suieorporis
274 4443 446 4527 damnolnit.
472 4445 548 4501 Alter
560 4453 616 4503 toto
645 4462 762 4517 corpore
791 4434 901 4502 con-l)
918 4462 987 4509 rum,
1013 4444 1132 4509 etalias,
1148 4444 1312 4503 sicutantea
1340 4447 1503 4514 obtinuerat,
1516 4449 1543 4505 in
1572 4458 1710 4522 posterum

64 4530 204 4595 qnasmto,
233 4532 284 4573 suo
307 4516 418 4572 n1mium
441 4516 574 4588 sanguine
596 4526 752 4589 coopertus,
768 4516 859 4572 vietus

64 4595 138 4649 stetit
161 4592 189 4646 in
234 4587 332 4644 edibus
353 4587 388 4641 ab
403 4586 471 4643 liora
492 4588 573 4643 tertia
601 4604 687 4660 usquc
705 4588 740 4643 ad
764 4588 860 4643 boram

64 4678 178 4720 nonam.
221 4674 267 4715 um
282 4674 312 4715 se
326 4672 437 4714 movere
449 4659 506 4728 jam
521 4674 576 4713 nnn
597 4667 701 4727 posset,
717 4659 817 4730 clypeo
832 4663 861 4714 et

64 4735 162 4791 baculo
178 4729 301 4789 evomuit
318 4728 442 4801 quasdam
466 4727 587 4785 malelica
603 4745 664 4802 qum
690 4737 859 4803 gustaverat,

64 4806 213 4862 semivivus
239 4800 354 4858 aliorum
377 4799 502 4854 manibus
533 4799 693 4871 deportatur
721 4808 747 4856 et
774 4799 861 4871 longo

66 4886 190 4948 tempora
205 4874 342 4947 languens
355 4870 484 4927 decubuit
501 4889 508 4937 ;
524 4870 709 4928 incantatores
719 4887 785 4927 vero
802 4872 861 4941 eius

66 4950 98 5003 de
108 4948 193 5020 longe
207 4951 321 5009 stantes,
338 4941 384 5025 qni
403 4948 429 4998 et
443 4946 565 5014 quedam
589 4943 801 5012 precantamina
814 4942 860 4998 di·

67 5020 174 5083 cebant,
199 5013 360 5071 mosteniu
376 5012 511 5086 sugerunt.
528 5012 681 5138 Etessttanus
697 5028 761 5069 vero
783 5013 861 5068 latus

68 5098 93 5145 et
106 5086 239 5145 exsiliens
252 5084 349 5141 eadem
360 5084 427 5139 hora
442 5090 566 5141 cucurrit
599 5099 632 5139 eo
646 5082 861 5157 gratiusrelerrc

69 5161 99 5216 ul
123 5158 261 5215 tumulum
283 5160 370 5210 sancti
395 5154 530 5280 Elgarcbii,
548 5154 593 5210 ubi
626 5155 755 5224 predicta
782 5162 860 5210 nocte

70 5230 182 5302 pervigil
197 5227 391 5284 excubaverat.
435 5226 515 5281 einde
529 5241 658 5281 reversus
673 5234 714 5281 est
736 5226 861 5306 equitans

71 5320 94 5357 tu
111 5303 221 5357 civitate
237 5307 265 5353 ut
275 5313 306 5352 se
321 5294 458 5353 reliceret.
475 5296 598 5353 italesrca
613 5312 680 5352 vero
695 5295 786 5351 mulus
801 5304 860 5352 tor-

72 5372 164 5427 mentis
191 5370 336 5443 ignorante
364 5367 463 5423 cernite
485 5382 547 5423 mox
577 5368 731 5423 excruciata
746 5382 796 5424 nec
821 5366 861 5423 sic

73 5442 195 5500 toulessa
208 5449 260 5508 est,
280 5438 330 5495 sed
344 5451 361 5492 a
376 5437 461 5493 tribus
485 5438 655 5504 mulieribus,
679 5454 740 5510 qum
755 5453 816 5494 cunr
830 5453 862 5493 aa

74 5514 245 5571 interlaerant
270 5508 428 5573 maleliciis,
456 5508 584 5565 convicte
613 5516 655 5564 est
683 5508 856 5565 testimoniis.

74 5585 167 5643 cunas
181 5592 272 5639 tamen
287 5580 313 5637 ei
326 5579 450 5652 pepercit
463 5587 490 5635 et
505 5578 587 5634 vitam
603 5581 748 5635 concessit.
779 5602 790 5628 ι

104 5656 179 5730 (ill)
189 5651 352 5735 Oblationes
368 5650 618 5733 consestiossatmlp
627 5650 746 5731 ecclesia
758 5650 863 5723 Surge·

76 5722 262 5789 tunmttea
274 5719 417 5783 balatu·
430 5720 480 5781 bnt
495 5720 735 5783 thdoctasnstvm
747 5730 861 5783 contre·

914 4516 1088 4573 concederet.
1109 4516 1301 4587 surgeriarum
1321 4516 1467 4573 Castellum
1487 4536 1587 4576 nomen
1615 4524 1712 4580 retinet

913 4589 941 4642 in
957 4587 1115 4657 episcopatu
1131 4586 1294 4642 santonensi
1311 4606 1318 4652 3
1336 4589 1370 4643 de
1385 4590 1467 4661 cujus
1481 4592 1601 4647 ecclesia
1625 4595 1711 4650 Urba·

914 4675 965 4713 nus
976 4657 1107 4713 Gaulrido
1121 4658 1224 4712 abbati.
1241 4660 1366 4716 Ecclesia
1386 4662 1557 4732 parochialis
1573 4663 1601 4720 S.
1616 4664 1711 4719 dorice

914 4731 947 4785 de
957 4729 1107 4799 Sarpcriis,
1124 4732 1153 4783 ct
1163 4731 1400 4796 omncsecclesioe,
1411 4733 1556 4803 prtoeinsrc
1570 4735 1709 4791 terminos

914 4800 1039 4871 ejusrlcus
1070 4800 1193 4856 crocbioe
1207 4801 1408 4856 continentur.

949 4872 1024 4940 (tos)
1065 4871 1385 4942 bonoratitseptsccpo.
1410 4872 1588 4927 nermeidem
1612 4872 1709 4930 Santo-

914 4941 1002 4996 nensi.
1020 4941 1154 4995 llabnitct
1168 4941 1288 4996 decimas
1304 4943 1451 4996 salinarum
1473 4944 1629 4999 coenobium
1647 4946 1710 5002 l'ln·

914 5010 1211 5077 decinensium,11ta11
1240 5010 1339 5066 tabulis
1365 5012 1529 5068 fundationis
1557 5013 1651 5085 liquet,
1681 5018 1709 5073 in

914 5098 985 5155 pago
1001 5082 1161 5138 Pictaviensi
1174 5084 1209 5138 ad
1224 5080 1353 5137 Olonam.
1373 5083 1462 5152 Quare
1484 5083 1602 5140 dubitari
1635 5097 1710 5146 osset

914 5169 948 5208 an
960 5153 1063 5224 scripta
1077 5153 1111 5208 sit
1121 5152 1236 5223 epistola
1249 5153 1283 5207 nd
1306 5154 1414 5209 Petrum
1429 5153 1587 5227 episcopum
1616 5104 1709 5215 itata-

914 5225 1048 5288 riensem,
1064 5224 1115 5278 nisi
1131 5231 1301 5293 compertum
1314 5231 1386 5279 esset
1400 5222 1496 5280 Calisti
1514 5234 1568 5281 tem
1610 5245 1639 5285 re
1654 5245 1709 5286 non

915 5297 1023 5351 Petrum
1041 5295 1159 5351 l’ictavis
1173 5295 1288 5362 sedisse,
1312 5296 1359 5350 sed
1375 5295 1550 5352 Guillelmum
1587 5299 1638 5354 etri
1646 5315 1708 5356 sue-

893 5374 896 5379 '
915 5382 1065 5422 cessorem.

962 5439 1024 5508 2611)
1040 5436 1165 5494 Ecclesia
1176 5452 1234 5492 acc
1248 5436 1326 5493 debet
1341 5437 1479 5495 decimam
1493 5439 1570 5495 darc.
1586 5439 1647 5496 Non
1663 5457 1711 5500 ne·

915 5524 951 5581 ga
988 5517 997 5563 ι
1011 5508 1159 5579 episcopus
1173 5508 1294 5564 decimas
1309 5524 1325 5565 a
1340 5510 1479 5566 monacbis
1489 5513 1549 5578 jure
1559 5512 1707 5584 possideri,

915 5579 964 5635 sed
978 5578 1159 5636 contendebat
1173 5579 1209 5633 ab
1223 5578 1420 5637 ecelesiasticis
1434 5597 1488 5638 11o11
1503 5579 1607 5639 deberi.
1628 5582 1710 5655 erod

916 5649 985 5707 scite
1000 5649 1131 5709 retellitG
1146 5645 1261 5709 lividus,
