3780 6038
50 218 97 273 109

687 216 873 274 epistota.
888 247 922 261 -
941 217 1004 276 LIB.
1024 222 1074 279 ttt.

1647 236 1698 291 tto

65 338 849 413 tiaemismonosteriiministerindipmas,quodomoati
863 341 889 402 Α
905 344 1000 417 gregis
1020 353 1169 415 pastorem,
1185 348 1265 404 decet
1285 349 1384 407 Christi
1399 351 1488 426 legem
1503 363 1530 410 et
1554 357 1696 425 justitiam,

64 427 266 499 putridemtas
276 427 362 496 lilius,
380 432 408 484 et
423 429 491 485 bomo
503 428 615 485 domiuo
624 429 717 498 fidelis
740 445 847 486 seruas.

83 523 206 579 Noverit
219 524 327 580 bonitas
343 532 442 593 restra,
460 525 540 581 Pater
552 525 663 598 optime,
676 542 784 582 servum
793 542 850 581 ser-

53 621 310 669 rorumvestrorum
333 613 503 687 andegavim
514 629 701 686 superaquam
719 614 847 672 venisse:

54 716 98 756 nec
113 699 282 774 dedignatus
305 710 345 757 est
359 701 530 773 andegavim
541 701 633 758 venire
650 718 848 774 superaquam,

53 788 94 862 qui
115 789 195 845 novit
210 789 382 846 Salvatorem
402 806 480 846 sunm
496 798 522 846 et
539 790 658 846 omniurn
680 790 849 847 Hierusalem

55 876 161 933 senisse
182 894 266 950 snper
284 877 400 933 asinam.
416 877 475 934 Sibi
496 878 605 950 quidem
621 894 676 935 non
691 894 791 951 magna
806 877 849 933 la·

55 964 137 1023 cultas
152 966 284 1022 veniendi
299 966 394 1033 inerat,
407 965 583 1024 velroluntas
598 987 608 1035 ,-
623 967 672 1023 sed
684 966 849 1021 traxitillum

56 1052 175 1125 epistola
194 1062 293 1111 vestrae
303 1054 460 1110 formositas
470 1070 551 1128 quem
568 1055 704 1126 asperitas
720 1053 850 1125 temporis

57 1142 170 1199 retinere
193 1158 249 1198 non
269 1143 365 1215 potuit,
394 1142 437 1198 vel
457 1142 586 1215 quaelibet
607 1158 657 1198 sua
682 1143 844 1199 necessitas.

57 1230 133 1286 l'enit
144 1232 246 1302 itaque,
258 1238 285 1287 et
293 1231 408 1286 multum
419 1229 640 1305 fatigatusvenit.
650 1230 720 1301 Quid
729 1231 850 1286 mirum?

59 1318 296 1391 quiindesinentes
304 1318 670 1391 pluviaruminundationes,
681 1333 715 1375 ae
723 1318 851 1390 paludum

59 1407 277 1479 repercussiones
296 1409 396 1480 saepius
410 1424 500 1479 usqne
520 1408 555 1463 ad
569 1407 664 1463 oeulos
677 1406 753 1478 ipsos
767 1407 852 1463 susti-

59 1496 122 1552 nuit.
143 1497 253 1564 Valete,
276 1505 302 1552 et
316 1503 408 1552 tantus
422 1496 510 1561 labor,
526 1511 608 1568 quem
627 1495 781 1564 utaestimo,
799 1512 851 1550 ve-

58 1592 140 1639 strum
156 1582 247 1640 l'aeitis
257 1584 458 1656 compassionis
479 1581 586 1652 affectu,
611 1583 853 1656 quantasitrequie

59 1673 164 1745 dignus,
177 1672 360 1729 considerate.

332 1778 504 1835 satsaottt
519 1778 578 1835 Vll.

60 1886 204 1956 haimnldo,
216 1886 281 1942 aitte
290 1885 587 1958 laudabilisepiscopo,
597 1884 709 1941 domino
717 1882 856 1939 chammi-

74 1992 117 2032 mo
124 1979 154 2030 et
162 1974 285 2031 cordiali
297 1975 399 2043 amico,
408 1973 547 2045 Coffridas
568 1972 781 2029 l'indocmensis
794 1987 855 2027 rno-

74 2061 858 2132 nostadihomitisserces,exadvcrsodiligenteroscerr·

73 2152 147 2220 dere,
159 2157 189 2209 et
198 2168 251 2225 pro
260 2152 341 2209 domo
351 2150 438 2208 lsrael
447 2151 571 2220 fideliter
580 2164 852 2221 meremoppoeere.

90 2269 171 2324 Pater
185 2266 375 2333 dilectissime,
390 2265 462 2323 lama
476 2263 642 2321 vociferante
657 2263 766 2319 sinistra
776 2264 855 2319 audi·

59 2356 287 2413 timescomitem
303 2362 422 2410 vestrum
436 2354 641 2426 (ltinsanctam
662 2353 743 2422 110
759 2351 857 2406 Eccle-

60 2446 123 2502 siam
140 2443 266 2518 pretioso
280 2443 331 2499 Dei
348 2450 377 2499 et
390 2441 499 2499 Domini
507 2440 594 2496 nostri
606 2441 671 2496 lesu
686 2439 787 2495 Christi
798 2455 858 2494 san-

60 2534 137 2606 gnine
151 2550 170 2588 a
183 2531 288 2588 diaboli
299 2530 428 2587 servitute
442 2529 621 2601 redemptam,
635 2528 702 2599 jugo
720 2527 858 2583 servitutis

59 2623 153 2679 ieram
175 2619 249 2677 velle
272 2619 417 2689 subjicere,
444 2626 471 2674 et
485 2617 682 2673 honorabilium
704 2605 858 2687 principum

59 2709 246 2776 veneratione,
267 2723 351 2780 quarn
361 2710 389 2763 et
403 2707 430 2762 in
444 2705 529 2763 veteri
543 2712 572 2761 et
588 2704 615 2759 in
627 2719 695 2761 nova
710 2704 773 2776 lege
786 2703 859 2760 eirca

60 2799 167 2856 homini
174 2797 307 2868 templum
315 2796 381 2852 olim
389 2796 490 2851 habere
499 2794 669 2860 studuerunt,
684 2799 857 2864 comtempta,

60 2883 230 2956 matrique
252 2880 430 2952 spiritualiter
443 2894 505 2935 cum
519 2876 623 2951 genuit,
643 2876 722 2932 noris
742 2883 859 2931 etexse-

60 2970 170 3028 orandis
182 2967 433 3027 consuetudinibus
447 2966 572 3024 chartam
587 2963 730 3033 libertatis,
742 2963 859 3035 propriis

903 448 965 502 quae
978 434 1254 505 mortnosvivistcaut,
1268 445 1397 511 tanquam
1413 453 1546 499 mortuum
1554 446 1672 516 sepellre
1687 467 1694 513 ς

903 520 951 576 sed
965 522 1036 578 hunc
1064 524 1218 593 specialiter
1241 536 1356 597 oportet,
1374 538 1403 585 ut
1415 530 1525 598 justitiae
1553 535 1695 590 veritatem

903 610 1063 679 praedicans.
1077 612 1126 666 Dei
1140 612 1230 684 legem
1245 631 1299 671 nen
1314 616 1402 683 sileat,
1419 626 1446 673 et
1460 620 1697 693 quidquidsanetae

904 695 1034 753 Ecclesiae
1049 698 1201 756 libertatem
1215 702 1373 776 impugnare
1387 709 1572 777 conspexerit,
1590 711 1696 782 jndicio

905 792 930 840 et
944 786 1057 842 veritate
1074 788 1159 844 sancti
1175 789 1289 860 Spiritus
1313 794 1421 849 student
1431 811 1597 868 expugnare.
1628 798 1695 855 l‘ln-

904 875 972 930 rima
999 876 1077 931 vobis
1100 877 1306 948 scripsissemus
1323 881 1357 937 de
1374 885 1502 953 praesenti
1521 889 1645 955 materia,
1673 891 1697 944 si

903 962 1010 1019 abbatis
1025 974 1098 1021 esset
1111 965 1233 1022 cilicium
1248 970 1416 1026 exacerbare
1430 973 1619 1046 principem,et
1628 994 1696 1047 pra»

905 1061 1091 1122 sumptuosum
1111 1057 1188 1122 111
1202 1071 1256 1110 non
1264 1056 1560 1129 videreturpontilrcem
1568 1064 1693 1121 edocere.

905 1140 1087 1197 Exaee1·hatio
1112 1150 1202 1198 tamen
1224 1144 1367 1215 culpabilis
1382 1162 1436 1201 non
1452 1149 1592 1218 probatur,
1617 1162 1643 1208 et
1656 1161 1698 1208 est

906 1229 1019 1284 venialis
1035 1229 1080 1285 illa
1103 1232 1288 1302 praesumptio,
1304 1250 1364 1304 quac
1379 1234 1413 1289 de
1426 1235 1489 1291 odio
1511 1238 1656 1311 iniquitatis
1671 1249 1699 1296 et

906 1317 1040 1388 [equitatis
1055 1334 1150 1375 amore
1165 1330 1324 1391 generatur.
1341 1322 1444 1378 l'alete.

1176 1442 1346 1500 tPtsTotlt
1367 1446 1435 1502 l'lll.

907 1547 1701 1619 Dilectissimodominoetarnico,domaollcieoldouene-

945 1637 1248 1707 robilirlndequccram
1260 1641 1395 1711 episcopo,
1417 1643 1563 1714 (loffricius
1578 1648 1703 1705 l'imturi-

945 1726 1330 1795 nensisoronasteriisereus,
1342 1731 1480 1786 ueraciter
1493 1737 1520 1787 ct
1531 1736 1704 1806 sirrrplict'ter

943 1814 973 1868 in
988 1812 1222 1885 anteibuaoqere.

945 1900 1123 1968 Calumniam,
1140 1918 1220 1972 quam
1236 1904 1320 1959 abbas
1335 1906 1368 1959 Β.
1387 1905 1494 1962 Nicolai
1513 1910 1588 1979 (195)
1602 1912 1703 1969 inmo-

909 1989 1025 2043 naelrum
1052 2006 1130 2045 suum
1164 1992 1303 2047 absentem
1324 1994 1443 2064 quidem,
1469 1997 1517 2051 sed
1541 2015 1621 2069 quem
1644 2003 1705 2071 ipse

909 2077 1113 2144 absentaverat,
1129 2079 1284 2150 protulerit,
1300 2079 1456 2137 audivimus
1472 2102 1478 2147 ς
1492 2092 1518 2139 et
1527 2087 1590 2156 quia
1599 2089 1703 2146 crimen

911 2164 1058 2236 sacrilegii,
1075 2166 1252 2235 seductionis,
1268 2178 1294 2224 et
1310 2172 1467 2226 monasterii
1491 2174 1531 2227 sul
1545 2174 1705 2247 dissipatio-

911 2268 973 2308 nem
988 2254 1015 2308 in
1029 2270 1091 2309 eum
1100 2255 1255 2323 intenderit,
1272 2257 1400 2328 quoniam
1416 2270 1564 2330 praesentes
1581 2280 1703 2337 eramus,

912 2340 1040 2413 ignorare
1055 2358 1108 2397 non
1126 2360 1281 2414 pessumus.
1292 2346 1529 2416 ancujusohjretn
1543 2355 1705 2425 monachus,

912 2429 975 2499 quia
990 2430 1076 2487 laicus
1090 2440 1140 2499 est,
1155 2448 1209 2488 nen
1229 2433 1334 2499 Latine,
1352 2450 1432 2505 quam
1448 2438 1502 2492 nod
1530 2439 1634 2508 didicit,
1651 2443 1707 2498 lin-

913 2533 978 2590 gua,
991 2520 1040 2574 sed
1055 2528 1175 2575 materna
1191 2522 1349 2592 respondet,
1366 2530 1393 2580 et
1407 2524 1473 2580 dicit
1483 2525 1510 2580 in
1526 2528 1577 2584 hoe
1592 2537 1709 2587 tantum·

914 2607 995 2663 modo
1011 2624 1041 2662 se
1056 2624 1117 2663 esse
1130 2609 1305 2680 culpabilem,
1321 2611 1392 2682 quod
1402 2612 1503 2681 abbati,
1519 2624 1548 2669 ut
1561 2632 1592 2672 se
1606 2618 1709 2674 absen-

913 2702 994 2763 taret,
1010 2697 1176 2768 praecipienti
1199 2699 1328 2754 obedivit.
1345 2701 1385 2754 De
1401 2709 1499 2757 caetero
1515 2717 1614 2771 autem,
1641 2708 1711 2765 sicut

915 2785 941 2839 in
957 2785 1009 2839 lroc
1028 2784 1117 2840 solum
1133 2802 1163 2841 se
1178 2785 1275 2842 latetur
1288 2803 1350 2842 esse
1372 2788 1536 2860 culpabilem
1553 2811 1560 2853 ;
1577 2794 1653 2851 itase
1664 2797 1709 2851 in-

916 2871 1080 2943 culpabilem
1093 2888 1148 2928 non
1161 2873 1262 2944 refugit
1275 2875 1303 2928 iu
1317 2874 1395 2930 curia
1411 2884 1502 2932 vestra
1517 2882 1673 2951 ostendere,
1684 2893 1710 2942 et

916 2960 1059 3016 seductum
1070 2962 1161 3032 potius
1176 2978 1256 3033 quam
1279 2963 1448 3018 seductorem
1464 2966 1559 3023 luisse.
1592 2969 1672 3038 Quod
1686 2974 1709 3028 si

63 3057 189 3116 manibus
204 3057 355 3113 Salvatoris
376 3057 507 3127 scriptam
530 3053 634 3125 pariter
652 3061 678 3108 et
698 3052 856 3124 sigillatam,
873 3045 898 3109 C
913 3065 1006 3106 verum
1021 3058 1073 3118 est,
1089 3050 1143 3107 imo
1158 3051 1221 3122 quia
1235 3067 1330 3106 reruni
1342 3067 1404 3107 esse
1416 3053 1470 3121 iam
1482 3061 1711 3131 expartecogno·

63 3156 179 3205 conatur
202 3145 320 3202 auterre.
335 3144 424 3213 Unde,
441 3146 464 3199 si
478 3144 516 3199 ita
530 3150 581 3210 est,
599 3142 655 3197 ime
670 3140 732 3213 quin
747 3140 784 3196 ita
798 3155 859 3196 esse

63 3235 279 3310 ingemiscimus,
292 3241 400 3306 oportet
413 3248 463 3290 ros
473 3231 636 3288 Christiana
651 3229 722 3302 legis
737 3228 859 3285 auetori-

63 3330 114 3382 ttta
138 3324 273 3381 monitum
298 3321 379 3379 simul
400 3330 426 3378 et
449 3320 583 3377 munitum
607 3320 666 3388 eius
700 3317 860 3374 temerarios

63 3422 182 3483 conatus,
199 3413 299 3485 quibus
313 3411 439 3467 membra
453 3409 552 3466 Christi
565 3406 748 3480 persequitur,
764 3405 860 3461 annul·

64 3502 127 3570 lara,
142 3510 171 3561 et
184 3501 259 3575 quod
281 3500 310 3556 in
325 3515 361 3556 eo
384 3499 419 3555 ad
434 3498 561 3569 iniuriam
581 3495 745 3552 universalis
768 3494 860 3549 matris

66 3590 134 3647 tilios
165 3590 280 3646 nimium
308 3589 406 3655 erevit,
429 3587 495 3642 lima
522 3585 661 3644 eanonicae
689 3582 860 3639 discretionis

65 3688 217 3752 amputare.
242 3677 271 3735 Si
295 3692 374 3744 vero,
398 3675 472 3748 quod
486 3674 558 3730 absit
575 3674 581 3725 l
599 3687 728 3744 sponsam
750 3670 859 3727 Domini

65 3766 188 3836 liberam,
204 3782 286 3839 quarn
306 3765 366 3838 ipse
379 3772 478 3821 uestrae
501 3760 574 3828 lrdei,
596 3768 724 3833 tanquam
746 3760 859 3815 lintrem

65 3872 135 3912 suana
155 3857 186 3912 ll.
202 3854 301 3911 loanni
316 3852 523 3911 custodiendam
539 3849 674 3907 commisit
688 3850 780 3919 (loce.
795 3864 857 3914 xrs,

65 3948 105 4015 il)
129 3943 260 4002 ancillam
279 3941 337 3999 lieri
353 3941 487 4009 videritis,
503 3949 530 3996 et
543 3936 694 4004 tacueritis,
711 3952 792 4010 quam
807 3937 858 3992 de-

65 4032 189 4091 buissetis
204 4039 337 4088 manuam
357 4029 499 4096 suscitare,
515 4027 615 4083 divina
629 4025 698 4098 legis
712 4032 737 4080 et
748 4023 859 4093 iustitia

62 4120 118 4190 iura
141 4119 292 4192 sepeliens,
314 4117 389 4174 illam
410 4117 522 4189 penitus
546 4112 729 4171 exstinxistis.
747 4112 859 4168 Nullum

65 4211 152 4285 ntique
179 4207 367 4265 Christianum
394 4220 521 4280 gregem,
553 4204 638 4260 multo
661 4200 751 4257 minus
773 4201 860 4273 igitur

913 3137 1011 3203 vimus,
1027 3138 1114 3194 abbas
1122 3150 1219 3194 contra
1233 3154 1283 3194 nos
1294 3154 1344 3195 neo
1354 3139 1492 3211 indignari
1503 3145 1707 3216 rationabiliter,

913 3241 966 3282 nec
979 3226 1051 3296 iuste
1065 3224 1100 3282 tle
1114 3227 1193 3282 nohis
1208 3228 1340 3298 conqueri
1355 3230 1450 3300 potuit,
1464 3230 1487 3285 si
1502 3233 1626 3291 veritatis
1641 3252 1710 3294 eau-

913 3330 972 3369 sam
994 3315 1169 3371 sustinemus.
1186 3316 1253 3372 Cum
1275 3316 1348 3372 enirn
1363 3318 1488 3381 Christus
1504 3322 1538 3376 sit
1553 3325 1668 3392 veritas,
1687 3328 1709 3383 si

913 3402 942 3457 in
958 3404 1067 3460 Christo
1089 3420 1201 3460 manere
1216 3404 1349 3471 volumus,
1373 3422 1488 3463 necesse
1499 3418 1538 3465 est
1556 3412 1620 3467 utin
1634 3416 1710 3471 ueri-

913 3499 967 3547 tate
996 3508 1164 3559 maneamus,
1195 3500 1221 3549 et
1248 3508 1299 3564 pro
1325 3494 1440 3551 veritate
1461 3497 1543 3552 etiam
1566 3517 1652 3573 usque
1675 3505 1710 3560 ad

913 3587 1038 3646 mortem,
1055 3581 1078 3635 si
1091 3595 1160 3652 opus
1176 3580 1263 3648 luerit,
1276 3581 1459 3638 decertemus.
1480 3584 1710 3659 Quodpraetlictus

913 3668 1063 3739 abbasjam
1077 3669 1179 3726 dictum
1192 3671 1353 3726 monachum
1380 3672 1508 3729 admonet
1529 3678 1620 3745 112,
1635 3687 1665 3734 ut
1680 3697 1710 3737 se

912 3764 1073 3824 revertatur,
1099 3767 1125 3813 et
1139 3774 1211 3825 eura,
1225 3774 1306 3830 quem
1321 3759 1380 3815 siue
1393 3775 1476 3817 eausa
1491 3764 1598 3834 publice
1616 3769 1709 3825 crimi-

912 3855 993 3902 natus
1008 3856 1059 3914 est,
1077 3848 1127 3902 sub
1138 3856 1274 3919 potestate
1285 3863 1407 3903 suaesse
1418 3860 1540 3921 curratur,
1556 3855 1608 3911 hoc
1623 3872 1710 3915 cane-

912 3934 972 3991 nica
990 3936 1057 3992 ratio
1081 3937 1217 4007 prohibet,
1245 3952 1300 3991 nou
1328 3937 1461 4008 precipit,
1487 3957 1539 3998 nec
1556 3948 1709 4003 monastica

912 4024 1011 4096 religio
1026 4025 1109 4097 cogit.
1126 4025 1203 4080 Absit
1218 4025 1289 4080 enim
1305 4032 1332 4079 ut
1348 4025 1445 4095 religio
1458 4031 1608 4087 rrtonastioa
1622 4049 1708 4091 eano-

913 4111 980 4169 nicae
995 4113 1102 4168 veritati
1112 4112 1268 4168 inveniatur
1282 4114 1421 4169 contraria
1437 4113 1443 4168 l
1461 4118 1491 4171 ln
1512 4120 1625 4175 secretis
1640 4138 1708 4177 san-

913 4199 1027 4257 ctissimi
1053 4200 1152 4258 Felicis
1173 4217 1253 4273 papae
1273 4201 1376 4274 prioris
1401 4205 1475 4277 (tuo)
1491 4204 1596 4279 legttur
1612 4224 1619 4279 ;
1634 4214 1708 4284 quod

93 4414 170 4486 (tat)
200 4410 336 4468 Comitem
358 4412 493 4466 oestrum.
519 4407 667 4464 Falconem
691 4408 722 4472 V.
752 4406 800 4461 lib·
830 4407 850 4472 l,
869 4400 1710 4488 Datitai,atqaeodsrotrumstactentationemmtqnepuupe-

66 4487 273 4625 ‘pistillos
287 4553 315 4608 s.
331 4551 449 4615 uacua,
461 4548 630 4616 murenas,
640 4546 855 4620 quinarium-

67 4627 143 4683 cessit
162 4638 237 4680 anno
258 4623 337 4679 teat.
354 4619 478 4677 llonachi
502 4634 570 4675 vero
582 4634 693 4685 nomen,
709 4620 856 4675 Sararicns

67 4695 177 4767 epistola
185 4693 322 4767 sequenti.
337 4690 499 4773 Coenobium
513 4690 542 4745 S.
558 4690 708 4771 Nicolaiad
718 4690 854 4772 latioma-

68 4760 857 4914 caclatascaelatautum..tit

70 4906 146 4964 Falco
160 4908 208 4974 lll,
223 4904 422 4972 eomes3ouJus
436 4910 516 4957 ettam
533 4909 721 4957 commentarit
731 4918 856 4957 memini-

10 4984 13 5025 ?
71 4992 135 5043 nna,
148 4978 177 5033 in
191 4990 247 5050 quo
260 4973 420 5031 monasterii
432 4973 566 5045 originem
582 4973 708 5043 explieat,
720 4973 857 5028 narratio-

72 5062 126 5105 nem
145 5063 179 5104 ne
200 5045 305 5104 orditur
319 5044 362 5100 his
375 5042 466 5101 verbis
483 5060 490 5098 :
505 5044 585 5099 iliaco
602 5044 773 5115 temporibus
785 5060 858 5098 riori·

73 5121 141 5175 natta
152 5134 230 5191 repes
243 5132 276 5173 nc
291 5114 613 5241 principetecclesiasin
629 5113 735 5170 Christi
744 5115 859 5170 azaniae

75 5190 204 5259 edificare
216 5202 378 5245 caronarum
396 5226 403 5240 .
418 5188 473 5257 ligo
488 5186 573 5241 Falco
591 5199 682 5244 comes
696 5186 860 5258 lindegero-

76 5274 141 5329 ram,
148 5261 252 5317 licetde
259 5258 402 5315 ultimiset
412 5256 557 5339 desidiosis
564 5255 724 5340 homiuibus
733 5272 815 5323 amas,
828 5273 859 5340 m

78 5327 860 5481 humectationem{iactitata

78 5470 392 5529 aamablammotiorse
402 5467 785 5541 llomimadommopmeaute
802 5468 861 5522 llu-

78 5540 375 5617 lertoproedtctrearbis
383 5540 442 5612 [eci
449 5552 573 5596 sacrare.
590 5540 658 5595 Post
671 5539 752 5608 cujas
761 5555 861 5596 sacro-

79 5612 470 5686 timcamoamettoposttsm
489 5609 864 5667 orseemonechisshlarti-

78 5627 866 5757 mmmlcprtrmmssuttattrtcampttcemta-

911 4498 986 4545 rom,
999 4496 1036 4535 ex
1043 4480 1112 4536 ineis
1120 4480 1202 4535 rebus
1207 4481 1329 4603 proeliis
1339 4481 1431 4551 ipsam
1437 4481 1704 4554 ottrrecnrartptr.

911 4551 1237 4619 lionasteriumhocpost
1264 4549 1400 4605 'alconem
1418 4552 1591 4610 laudatorem
1615 4560 1706 4614 multis

912 4623 996 4678 rebus
1010 4630 1145 4676 arrxerunt
1155 4618 1295 4675 Goll'ridus
1309 4622 1449 4677 llartellns
1463 4622 1546 4689 lilius,
1563 4636 1588 4681 et
1603 4627 1706 4684 Gollri-

911 4694 937 4748 di
951 4707 1096 4747 successor
1108 4691 1190 4746 Fuleo
1206 4691 1251 4757 tv,
1267 4692 1349 4762 eujus
1370 4692 1479 4762 quidem
1494 4710 1526 4748 ac
1541 4697 1644 4751 Natalis
1657 4700 1705 4753 ab·

912 4765 981 4819 batis
997 4772 1105 4833 rogatu,
1122 4761 1267 4817 ecclesiam
1282 4763 1375 4817 Sancti
1388 4763 1492 4819 Nicolui
1503 4764 1538 4817 ab
1554 4767 1702 4837 Urbanoll,

911 4836 1008 4890 iterum
1023 4834 1177 4887 dedicatam
1203 4832 1228 4885 iu
1246 4833 1345 4888 Urbani
1371 4833 1455 4903 ipsius
1471 4834 1567 4888 litteris
1585 4837 1703 4909 legimus

912 4905 984 4975 apud
994 4903 1146 4958 Sabloilum
1161 4903 1233 4957 datis
1247 4918 1297 4957 xrr
1312 4901 1377 4956 Kal.
1395 4903 1492 4968 llnrtii,
1505 4918 1577 4960 anno
1589 4910 1665 4964 lollii.

947 4975 1022 5045 (196)
1045 4975 1145 5029 Felicis
1163 4991 1244 5054 papie
1257 4975 1372 5097 terioris.
1399 4973 1537 5044 leguntur
1564 4977 1621 5033 haee
1643 4996 1703 5035 ma-

912 5062 995 5120 guam
1010 5053 1117 5116 partem
1132 5046 1158 5099 in
1168 5052 1255 5113 episto
1268 5042 1429 5106 al'elicisll,
1440 5044 1473 5097 ad
1485 5045 1629 5119 episcopos
1639 5068 1703 5107 sun·

913 5117 957 5172 orii
970 5115 1210 5178 Alexandrinam,
1219 5132 1245 5184 q.
1256 5118 1280 5168 3.
1291 5112 1470 5170 Deirtrittciis.
1479 5108 1705 5178 Nonnullaetr'am

913 5187 1035 5243 alludere
1049 5186 1175 5241 videntur
1189 5184 1224 5238 ad
1234 5184 1330 5239 Felicis
1340 5184 1420 5254 primi
1431 5186 1573 5254 epistolam
1595 5191 1630 5246 ad
1647 5193 1704 5248 Pn-

914 5268 1033 5313 ternum.
1062 5258 1116 5311 Serl
1131 5256 1152 5309 si
1178 5254 1293 5311 Felicem
1306 5255 1329 5308 ll
1344 5255 1469 5327 iutelligit
1493 5256 1642 5328 Gelliidus,
1657 5281 1705 5320 eur

914 5330 1031 5399 priorem
1043 5326 1162 5399 appellat
1176 5325 1191 5377 ⁵?
1205 5326 1228 5379 si
1243 5325 1358 5395 primunt
1376 5342 1383 5396 3
1399 5342 1447 5383 our
1461 5328 1507 5385 illo
1521 5332 1706 5402 arttiquiorem

916 5401 979 5455 lacit
993 5399 1127 5469 synodum
1138 5396 1275 5452 Nieaenam
1285 5396 1299 5449 ‘l
1309 5397 1464 5469 Scripserat
1479 5399 1595 5456 sortasse
1616 5410 1708 5475 postc-

916 5472 1010 5526 rt'oris.
1029 5469 1146 5524 Nicaeuae
1169 5483 1250 5537 porro
1265 5468 1363 5538 synodi
1390 5468 1527 5525 decretum
1542 5487 1605 5527 cum
1633 5476 1662 5529 in
1676 5476 1709 5531 iis

917 5556 979 5613 quae
993 5540 1073 5596 hodie
1085 5545 1199 5608 restant,
1222 5554 1277 5597 non
1292 5547 1390 5607 exstet,
1402 5539 1447 5594 ubi
1475 5550 1554 5599 natus
1568 5542 1604 5599 sit
1618 5544 1710 5605 incer·

918 5617 1043 5668 tumest.
