3780 6038
33 252 36 257 ’
116 259 169 313 675

581 254 684 312 PETRI
701 253 876 313 atenonsl
894 253 943 311 EX
961 254 1081 313 JUDAEO
1100 254 1300 313 CHRlSl'IllNl

1709 260 1762 314 oto

113 380 162 437 riri
184 394 267 451 prope
284 380 413 448 templum
431 379 588 448 incivitate,
606 397 718 450 quorum
734 398 803 436 unus
826 382 907 436 alium
924 382 951 441 A
966 388 1006 436 est
1030 387 1058 435 ut
1084 381 1135 435 sibi
1164 382 1296 450 consulas
1327 382 1389 437 licet
1409 388 1510 436 rectum
1539 389 1568 436 ut
1596 381 1762 437 inconsultas

113 468 254 536 interfecit,
270 468 393 537 clamque
417 468 531 540 aufugit.
562 469 638 523 llulti
666 470 747 542 igitur
761 471 833 527 eires
862 486 910 541 pro

113 557 223 626 strepitu
265 555 445 622 decurrentes,
483 556 652 612 interfectum
694 559 849 629 repperiunt
884 566 911 613 et

113 652 263 716 quaerentes
289 644 412 714 quisnam
445 645 618 700 homicidium
648 655 835 718 perpetrasset,
865 648 909 701 in-

113 750 249 799 traverunt
277 742 406 811 templum
431 752 569 813 sperantes
591 744 754 799 homicidam
782 745 909 816 reperire.

113 832 266 905 AEgpptium
282 846 346 885 vcro
374 840 549 913 reppererunt
577 832 624 898 ibi,
641 841 667 888 et
695 832 858 888 sciscitantes
875 835 910 889 ab

112 944 145 985 eo
159 928 282 998 quisnam
305 927 393 982 virum
418 927 604 996 interfecisset,
634 928 823 985 audieruntab
851 930 909 1000 ipso

112 1026 175 1098 quia
194 1041 245 1098 ego
262 1024 384 1079 interfeci
413 1041 484 1091 eum,
523 1034 705 1096 paupertatem
733 1027 805 1081 enim
834 1044 909 1082 suam

111 1121 195 1170 nrorte
218 1113 312 1168 saltem
341 1112 417 1166 linire
429 1112 555 1183 cupiebat
571 1132 576 1168 :
593 1114 693 1185 Captus
707 1115 795 1185 itaque
819 1116 909 1170 incar-

111 1220 215 1268 ceratus
230 1219 278 1265 est.
294 1211 373 1265 llane
387 1218 477 1264 autem
494 1210 562 1266 facte
578 1211 733 1282 producitur
760 1219 821 1267 ante
832 1212 909 1281 judi-

111 1317 164 1367 ces,
194 1308 221 1354 et
245 1305 330 1354 morte
358 1299 571 1369 condempnatus
598 1299 704 1353 ducitur
730 1300 764 1354 ad
791 1317 908 1356 crucem.

111 1389 186 1444 blulti
202 1403 267 1459 ergo
295 1387 423 1442 demere
451 1395 602 1455 occurrunt,
627 1404 740 1457 quorum
765 1406 832 1443 unus
861 1390 911 1444 fuit

112 1478 215 1533 amicus
229 1478 286 1544 ejus
308 1475 385 1544 cujus
413 1491 493 1530 causa
512 1476 615 1531 adierat
642 1477 769 1532 Baldaclr.
785 1478 833 1532 llic
847 1495 908 1533 acu-

112 1567 163 1621 tius
173 1581 233 1619 eum
249 1565 354 1617 intuens
369 1563 545 1634 deprehendit
573 1581 630 1620 esse
645 1566 762 1620 amicum
786 1583 865 1635 quem
881 1567 908 1620 in

111 1655 225 1725 AEgypto
266 1652 410 1721 reliquerat
427 1671 434 1717 3
450 1653 624 1707 reminiscens
653 1654 741 1723 itaque
775 1654 906 1710 boncmm

966 485 1038 532 tunm
1054 495 1106 534 nun
1121 486 1247 548 sequatur
1260 480 1411 534 consilium.
1427 480 1501 534 illius
1516 499 1521 534 :
1539 479 1601 534 Noli
1618 480 1761 535 consilium

964 576 1038 622 tuum
1063 568 1136 622 enini
1164 568 1266 623 lromini
1293 569 1413 624 revelare
1430 584 1437 638 3
1453 568 1498 638 qui
1522 568 1595 622 enim
1618 569 1762 624 consilium

964 674 1038 721 tuum
1060 666 1087 719 in
1111 665 1191 721 corde
1219 682 1267 721 suo
1296 666 1401 735 retinet,
1435 667 1475 720 sui
1501 665 1570 735 juris
1598 673 1638 720 est
1667 666 1763 721 melius

963 763 1073 835 eligere.
1089 763 1164 818 Alius
1180 782 1186 817 :
1203 763 1349 819 Consilium
1365 763 1551 818 absconditum
1566 763 1641 833 quasi
1658 764 1685 816 in
1701 779 1762 818 car-

963 877 1024 917 cere
1037 876 1086 916 suo
1113 867 1152 914 est
1166 867 1316 923 retrusum;
1333 861 1480 916 revelatum
1509 876 1574 915 vero
1603 868 1627 914 te
1653 860 1680 914 in
1707 876 1762 914 car-

963 976 1023 1015 cere
1035 976 1084 1015 suo
1100 967 1170 1014 tenet
1193 959 1318 1031 ligatum.
1339 959 1413 1013 Alius
1430 977 1435 1012 :
1450 981 1461 1005 a
1478 960 1518 1013 Ne
1534 966 1559 1012 te
1587 957 1762 1013 associaveris

964 1048 1079 1104 inimicis
1094 1049 1154 1116 tuis,
1170 1064 1231 1102 cum
1248 1048 1316 1103 alios
1331 1048 1416 1118 possis
1430 1047 1566 1118 repperire
1580 1048 1669 1102 socios
1686 1062 1763 1115 :quae

964 1137 1035 1191 enim
1052 1137 1122 1192 male
1145 1136 1234 1208 egeris
1247 1136 1386 1202 notabunt,
1403 1153 1463 1207 quae
1487 1135 1636 1190 verobona
1666 1134 1763 1189 luerint

964 1225 1129 1281 devitabunt.
1145 1224 1219 1278 Dixit
1244 1224 1353 1294 quidam
1382 1222 1548 1279 versificator
1564 1242 1569 1278 :
1587 1224 1634 1278 Est
1649 1238 1703 1276 una
1731 1222 1763 1276 de

963 1324 1167 1379 adversitatibus
1177 1322 1257 1391 hujus
1268 1323 1358 1377 saeculi
1373 1323 1544 1394 gravionbus
1559 1322 1644 1377 libero
1658 1323 1760 1376 homini

963 1413 1034 1483 quod
1049 1411 1206 1467 necessitate
1220 1412 1325 1481 cogitur
1349 1419 1377 1466 ut
1390 1411 1441 1465 sibi
1456 1411 1597 1466 subveniat
1624 1411 1760 1481 requirere

963 1501 1111 1555 inimicum.
1135 1499 1265 1570 Quaesirit
1291 1498 1399 1569 quidam
1416 1499 1559 1570 aquodam
1588 1499 1676 1554 Arabe
1702 1515 1760 1568 quie

963 1589 1049 1658 maior
1058 1588 1205 1644 adversitas
1219 1588 1332 1660 contigit
1342 1587 1389 1641 tibi
1404 1587 1431 1641 in
1447 1590 1497 1643 hoc
1512 1588 1610 1642 saeculo
1625 1589 1639 1640 ‘l
1654 1587 1757 1642 Arabs:

963 1677 1112 1733 Necessitas
1121 1676 1251 1747 compulit
1265 1693 1309 1731 me
1332 1676 1629 1732 convenireinimieum
1657 1683 1760 1745 atquae

111 1766 171 1821 (lum
186 1749 236 1804 Sibi
251 1749 277 1802 5¹¹
292 1749 407 1820 AEgypto
419 1748 526 1815 slcefflls
543 1750 664 1821 ⁰08i¹³¹¹S
679 1751 742 1820 ‘lull
757 1760 817 1820 P0⁵l
832 1767 906 1807 ¹¹¹01'·
921 1735 948 1795 B
965 1765 1088 1823 volebam
1104 1766 1170 1820 mihi
1184 1765 1352 1820 concederet.
1369 1765 1444 1820 hlius
1461 1784 1467 1819 :
1484 1766 1525 1819 Ne
1541 1773 1566 1819 te
1578 1765 1696 1818 associes
1710 1764 1761 1819 lec

111 1848 165 1895 tem
192 1836 338 1891 retribuere
363 1837 477 1891 illinon
500 1846 613 1908 poterat,
643 1848 756 1894 mortem
787 1855 834 1911 pro
862 1840 908 1896 illo

111 1944 140 1983 se
154 1927 243 1981 subire
256 1925 384 1993 decrerit,
410 1942 476 1980 voce
491 1942 556 1998 ergo
571 1943 671 2000 magna
684 1929 821 1983 clamarit.
838 1927 909 1998 Quid

112 2017 282 2072 innocentem
306 2013 534 2085 condempnastis,
546 2032 633 2086 quove
643 2034 704 2071 eum
715 2018 811 2073 ducitis
826 2019 840 2071 ‘l
855 2035 908 2074 non

112 2121 225 2170 mortem
242 2111 349 2177 meruit,
365 2126 417 2182 ego
431 2111 518 2166 rimm
542 2112 676 2169 interfeci.
694 2116 728 2168 at
742 2114 780 2168 illi
809 2114 908 2184 iniece—

111 2211 173 2258 runt
186 2217 282 2256 manus
295 2200 323 2254 in
343 2216 415 2266 eum,
432 2207 512 2270 atque
539 2201 651 2273 ligatum
680 2219 771 2258 secum
786 2203 820 2257 ad
844 2219 907 2258 cru-

112 2307 170 2348 eem
186 2296 331 2356 traxemnt,
356 2287 492 2358 aliumque
520 2305 536 2344 a
559 2306 638 2361 poena
666 2291 760 2347 mortis
785 2292 908 2348 absolve·

110 2397 180 2444 runt.
197 2386 337 2443 Homicida
365 2400 429 2439 rero
445 2384 471 2439 in
493 2385 589 2441 eodem
605 2387 713 2458 agmine
737 2390 789 2443 hoc
803 2388 908 2443 intuens

109 2476 283 2551 gradiebatur
310 2481 389 2543 utque
412 2489 503 2527 secum
536 2474 642 2530 dicebat
659 2494 665 2530 r
682 2475 759 2530 llunc
786 2476 906 2531 interfeci

110 2584 137 2634 et
150 2577 198 2631 iste
213 2575 385 2644 dampnatur.
405 2571 454 2627 llic
469 2573 598 2628 innocens
608 2575 739 2645 supplicio
754 2574 905 2644 deputatur,

111 2690 163 2746 ego
178 2689 242 2728 vero
257 2687 356 2728 nocens
380 2671 502 2726 libertate
517 2670 600 2726 fruor¹
617 2670 747 2739 Quaenam
773 2680 908 2727 causaest

111 2773 190 2842 hujus
212 2771 346 2840 injustitia·
373 2774 387 2825 ‘l
415 2769 523 2837 Nescio,
552 2770 601 2824 nisi
629 2771 686 2825 sola
704 2770 756 2825 Dei
778 2771 907 2841 patientia

111 2861 154 2915 sit.
172 2861 268 2915 Vemm
291 2861 376 2916 Deum
389 2859 475 2932 judex
501 2859 589 2927 justus
613 2859 773 2930 impunitum
803 2860 906 2914 nullum

109 2960 195 3014 scelus
209 2958 330 3013 dimittit.
363 2959 405 3014 Ne
434 2957 515 3030 igitur
542 2959 674 3029 posterius
702 2958 791 3012 inme
815 2958 907 3013 durius

962 1855 1055 1917 calori,
1065 1854 1143 1923 cujus
1156 1854 1319 1908 consortium
1335 1861 1375 1907 est
1390 1853 1437 1907 tibi
1447 1852 1577 1908 dedecus.
1607 1851 1683 1906 Alius
1700 1871 1706 1906 :
1721 1853 1761 1907 Ne

961 1944 1085 2016 glorieris
1107 1944 1134 1997 in
1148 1942 1226 1997 laude
1242 1942 1390 2008 leccatoris,
1414 1941 1491 2010 cujus
1518 1942 1626 1996 lausest
1641 1940 1688 1994 tibi
1719 1941 1761 1994 ri-

964 2041 1105 2112 tuperium,
1121 2047 1147 2094 et
1163 2039 1326 2109 vituperium
1341 2039 1408 2093 laus.
1439 2037 1555 2108 Quidam
1586 2038 1762 2109 philosophus

963 2130 1092 2184 transiens
1102 2145 1150 2200 per
1164 2128 1245 2194 viam,
1262 2128 1344 2182 alium
1355 2127 1545 2199 philosophum
1566 2128 1686 2198 repperit
1700 2143 1761 2181 cum

962 2230 1078 2301 modam
1107 2230 1239 2285 leccatore
1278 2229 1426 2298 jocantem,
1452 2238 1478 2284 ct
1505 2230 1564 2284 ait:
1586 2229 1645 2285 Sibi
1674 2228 1760 2283 simile

962 2321 1093 2374 attrahere
1108 2318 1258 2373 calcitrantis
1287 2327 1335 2373 est.
1363 2320 1398 2373 Ar
1421 2319 1465 2372 ille
1481 2319 1566 2388 inquit
1582 2337 1588 2372 :
1604 2319 1760 2386 Numquam

962 2423 1006 2463 me
1025 2408 1076 2463 sibi
1100 2407 1220 2475 adjunxi.
1241 2407 1282 2461 Ad
1311 2410 1362 2461 hee
1391 2407 1614 2462 uansicns:Cur
1641 2422 1708 2478 ergo
1736 2407 1760 2460 ei

961 2496 1143 2567 applaudebas
1157 2498 1171 2548 ‘l
1186 2499 1219 2550 nt
1234 2495 1277 2550 ille
1293 2496 1379 2565 inquit
1395 2515 1400 2550 :
1417 2496 1488 2561 Non,
1519 2495 1565 2550 sed
1581 2511 1682 2567 magna
1710 2511 1759 2550 ne·

960 2592 1081 2647 cessitate
1122 2592 1227 2664 cogitur
1250 2592 1330 2648 etiam
1361 2594 1486 2647 honestus
1525 2593 1606 2646 homo
1635 2591 1759 2647 latrinam

961 2691 1044 2746 adire.
1060 2691 1133 2744 illius
1147 2691 1323 2762 philosophus
1335 2710 1341 2744 :
1354 2690 1415 2756 Fili,
1424 2705 1508 2761 grace
1518 2697 1558 2742 est
1567 2688 1665 2743 arduas
1680 2704 1759 2744 men-

961 2793 1201 2848 tionesascenderc
1225 2799 1251 2847 et
1273 2791 1308 2847 ab
1336 2792 1438 2846 eisdem
1467 2791 1630 2846 descendere
1666 2791 1755 2845 facile.

960 2891 1036 2945 illius
1049 2891 1225 2962 philosophus
1242 2907 1249 2945 :
1269 2890 1366 2945 hlclinr
1395 2896 1434 2944 est
1464 2888 1605 2944 inimicitia
1631 2889 1761 2960 sapientis

961 3005 1040 3059 quam
1056 2987 1174 3043 amicitia
1197 2988 1355 3060 insipientis,
1379 2987 1454 3042 Alius
1477 2988 1652 3058 philosophus
1683 3006 1688 3041 ι
1720 2987 1760 3040 Ne

109 3056 237 3122 nuditer,
253 3056 333 3125 hujus
345 3072 388 3111 me
410 3056 522 3128 prodam
550 3056 670 3111 criminis
684 3073 742 3111 esse
766 3057 1061 3149 rcum,sicCh,heas
1080 3092 1243 3149 promagno
1271 3075 1416 3131 amicitiam
1446 3076 1528 3141 stum,
1549 3076 1612 3145 qui,
1637 3091 1691 3130 non
1720 3083 1760 3129 θεῖ

111 3169 162 3225 ‘1¹¹⁰
178 3168 224 3208 ⁰0⁵
238 3152 395 3209 SOlVessdOll
409 3160 505 3221 ¹¹¹⁰ll02
522 3152 593 3222 (1¹¹0(l
608 3153 732 3208 ⁰0mmlsi
755 3153 826 3207 llfflffl
840 3169 905 3224 pec-
959 3181 1129 3236 permaneas.
1146 3166 1220 3220 hlius
1235 3165 1411 3236 philosophus
1428 3183 1433 3218 :
1450 3164 1560 3218 Dulcior
1582 3173 1622 3219 est
1645 3163 1759 3235 sapienti

110 3249 386 3319 calum-0bl'0011‘lue
409 3265 438 3303 ⁵0
459 3246 485 3302 3¹¹
501 3248 619 3319 P0¹l⁰⁰¹⁰
647 3248 740 3304 <nllus
758 3268 763 3303 ²
780 3250 832 3317 3¹⁰,
862 3266 905 3303 ¹¹¹0
959 3264 1202 3336 asperaritainter
1229 3263 1373 3334 sapientes,
1403 3278 1483 3332 quarn
1499 3261 1584 3316 dulcis
1607 3261 1663 3316 vita
1692 3261 1760 3316 inter

110 3347 156 3418 qui
171 3347 234 3414 stoi,
259 3346 338 3401 isium
367 3344 490 3399 dimillile
514 3345 664 3399 infimum·
693 3345 798 3400 ludices
817 3354 905 3402 aulem
959 3352 1123 3423 insipientes.
1138 3350 1403 3422 hliusphilosophus
1421 3370 1426 3405 :
1445 3350 1591 3421 Sapientiae
1618 3349 1680 3404 duae
1699 3357 1760 3404 sunt

110 3459 165 3501 non
179 3458 274 3514 parum
297 3441 481 3510 ammirantes,
496 3443 577 3511 hunc,
599 3442 683 3497 aliea
710 3449 795 3498 morte
823 3442 906 3499 abso·
959 3449 1071 3521 spoeies,
1098 3464 1151 3503 una
1174 3448 1310 3513 naturalis,
1353 3446 1437 3502 altera
1465 3444 1619 3512 artificialis,
1645 3460 1759 3514 quaram

109 3542 175 3607 ¹⁰l⁰2
192 3541 353 3611 ligaverunt»
366 3539 479 3609 jamque
493 3538 527 3593 (¹⁰
538 3537 641 3607 lUdlsslO
661 3538 824 3608 dlbllflsslssss
836 3542 907 3596 hunt
959 3564 1013 3602 uua
1026 3563 1081 3603 non
1096 3554 1185 3617 potest
1198 3562 1308 3601 manere
1323 3546 1380 3600 sine
1395 3546 1457 3601 alia.
1476 3545 1552 3599 allius
1568 3543 1628 3598 :Ne
1638 3542 1759 3598 commit-

111 3652 171 3694 eum
186 3635 296 3705 reliquis
307 3635 381 3706 prius
404 3635 523 3690 liberatis
546 3642 711 3707 anteregem
739 3636 908 3692 adduxerunt
960 3644 1000 3692 tas
1026 3636 1111 3691 stultis
1138 3635 1308 3706 sapientiam,
1338 3635 1401 3705 qnia
1428 3633 1467 3688 eis
1495 3640 1564 3688 esset
1587 3632 1758 3701 injuriosum,

111 3735 190 3804 eique
204 3731 297 3789 oninia
319 3749 353 3787 ex
367 3731 461 3787 ordine
476 3732 622 3788 referentes
632 3732 719 3803 ipsum
743 3734 823 3790 etiam
839 3736 908 3790 hesi·
959 3742 1046 3795 neque
1061 3724 1227 3793 sapientibus
1254 3741 1313 3779 cam
1337 3723 1466 3794 deneges,
1482 3722 1545 3792 quia
1560 3737 1637 3775 auum
1654 3728 1694 3775 est
1721 3721 1760 3775 cis

112 3826 376 3896 tarecompulerunt.
400 3826 542 3880 Communi
557 3825 645 3895 itaque
669 3827 841 3882 consilicrex
870 3827 909 3883 eis
959 3821 1091 3879 conferre.
1104 3818 1376 3889 hliuszllujusmodi
1387 3818 1458 3872 dona
1472 3817 1579 3872 diversa
1594 3824 1665 3883 sunt,
1696 3816 1759 3886 qui-

112 3931 193 3973 omne
208 3915 311 3970 crimen
326 3915 398 3985 quod
412 3915 462 3969 sibi
482 3915 664 3985 imposuerant
679 3915 850 3983 condonarit,
874 3932 907 3972 eo
959 3910 1072 3967 busdam
1088 3909 1160 3965 enim
1175 3909 1253 3964 datur
1266 3924 1354 3963 rernm
1370 3906 1514 3977 possessio,
1532 3905 1697 3975 quibusdam
1712 3920 1758 3959 sa-

111 4013 201 4063 tnmen
215 4011 295 4074 pacto
318 4012 347 4059 ut
360 4003 479 4058 criminis
508 4003 560 4058 sibi
574 4003 693 4073 impositi
716 4020 809 4060 causas
828 4012 906 4074 pate-
959 4000 1069 4073 pientia.
1081 3998 1197 4067 Quidam
1222 3997 1294 4052 enim
1305 3997 1416 4065 loquens
1431 3994 1486 4050 lilio
1502 3994 1539 4048 ait
1555 4013 1560 4048 :
1577 3991 1649 4062 Quid
1664 3993 1760 4048 malles

111 4103 239 4168 facerent,
256 4100 336 4156 atilli
351 4100 389 4156 rei
404 4100 545 4156 veritatem
573 4100 598 4156 ei
609 4109 789 4172 exposuerunt
805 4117 811 4169 ;
828 4118 905 4158 eom·
959 4097 1008 4152 tibi
1023 4097 1090 4165 dari,
1107 4111 1216 4151 censum
1231 4111 1264 4149 an
1274 4093 1433 4165 sapientiam
1446 4093 1460 4144 ‘l
1475 4091 1523 4147 Cui
1545 4088 1616 4144 filius
1633 4109 1638 4145 ε
1655 4090 1759 4146 llorum

109 4193 288 4248 munientem
318 4205 449 4245 consensu
463 4189 588 4245 omnibus
611 4189 749 4259 absolutis,
779 4191 907 4263 indigena
959 4195 1097 4266 quodlibet
1111 4194 1164 4250 alio
1174 4193 1289 4265 indiget.
1324 4191 1381 4246 Fuit
1402 4190 1511 4261 quidam
1541 4190 1649 4261 sapiens
1678 4189 1760 4246 versi-

108 4281 154 4352 (Ι1Ιί
182 4295 233 4351 1)Γο
248 4278 335 4333 affll⁰⁰
363 4279 432 4334 ¹¹¹⁰¹⁸l
464 4277 628 4347 decreverat,
650 4279 738 4351 ipsum
753 4279 781 4334 1¹¹
795 4279 905 4335 domum
958 4290 1199 4363 licatoregregius,
1214 4288 1261 4343 sed
1277 4305 1378 4360 egeam
1393 4295 1419 4342 ct
1433 4287 1582 4354 mendicus,
1602 4302 1711 4356 semper
1725 4285 1760 4341 de

109 4394 185 4433 suam
199 4374 357 4442 introduxit,
383 4377 460 4447 eique
476 4377 549 4431 omni
576 4379 678 4432 honore
693 4394 742 4448 pro
756 4378 807 4433 ritu
834 4378 905 4434 facto
960 4386 1115 4451 paupertate
1130 4395 1179 4434 sua
1206 4377 1300 4433 amieis
1326 4391 1503 4445 conquerens,
1533 4374 1566 4429 de
1594 4391 1648 4444 qua
1676 4374 1759 4428 etiam

109 4469 196 4539 inquit
211 4487 217 4523 :
234 4467 263 4523 Si
279 4483 384 4522 meeum
406 4484 514 4522 manere
538 4469 695 4539 acquiescis,
711 4471 802 4526 omnia
816 4470 903 4540 nobis,
919 4446 945 4506 D
960 4485 1052 4524 versus
1079 4466 1239 4539 composuit,
1267 4466 1345 4521 talem
1370 4480 1477 4518 sensum
1497 4463 1681 4533 exprimentes
1697 4481 1703 4517 :
1719 4462 1760 4516 Tu

110 4564 189 4630 prout
202 4555 288 4622 decet,
304 4563 382 4610 erunt
395 4556 568 4623 comniunia3
584 4556 606 4611 si
620 4573 684 4612 vero
699 4558 843 4628 repatriare
858 4575 906 4614 ro·
959 4556 1005 4628 qui
1014 4554 1131 4626 partiris,
1160 4561 1279 4610 monstra
1294 4569 1341 4609 cur
1354 4569 1417 4624 pars
1427 4567 1487 4605 mea
1511 4550 1577 4604 mihi
1591 4549 1671 4606 desit.
1701 4549 1759 4605 Cal·

110 4645 273 4715 lucrisque
286 4651 347 4699 sunt
361 4660 423 4699 mea
437 4660 516 4715 aequa
530 4644 606 4701 lance
620 4645 782 4715 partiamur.
802 4654 838 4702 at
861 4647 906 4702 ille

109 4734 206 4791 natalis
232 4733 282 4788 soli
306 4732 446 4789 dulcedine
471 4733 595 4799 irretitus,
625 4741 728 4805 partera
756 4734 907 4791 totiussub-

110 4823 215 4879 stantiae
226 4837 306 4892 quam
320 4821 344 4877 ei
355 4822 489 4877 obtulerat
500 4822 612 4893 recepit,
628 4823 718 4892 sicque
741 4824 906 4896 repatriavit.

110 4912 159 4967 llis
172 4912 261 4981 itaque
275 4911 374 4977 relatis,
400 4909 566 4981 inquitfrlius
591 4911 626 4966 ad
640 4919 743 4983 patrem
760 4931 766 4967 :
783 4913 834 4969 vix
860 4929 908 4984 po

110 4998 171 5053 terit
185 4997 314 5068 repperiri
329 4999 439 5054 amicus.

146 5095 220 5150 Dixit
234 5094 301 5150 alias
313 5097 489 5169 philosophus
506 5117 511 5154 :
530 5099 641 5169 Propter
652 5097 757 5154 amicos
771 5114 825 5154 non
840 5115 907 5170 pro·

110 5182 188 5240 batos
202 5182 313 5253 provide
337 5184 384 5238 tibi
410 5187 493 5241 semel
521 5187 556 5242 de
569 5185 686 5241 inimicis
713 5194 740 5241 et
753 5187 851 5243 millies
873 5188 907 5243 de

112 5270 215 5336 amicis,
231 5270 294 5339 quia
307 5270 397 5326 forsan
420 5273 582 5345 quandoque
596 5274 699 5330 amicus
712 5273 759 5331 liet
771 5275 905 5343 inimicus,

113 5366 141 5416 et
158 5357 197 5413 sic
212 5356 296 5411 levius
308 5359 407 5427 poteris
426 5363 561 5431 requirere
576 5362 724 5433 dampnum
741 5372 825 5419 tuum.
842 5365 908 5419 ltem

112 5447 180 5505 alius
193 5445 368 5519 philosophus
382 5466 389 5500 τ
404 5448 475 5504 Cave
504 5450 552 5504 tibi
566 5467 583 5505 a
595 5451 709 5507 consilio
723 5452 795 5507 illius
824 5469 840 5508 a
854 5468 907 5523 ipro

112 5543 182 5618 petis
199 5541 350 5608 consilium,
381 5540 431 5595 nisi
457 5543 490 5598 sit
518 5545 566 5600 tibi
593 5544 680 5601 fidelis
706 5549 905 5620 comprobatus.

111 5645 179 5698 ltem
194 5640 261 5696 alius
277 5660 283 5696 :
300 5635 417 5695 Consule
432 5640 518 5695 amico
548 5649 592 5696 tuo
606 5643 633 5696 in
648 5645 750 5699 bonum
778 5654 907 5716 quantum

102 5729 292 5805 potensest
320 5725 370 5784 tibi
399 5726 507 5786 medere
532 5729 649 5786 nolucrit
676 5746 685 5803 ;
711 5732 814 5805 justum
834 5735 907 5791 enirn

959 4645 1065 4716 pandus
1092 4660 1146 4700 non
1161 4660 1200 4709 es,
1216 4643 1263 4698 sed
1280 4643 1323 4697 dic
1338 4641 1403 4696 mihi
1433 4656 1513 4710 quem
1541 4639 1669 4708 culpabo,
1695 4654 1758 4693 nam

959 4734 983 4792 si
995 4732 1162 4790 constellatio
1187 4747 1248 4787 mea
1275 4738 1315 4786 est
1332 4729 1398 4785 mihi
1426 4729 1536 4798 dura,a
1559 4736 1584 4783 te
1599 4743 1707 4798 quoque
1732 4725 1760 4781 id

960 4823 1060 4880 factum
1075 4839 1133 4877 esse
1148 4819 1324 4875 indubitabile
1348 4827 1397 4873 est.
1416 4817 1469 4873 Sed
1480 4817 1601 4871 interme
1629 4826 1657 4870 et
1672 4816 1758 4886 ipsam

961 4909 1223 4979 moratoretjudex
1247 4924 1285 4964 es.
1315 4909 1354 4962 Tu
1379 4905 1476 4961 dedisti
1503 4904 1570 4959 mihi
1597 4903 1758 4976 sapientiam

960 5001 1017 5057 sine
1045 4999 1202 5066 substantia,
1217 4997 1261 5052 dic
1275 5012 1340 5068 ergo
1360 4995 1426 5050 mihi
1441 4994 1506 5064 quid
1519 4992 1600 5048 faciet
1626 4993 1759 5064 sapientia

959 5090 1017 5146 sine
1032 5088 1190 5144 substantia.
1201 5086 1300 5157 accipe
1324 5092 1428 5156 partem
1442 5082 1581 5154 sapientiae
1604 5089 1632 5136 et
1644 5080 1680 5135 da
1693 5080 1760 5135 mihi

961 5186 1064 5251 partem
1091 5176 1221 5249 pecunia.
1263 5176 1304 5229 Ne
1328 5172 1440 5245 patiaris
1469 5186 1513 5225 me
1543 5170 1588 5225 illo
1623 5169 1758 5242 indigere,

959 5266 1108 5337 dampnum
1122 5265 1199 5334 cujus
1225 5264 1275 5319 erit
1288 5262 1354 5317 mihi
1383 5259 1489 5331 pudori.
1505 5258 1580 5314 Dixit
1607 5257 1676 5313 alius
1695 5258 1759 5328 phi-

961 5355 1089 5426 losophus
1104 5374 1109 5408 :
1124 5354 1222 5408 Tribus
1236 5352 1324 5408 modis
1353 5367 1420 5405 arnus
1434 5348 1537 5421 indiget
1555 5347 1619 5403 alio.
1645 5348 1761 5403 Cuieun·

960 5468 1012 5523 que
1027 5450 1204 5510 benefeceris.
1220 5450 1247 5504 in
1263 5465 1295 5505 eo
1310 5447 1399 5518 major
1425 5462 1458 5501 oo
1487 5445 1548 5509 eris,
1571 5460 1624 5514 quo
1653 5444 1760 5501 nonin-

960 5547 1092 5620 digueris,
1108 5564 1158 5618 par
1172 5547 1256 5618 ipsius
1268 5546 1320 5601 eris
1336 5560 1407 5615 ;quo
1418 5559 1481 5602 aero
1498 5541 1658 5614 indigueris,
1670 5542 1760 5597 minor

960 5648 1033 5703 lilius
1050 5667 1055 5703 :
1070 5648 1209 5718 Sapientia
1224 5657 1330 5704 mortua
1355 5661 1468 5717 corpora
1496 5641 1615 5700 vivificat
1637 5642 1759 5700 chritate

959 5753 1018 5809 sua,
1035 5736 1108 5795 velut
1134 5744 1205 5795 terra
1227 5737 1302 5794 arida
1330 5734 1488 5792 humiditate
1515 5730 1616 5807 pluries
1638 5730 1757 5791 rasere
