3780 6038
176 195 229 249 803

730 186 907 247 wnaumr
935 184 1079 253 eruaris
1105 187 1134 247 s.
1161 190 1277 253 aursi.
1697 164 1700 171 ’
1779 198 1826 259 aar

178 316 220 373 vis
244 312 352 371 Domini
380 312 474 370 redeat
500 312 538 369 ad
564 281 680 383 primaru
708 309 780 368 diem
807 310 967 369 nativitatis.
985 313 1014 375 Α
1029 312 1201 371 similitudini
1227 317 1324 374 mortio
1351 318 1423 389 ejus,
1452 322 1533 379 simul
1570 330 1599 380 et
1620 325 1829 384 resurrectionis

178 412 269 469 Primo
293 411 338 466 die
358 407 507 466 nativitatis
530 406 613 463 exivit
634 408 669 464 de
692 415 769 466 utero
792 408 923 482 Virginis,
947 415 974 466 ει

175 501 299 558 inventus
315 506 356 555 est
369 498 397 553 in
412 497 548 569 praesepio
562 496 699 553 involutus
721 498 829 569 paonis.
844 497 975 570 Nunquid

175 597 271 646 octava
285 587 330 643 die
343 587 442 644 iterum
457 585 539 642 exivit
552 585 586 641 de
601 594 683 641 utero
695 586 827 658 Virginis,
843 587 974 643 etinven-

175 686 219 734 tus
234 685 277 733 εει
295 676 434 732 involutus
452 674 551 748 pannis
565 674 594 728 in
621 677 755 747 praesepio
783 683 810 730 et
837 675 973 732 celebrata

175 782 236 831 aaut
253 789 353 846 eaque
381 773 415 827 de
437 770 597 846 angelorum
624 770 705 828 affatu
732 772 860 845 leguntur
886 772 973 844 prima

173 864 219 920 die
234 870 294 920 acta
308 864 323 916 ‘l
337 864 484 917 Possumus
512 868 602 916 tamen
617 860 742 917 invenire
772 862 800 914 in
815 878 869 934 quo
900 868 974 918 octa-

174 952 285 1009 vadies
312 956 445 1023 congruat
471 949 578 1021 primm.
612 949 685 1003 lluas
713 964 811 1006 causas
840 948 973 1022 intelligi-

173 1057 234 1096 mus
258 1040 286 1094 in
300 1038 398 1095 Christi
426 1037 565 1093 nativitate
594 1055 601 1091 :
631 1037 756 1108 primam,
773 1037 878 1094 scilieet
892 1037 971 1093 Chri-

173 1139 246 1186 stum
261 1127 370 1185 venisae
381 1126 416 1183 ad
431 1125 555 1183 homines
571 1143 578 1190 ;
595 1126 743 1182 secundam
766 1125 892 1182 homiues
924 1142 974 1183 ve·

173 1228 246 1283 uisse
261 1225 297 1281 ad
310 1225 458 1280 Christum.
481 1224 521 1279 Dc
535 1239 589 1293 qua
610 1239 641 1278 re
662 1222 732 1279 dicit
755 1223 925 1297 Augustinus
945 1224 972 1279 in

172 1323 341 1396 libroprimo
356 1322 396 1377 lle
410 1319 532 1376 doctrina
555 1318 721 1375 Christiana.
757 1321 818 1374 Non
847 1320 919 1375 euim
938 1319 972 1375 ad

171 1429 244 1479 eom,
263 1413 310 1485 qui
335 1411 435 1481 ubique
461 1424 583 1480 praeseus
611 1406 731 1464 estlooia
750 1423 900 1477 movemur,
925 1408 972 1464 scd

172 1508 353 1577 bonostudio,
369 1506 502 1579 bonisque
512 1506 641 1562 moribus.
660 1505 739 1575 Quod
755 1521 810 1561 uon
827 1520 974 1578 possemus

173 1607 226 1663 uisi
240 1607 302 1678 ipsa
318 1604 452 1676 sapientia
466 1611 548 1659 tautae
559 1603 639 1659 etiam
653 1602 807 1658 infirmitati
821 1618 973 1675 congruere

171 1696 345 1769 dignaretur,
363 1702 392 1749 ut
406 1691 516 1749 vivendi
540 1691 697 1763 exemplum
721 1692 800 1747 nobis
827 1692 971 1763 praeberet.

176 1792 296 1849 sednon
312 1791 391 1846 aliter
405 1805 484 1860 quam
499 1789 527 1844 in
540 1789 663 1845 homine.
682 1790 750 1844 Nam
766 1797 792 1845 et
806 1805 857 1845 nos
880 1789 973 1844 homi·

172 1898 223 1938 nes
238 1896 348 1936 sumus.
378 1878 432 1935 Sed
458 1878 522 1951 quia
537 1894 588 1933 nos
617 1893 677 1934 cum
692 1878 725 1933 ad
744 1878 818 1933 illam
846 1878 972 1935 venimus

172 1970 312 2042 sapienter
331 1969 455 2035 iacimus,
471 1967 541 2039 ipsa,
558 1983 619 2023 cum
636 1966 670 2022 ad
689 1983 740 2022 nos
752 1968 971 2024 venitabhomi-

1028 413 1131 471 emotus
1155 415 1243 484 (Rom.
1259 419 1309 488 vr).
1324 440 1335 466 a
1348 418 1415 488 Qum
1429 428 1522 477 autern
1548 422 1596 477 illa
1619 423 1655 478 sit
1682 423 1828 482 similitudo

1027 511 1123 566 mortis
1137 511 1278 568 audiamus
1296 515 1331 569 ab
1345 515 1425 587 ipso:
1444 541 1454 567 ιι
1472 519 1656 591 Complantati
1685 521 1761 576 euim
1789 539 1830 578 su·

1027 615 1088 655 mus
1104 600 1129 656 ei
1154 617 1205 672 ρετ
1227 601 1393 674 baptismum
1421 605 1449 660 in
1479 616 1606 676 mortem,
1637 616 1666 664 ut
1695 611 1830 682 quomodo

1028 696 1153 753 Christus
1166 703 1478 771 resurrexitamortuis,
1506 720 1557 776 per
1584 705 1704 779 gloriam
1735 706 1828 766 Patris,

1026 787 1065 841 ita
1091 793 1118 842 et
1140 802 1191 844 nos
1218 789 1245 843 in
1272 790 1393 848 novitate
1406 793 1469 848 vitm
1495 794 1668 850 ambulemus
1693 795 1826 864 (remla

1027 874 1091 930 llaec
1106 877 1203 932 mortis
1215 878 1364 935 similitudo
1377 880 1486 951 peccati
1500 889 1541 938 εει
1556 881 1660 939 ablutio
1684 881 1829 954 perlecta,

1027 971 1132 1028 novitas
1147 990 1211 1030 vero
1226 976 1288 1031 vitae
1303 976 1459 1035 observatio
1479 979 1604 1051 justitiae.
1620 981 1687 1038 llaec
1700 980 1763 1052 ipsa
1790 990 1830 1037 est

1026 1060 1115 1131 prima
1134 1064 1301 1120 resurrectio
1329 1065 1439 1132 animae,
1463 1068 1496 1122 de
1522 1083 1576 1140 qua
1600 1069 1667 1125 dicit
1682 1070 1824 1126 loannes:

1030 1149 1133 1205 «Beati
1158 1151 1204 1224 qui
1223 1152 1324 1209 habent
1336 1162 1441 1225 partem
1468 1154 1494 1211 in
1510 1157 1715 1214 resurrectione
1739 1157 1825 1229 prima

1027 1247 1123 1320 (Aper.
1140 1252 1201 1320 xx).
1223 1274 1234 1299 a
1251 1254 1283 1306 ln
1306 1250 1348 1307 his
1364 1253 1484 1309 secunda
1499 1268 1583 1321 mors,
1614 1254 1641 1308 id
1657 1261 1701 1309 εει
1729 1261 1829 1311 aetema

1026 1359 1083 1400 non
1097 1347 1180 1403 habet
1194 1355 1366 1417 potestatem.
1384 1350 1449 1419 llaec
1463 1349 1561 1406 eadem
1575 1364 1640 1406 vera
1655 1357 1699 1406 est
1719 1350 1830 1407 circum·

1027 1442 1104 1514 cisio,
1120 1459 1171 1515 per
1185 1460 1270 1517 quam
1295 1459 1350 1501 noo
1366 1453 1455 1502 cutem
1471 1445 1563 1503 carnis
1589 1446 1707 1518 petrinis
1735 1447 1829 1505 cultris

1028 1540 1222 1612 exspoliamus,
1235 1542 1284 1597 sed
1304 1551 1425 1599 veterem
1438 1543 1588 1610 hominem,
1618 1544 1703 1600 idest
1731 1544 1829 1601 vetaris

987 1638 1145 1731 Bhominis
1158 1638 1361 1695 similitudinem
1372 1641 1480 1696 Christo
1496 1641 1672 1706 conformati,
1690 1657 1755 1698 cum
1773 1642 1829 1697 suis

1027 1727 1135 1785 actibus
1150 1729 1322 1800 deponimus.
1345 1731 1385 1785 lle
1400 1745 1452 1801 qua
1480 1729 1544 1785 alibi
1572 1730 1639 1786 dicit
1657 1730 1826 1802 Apostolos:

1029 1847 1040 1873 o
1057 1827 1118 1881 Nou
1131 1826 1205 1881 enim
1219 1827 1389 1884 circumcisio
1404 1835 1446 1883 est
1460 1844 1522 1900 quae
1536 1829 1571 1883 sit
1584 1828 1613 1883 in
1627 1829 1787 1899 manifesto,
1801 1829 1827 1885 id

1025 1920 1067 1970 cst
1081 1913 1109 1969 in
1123 1930 1216 1982 carne,
1237 1916 1288 1971 sed
1312 1915 1483 1972 circumcisio
1513 1915 1605 1972 cordis
1626 1933 1689 1989 quae
1716 1933 1773 1973 nou
1798 1917 1827 1971 fit

1024 2002 1123 2073 littera,
1152 2004 1201 2060 sed
1225 2004 1319 2075 spiritu
1335 2006 1447 2078 (Epiros.
1464 2007 1508 2069 τι).
1535 2029 1546 2052 ι·
1560 2005 1688 2078 Illaergo
1704 2007 1825 2062 exterior

171 2060 250 2115 nibus
266 2058 395 2130 superbis
410 2056 490 2129 quasi
514 2056 596 2111 stulte
611 2055 720 2123 iecisse,
744 2064 837 2127 putata
865 2064 919 2112 εει.
939 2057 972 2111 Et
1024 2092 1105 2160 hujus
1120 2092 1276 2149 interimus
1290 2091 1381 2166 figura
1391 2093 1521 2160 &mem
1530 2093 1826 2168 deAbrahamjamW

172 2158 300 2232 quoniam
315 2172 366 2213 nos
381 2156 415 2211 ad
430 2154 504 2210 illam
520 2154 643 2210 venimus
665 2153 891 2221 convalescimus,
911 2154 970 2225 ipsa
1023 2180 1105 2235 fidem
1117 2180 1266 2249 justificato
1280 2182 1346 2238 dici,
1373 2182 1432 2253 ipse
1442 2181 1599 2253 Apostolus,
1628 2183 1694 2254 quia
1716 2185 1825 2257 signum

172 2273 236 2314 ⁰1¹¹ss
255 2255 290 2313 dd
318 2270 369 2311 ¹¹0⁸
394 2253 469 2309 lenit
496 2251 574 2324 <l¹¹³³i
591 2250 699 2306 infirma
727 2251 884 2307 0¹⁵⁸²fm³¹⁸
911 2260 965 2308 831·
1023 2269 1240 2327 circumcisionis
1269 2270 1374 2342 accepit
1388 2271 1557 2343 signaculum
1584 2272 1701 2342 justitiae
1728 2276 1819 2337 (uuo.

172 2342 241 2397 cum
256 2355 322 2412 “3⁰
338 2339 395 2409 ip⁵²¹
411 2337 445 2392 δὴ
472 2336 571 2407 patri&
584 2336 656 2390 Vim
666 2351 773 2408 (ΝΟΜ
801 2352 831 2392 ⁸⁸
843 2336 906 2392 &³⁰5²
934 2338 969 2392 ad
1021 2360 1073 2427 av).
1098 2360 1172 2415 Bene
1182 2368 1270 2415 autem
1286 2360 1413 2416 convenit
1427 2369 1530 2417 octavae
1545 2365 1667 2431 nostrae;
1684 2363 1762 2435 quod
1775 2363 1825 2419 cir-

172 2429 300 2502 patriam.
318 2428 428 2483 Etcum
447 2441 513 2481 sano
533 2432 642 2496 etpuro
667 2424 878 2482 interiorioculo
906 2425 968 2480 nbi·
1020 2446 1297 2505 cumcisiocamisin
1326 2457 1448 2520 eamne
1465 2448 1635 2520 ,momoria
1667 2467 1717 2522 per
1746 2468 1823 2524 qum

172 2535 225 2591 que
240 2518 276 2573 sit
289 2531 421 2588 praesens,
437 2529 533 2571 eorum
548 2514 595 2585 quai
608 2513 718 2570 oculum
728 2513 804 2569 illum
831 2512 968 2570 infirmum
1021 2536 1140 2593 human,
1159 2536 1307 2592 monalium
1331 2544 1510 2610 propagata,
1527 2539 1598 2594 pe„
1608 2538 1682 2594 enim
1706 2540 1824 2597 circum,

172 2613 397 2685 immundumque
420 2611 532 2678 babenb
564 2610 650 2667 ⁰⁰⁰¹i⁵
688 2625 821 2681 apparere
856 2610 968 2684 ‘fililala
1021 2632 1089 2689 cisio
1102 2633 1239 2689 innostra
1265 2641 1372 2702 octava,
1398 2634 1483 2689 idest
1508 2636 1536 2689 in
1549 2635 1676 2708 generali
1703 2653 1825 2694 resurre-

173 2711 224 2761 essl·
239 2702 309 2772 0¹¹1ss
323 2702 397 2758 enim
415 2701 441 2756 5¹¹
453 2699 587 2772 Sapientia
606 2699 667 2765 Μ’
689 2714 744 2755 ⁰⁰¹¹
755 2707 861 2771 9⁰¹0ffi¹
888 2716 968 2755 mun·
1021 2723 1112 2779 ctione
1126 2722 1316 2794 complebitur,
1337 2738 1399 2780 cum
1430 2723 1605 2794 corruptibile
1620 2725 1674 2781 hoc
1702 2725 1826 2782 incorru-

170 2795 235 2861 (ΝΒ,
267 2799 294 2849 θῑ
321 2807 371 2864 W
395 2806 473 2847 Sum
486 2788 619 2862 ⁵⁸1³50¹¹¹5⁸
631 2788 691 2856 Dei,
707 2797 877 2862 ¹¹⁰⁰P⁰¹0s³²
889 2806 968 2845 mun·
1021 2810 1117 2882 ptibili,
1134 2818 1161 2867 et
1175 2810 1290 2867 mortale
1304 2812 1357 2866 hoc
1385 2810 1559 2869 imortalitate
1570 2812 1717 2870 vestietur.
1751 2814 1825 2871 Sicut

170 2893 231 2960 dus,
260 2898 288 2947 et
316 2906 367 2962 per
391 2903 468 2945 suam
496 2886 658 2959 sapientiam
672 2902 842 2960 cognoscere
857 2888 966 2956 Deum;

1022 2907 1112 2956 autem
1129 2899 1199 2955 inea
1221 2908 1300 2971 parte
1315 2899 1408 2955 carnis
1433 2900 1492 2955 visa
1506 2908 1548 2955 εει
1574 2900 1684 2971 impleri
1714 2903 1824 2959 camah

167 2988 269 3062 placuit
284 2988 344 3043 Deo
362 3002 414 3058 per
427 2984 566 3042 stultitiam
595 2985 798 3057 predicationis
820 2985 911 3041 salvos
925 2985 1070 3067 la-Cter,
1087 2996 1115 3043 ut
1129 2987 1332 3061 significaretur
1345 2989 1486 3060 implenda
1495 2989 1685 3060 spiritualiter,
1715 2992 1824 3049 lieetut

168 3103 232 3145 cere
243 3086 388 3144 credentes
402 3086 427 3155 (l
441 3086 504 3142 Cor.
529 3088 561 3150 τ).
585 3083 648 3139 Non
663 3081 747 3156 igitur
774 3098 820 3155 per
845 3081 965 3139 locorum

168 3176 256 3249 spatia
275 3174 421 3242 veniendo,
449 3173 497 3228 sed
520 3173 548 3227 in
569 3187 653 3229 carne
667 3171 777 3228 mortali
805 3171 967 3228 mortalibus

166 3264 324 3338 apparendo
339 3263 448 3320 venisse
471 3262 506 3317 ad
520 3277 571 3317 nos
584 3260 692 3317 dicitur.
708 3261 775 3317 Illuc
802 3276 870 3334 ergo
889 3260 966 3316 venit

163 3363 212 3420 ubi
237 3369 306 3427 erat,
329 3361 394 3432 quia
416 3359 444 3414 in
463 3359 514 3416 boc
542 3359 643 3414 muodo
659 3366 727 3427 erat,
744 3366 770 3414 et
783 3358 899 3414 mundus
915 3374 966 3431 per

163 3467 226 3508 aum
245 3451 332 3506 lactus
343 3456 382 3504 εει
390 3449 481 3520 (loon.
495 3452 525 3507 ri.

499 3546 615 3602 Diuisio.

199 3645 299 3703 Christi
323 3645 470 3700 adventurn
497 3643 533 3698 ad
573 3641 700 3698 homines
727 3642 842 3698 colimus
871 3642 898 3697 in
918 3642 963 3698 dia

161 3734 331 3794 Natiuitatis.
351 3732 497 3789 llominum
513 3739 604 3787 autern
618 3730 763 3787 adventum
777 3731 812 3786 ad
824 3731 962 3787 Christum

162 3825 276 3885 colimus
292 3824 320 3880 in
334 3820 436 3879 octavis
452 3821 524 3890 ejus.
545 3820 620 3876 Sicut
634 3818 706 3875 enim
730 3820 886 3889 septenario
899 3819 960 3876 die-

162 3938 222 3980 rum
237 3920 323 3993 spatio
339 3917 517 3990 temporalem
534 3916 703 3972 nativitatem
730 3916 829 3971 Christi
857 3933 959 3989 reprae-

162 4011 338 4080 sentavimus,
367 4023 421 4081 qua
450 4007 523 4063 venit
546 4007 617 4062 inter
646 4005 772 4061 homiues
799 4005 887 4061 exsilii
905 4008 959 4062 bu-

158 4101 206 4171 jus
234 4099 309 4155 mala
334 4095 469 4169 perterre.
491 4104 518 4152 et
545 4094 685 4167 languenti
711 4093 813 4149 muodo
828 4095 959 4152 sunbona

162 4189 300 4257 conterre,
317 4184 494 4258 itapraesenti
508 4192 604 4241 octava
628 4199 687 4239 eam
716 4182 814 4239 Christi
833 4183 957 4240 nativita-

160 4285 227 4346 tem,
252 4277 280 4333 io
299 4274 389 4348 ligura
403 4273 583 4342 celebramus,
599 4289 661 4345 quea
675 4287 736 4329 cum
755 4280 896 4344 assumpto
909 4274 959 4329 bo·

1023 3092 1078 3132 uon
1092 3076 1255 3133 exhibeatur
1275 3077 1466 3149 corporaliter,
1496 3086 1642 3150 quatenus,
1672 3081 1824 3137 secuudum

1022 3166 1191 3237 Apostolum,
1210 3190 1219 3213 ι·
1238 3182 1293 3222 non
1308 3166 1484 3223 exhibeamus
1500 3168 1623 3222 membra
1634 3177 1735 3224 nostra
1749 3185 1823 3227 artua

1021 3253 1168 3327 iniquitatis
1196 3264 1320 3327 peccato,
1350 3255 1490 3312 sedarma
1511 3256 1623 3325 justitiae
1653 3258 1713 3314 Dee
1728 3261 1818 3321 (Rom.

1021 3344 1071 3415 vr).
1091 3368 1100 3391 n
1114 3343 1346 3400 Circumcidamus
1362 3360 1427 3417 ergo
1442 3360 1522 3399 aures
1544 3345 1579 3399 ab
1593 3344 1688 3403 illicito
1718 3349 1820 3416 auditu,

1020 3433 1114 3490 oculos
1133 3433 1168 3488 ab
1183 3432 1276 3489 illicito
1303 3432 1379 3500 visu,
1390 3449 1472 3489 nares
1487 3433 1521 3488 ab
1545 3433 1640 3489 illicito
1655 3435 1769 3505 olfactu,
1791 3454 1821 3493 os

1019 3523 1054 3578 ab
1069 3522 1162 3579 illicito
1178 3531 1269 3595 gustu,
1285 3538 1333 3579 cor
1347 3522 1380 3577 ab
1395 3522 1490 3579 illicita
1504 3523 1680 3595 cogitatione,
1697 3525 1819 3599 linguam

1018 3611 1053 3666 ab
1068 3610 1160 3667 illicita
1174 3610 1320 3679 locutione,
1338 3628 1433 3667 manus
1453 3612 1488 3666 ab
1510 3611 1605 3668 illicito
1620 3620 1706 3682 tactu,
1736 3617 1820 3687 pedes

1018 3696 1053 3751 ab
1067 3695 1162 3752 illicito
1176 3696 1296 3765 incessu,
1313 3712 1357 3763 ne,
1379 3697 1528 3751 secundum
1545 3699 1720 3771 prophetam,
1746 3716 1818 3756 mora

1017 3783 1098 3842 intret
1109 3785 1143 3840 ad
1157 3785 1261 3840 animas
1293 3792 1402 3840 nostras
1432 3785 1630 3856 perlencstras
1660 3788 1731 3858 (ler.
1761 3792 1813 3859 rs).

1015 3882 1093 3940 Unde
1105 3883 1208 3954 primus
1219 3887 1322 3955 martyr
1336 3898 1341 3937 :
1353 3882 1562 3939 tacuissemus
1573 3885 1699 3955 corporis
1716 3887 1752 3942 ab
1767 3887 1817 3943 ilii·

1016 3977 1076 4034 citis
1086 3994 1141 4034 non
1153 3979 1361 4037 observantibus
1376 3979 1451 4036 dicit.
1471 4004 1482 4027 τι
1494 3980 1680 4038 incircumcisi
1688 3982 1817 4039 cordibus

1015 4076 1042 4124 ει
1061 4068 1183 4137 auribus,
1213 4084 1265 4124 vos
1294 4085 1403 4140 semper
1428 4068 1539 4141 Spiritui
1555 4078 1652 4127 suucto
1681 4073 1817 4128 restitistis

1014 4168 1096 4238 (Act.
1115 4169 1157 4237 v).
1178 4194 1189 4216 a
1206 4167 1318 4238 Quoties
1329 4183 1396 4241 ergo
1416 4166 1592 4225 festivitatem
1603 4168 1686 4224 istam
1717 4172 1815 4226 annuis

1014 4256 1235 4311 solemnitatibus
1249 4254 1464 4328 frequentamus,
1485 4257 1636 4312 secundum
1665 4256 1750 4314 iidem
1765 4275 1814 4331 ge·

160 4376 233 4431 mine
245 4372 371 4428 transivit
394 4371 428 4428 de
442 4373 495 4428 hoc
518 4370 620 4426 mundo
647 4370 682 4426 ad
698 4373 813 4439 Patrem,
839 4372 903 4444 quia
932 4363 998 4428 etD
1014 4353 1128 4412 ⁵¹⁰f¹¹¹¹¹=
1146 4361 1207 4417 (1υω
1231 4345 1264 4400 de
1280 4360 1313 4401 ⁰²
1341 4344 1467 4416 legumus
1493 4345 1670 4415 h⁰¹10s0¹¹¹¹¹sr
1699 4354 1730 4403 θῑ
1757 4364 1814 4404 0⁸¹⁰

161 4460 353 4519 transformata
368 4468 409 4516 est
422 4460 482 4529 ejus
511 4475 572 4516 caro
600 4460 635 4515 de
663 4460 838 4531 corruptione
864 4461 898 4516 ad
912 4462 957 4516 in-

159 4550 373 4624 corruptionem,
394 4549 429 4604 de
456 4547 621 4605 mortalitate
647 4547 682 4603 ad
709 4549 951 4607 immortalitatem.

158 4643 190 4698 ln
218 4655 301 4697 carne
329 4637 401 4693 illius
416 4637 476 4707 jam
503 4637 629 4708 absorpta
657 4644 698 4693 est
712 4638 808 4693 mortis
832 4638 954 4707 victoria,

156 4730 222 4804 quia
235 4730 306 4786 sicut
332 4726 362 4782 in
382 4742 442 4782 eam
456 4724 618 4797 completam
647 4725 790 4782 certaiide
812 4728 868 4797 jam
893 4743 954 4785 cre-

1013 4433 1048 4491 ad
1063 4450 1171 4490 morum
1185 4433 1396 4490 aedificationem
1411 4433 1572 4504 relerentes,
1590 4434 1673 4491 fidem
1697 4435 1814 4505 firmam,

1012 4530 1173 4586 charitatem
1188 4545 1244 4586 non
1264 4529 1448 4602 fictam,spem
1470 4537 1573 4586 certam
1590 4538 1645 4585 lam
1668 4531 1716 4587 diu
1736 4541 1813 4590 tenea

1011 4644 1082 4696 mus,
1095 4629 1193 4695 donec,
1202 4636 1335 4684 evacuato
1348 4627 1420 4700 quod
1428 4645 1461 4684 ex
1469 4635 1546 4700 parte
1555 4636 1605 4695 εει,
1616 4629 1813 4700 perlectionem

1010 4726 1090 4782 nobis
1102 4726 1267 4796 promissam
1276 4726 1812 4798 comprehenderemereamur.llisenim

155 4827 303 4895 dimus,ita
318 4825 442 4881 incarne
467 4827 565 4880 nostra
591 4821 708 4880 suturam
736 4828 871 4896 certaspe
899 4842 954 4882 non
1010 4822 1173 4880 inconcusse
1187 4824 1361 4879 manentibus
1376 4823 1510 4879 dissoluta
1527 4825 1611 4894 hujus
1635 4826 1812 4883 habitationis

155 4916 323 4972 dubitamus.
1007 4920 1101 4987 domo,
1117 4919 1228 4975 domum
1247 4936 1301 4975 non
1316 4920 1501 4976 manufactam
1522 4928 1656 4977 aternam
1685 4922 1714 4978 io
1743 4923 1811 4980 coelo

189 5005 228 5060 lta
242 5005 314 5061 enim
329 5002 395 5060 dicit
406 5000 553 5074 Apostolus
570 5017 577 5057 :
597 5026 607 5050 a
626 5001 655 5058 si
673 5001 839 5074 complantni
857 5020 952 5061 sumus
1006 5017 1186 5081 preparatam
1201 5009 1361 5077 habeamus,
1379 5017 1524 5081 praestante
1539 5010 1773 5069 Dominonostro.

608 5281 674 5384 IN
711 5282 1052 5394 ΕΡΙΡΗΑΝΙΑ
1089 5288 1339 5393 DOMINI.

189 5548 200 5574 t
218 5523 284 5581 Cum
300 5530 380 5578 natus
401 5530 475 5593 esset
488 5523 568 5581 lasus
582 5525 611 5581 in
633 5527 792 5585 Bethlehem
810 5530 897 5599 lude,
919 5532 948 5587 in
1001 5533 1188 5591 Judaeoruml
1208 5557 1218 5583 υ
1235 5535 1345 5601 (llcttlr.
1362 5536 1412 5603 tt.)
1427 5536 1535 5606 (Bana).
1559 5536 1681 5610 Tempus
1694 5556 1804 5613 quoque

143 5615 245 5670 diebus
256 5612 379 5669 Herodis
393 5613 479 5685 regis,
496 5628 561 5669 ecce
569 5614 641 5687 hlagi
652 5616 806 5675 abOriente
814 5627 948 5677 venerunt
1001 5622 1119 5679 Herodis
1143 5624 1285 5681 Dominico
1312 5633 1453 5682 attestatur
1475 5626 1603 5683 adventu.
1639 5627 1803 5687 Praedictum

122 5701 365 5775 Hierosolymam,
382 5701 511 5779 diceutes
526 5722 536 5762 .·
552 5704 605 5764 Ubi
619 5713 663 5766 est
684 5707 732 5785 qui
746 5717 830 5770 natas
843 5719 887 5771 est
899 5726 953 5771 ron
1004 5726 1126 5787 namque
1137 5711 1240 5785 iuerat,
1257 5713 1323 5786 nula
1332 5736 1347 5763 s
1360 5729 1419 5771 nou
1428 5712 1675 5795 deficietprincapa
1681 5718 1800 5791 mlada,
