3780 6038
121 168 191 228 fiii
669 166 842 224 li'lileEfli
860 166 1003 228 tttbatts
1022 170 1054 227 S.
1078 170 1190 229 ttttslt
1730 177 1777 231 tm

122 292 276 358 miseriam,
301 299 327 347 et
346 290 434 347 beata
454 289 515 346 vitm
534 287 607 362 pleni
625 288 718 363 gaudii
737 291 919 363 percipiamus
933 297 958 356 Α
973 295 1136 366 dictumest,
1162 298 1235 372 quod
1247 300 1332 358 oratio
1346 301 1456 375 quaerit,
1484 298 1703 374 contemplatio
1719 301 1780 360 inve·

66 414 69 419 -
124 381 252 455 gloriam.
268 379 339 435 Olim
354 379 471 434 mundus
486 377 575 450 gioria
588 386 614 433 et
628 378 724 450 opibus
733 379 834 447 floruit,
849 380 921 437 urbi·
972 387 1021 444 nit.
1048 388 1129 445 llides
1144 388 1381 462 igiturquomodo
1408 409 1466 465 per
1481 393 1544 448 bos
1571 390 1685 464 gradus
1701 406 1780 449 astas

123 472 173 526 bus
188 477 215 525 ⁰¹
231 469 333 525 Vilibus
351 468 447 541 viguit,
473 476 499 524 ⁰²
514 476 607 523 [⁸¹⁰0ss
628 467 693 536 i¹1⁵¹i
715 477 839 524 Offilium
858 469 919 540 ⁰j⁰⁸
972 487 1100 544 dentibus
1113 489 1245 560 perfectio
1258 492 1390 563 occurrit,
1401 501 1434 548 nt
1453 492 1506 565 qni
1524 491 1605 546 infra
1621 491 1780 555 remanserit,

122 574 289 637 spreverunt
305 580 357 637 quo
372 563 480 619 abunde
495 564 629 619 nitescere
657 572 813 634 putuerunt.
841 566 919 623 Nunc
971 576 1377 652 perfectuse,sen011possjt,
1413 580 1610 652 propositum
1636 580 1781 653 agonalia

121 656 216 710 muudi
232 655 318 726 gloria
333 654 401 708 ararit
415 671 422 720 l
438 668 510 708 nunc
524 660 612 708 autem
628 653 716 708 omnis
731 653 919 711 stcculihonor
971 666 1053 722 deber
1067 682 1129 722 esse
1143 684 1253 739 semper
1265 671 1427 737 ascendere,
1442 670 1497 728 sed
1510 669 1658 742 quoniam
1671 677 1742 725 panta
1752 680 1782 725 pp

120 745 249 808 extabuit,
267 752 293 798 et
308 740 753 813 nosmiserilloremejusaritlum
767 744 918 800 totocorde
971 764 1139 820 muquqqas
1163 765 1225 822 vqae
1250 776 1362 834 nomm·
1392 776 1423 824 „q
1448 768 1480 823 in
1509 767 1624 824 eodem
1649 774 1721 823 Μ
1740 782 1781 822 M

121 839 323 912 amplectimur,
335 855 385 893 nos
399 839 548 909 fugientem
568 846 593 893 el
614 839 780 894 arridentem
798 846 854 896 tolo
869 840 918 895 de·
971 853 1118 924 possimus,
1144 855 1269 926 cogimur
1281 871 1353 927 sape
1368 856 1403 911 ad
1419 864 1581 912 transacta
1604 856 1782 926 respiceres

119 930 219 984 siderio
234 929 387 1000 sequimur.
408 929 445 982 Et·
458 928 521 999 quia
533 926 591 996 jam
607 928 738 983 charitate
755 928 917 999 frigescente
971 958 1006 998 ne
1021 943 1175 998 amittamus
1190 944 1257 999 illud
1271 944 1299 999 jn
1322 961 1377 1018 quo
1392 962 1508 1012 sumus,
1536 945 1700 1016 reperimus
1714 960 1781 1016 qm.

118 1016 220 1073 nuliius
235 1018 332 1085 oratio,
351 1016 453 1071 nuliius
468 1017 596 1071 meritum
618 1032 680 1071 eum
698 1015 782 1085 fulcit,
798 1019 854 1086 jam
871 1033 918 1073 se·
970 1041 1061 1114 doque
1076 1042 1148 1114 quod
1163 1043 1350 1099 transivimus,
1371 1044 1460 1101 Verbi
1469 1044 1596 1117 gratia:
1614 1043 1782 1114 Qunam

118 1115 164 1170 nio
179 1115 319 1171 confectus
338 1114 480 1186 iniquitate
495 1113 577 1167 nimia
599 1112 733 1184 impulsus
756 1115 918 1186 quantoclus
970 1139 1099 1186 strenuus
1110 1139 1160 1197 esp,
1177 1141 1233 1187 om
1247 1148 1283 1188 „e
1297 1132 1420 1189 deficiat·
1436 1132 1495 1202 Qui
1513 1133 1669 1206 praecibus
1689 1132 1780 1200 imm!

118 1204 228 1269 corruit,
246 1219 397 1275 omnesque
410 1202 462 1257 sibi
479 1211 568 1257 mente
589 1202 753 1256 iubaerentes
769 1202 913 1273 opprimit.
971 1219 1285 1288 necomnqooffendqq
1314 1222 1469 1278 medium
1494 1222 1574 1295 quid
1601 1222 1782 1285 orandum

116 1294 204 1363 Nunc,
219 1292 384 1355 charissimi,
402 1292 487 1346 corda
502 1307 563 1346 cum
579 1290 704 1345 manibus
719 1291 754 1345 ad
771 1291 918 1347 Deumle·
971 1308 1057 1381 etqui
1071 1309 1219 1381 aliquando
1234 1311 1259 1364 jn
1275 1311 1388 1382 prom-50
1403 1312 1535 1368 consilio
1559 1312 1661 1367 minus
1676 1310 1783 1375 confiqq,

117 1400 224 1451 verrius,
246 1379 462 1448 facietnejusin
495 1378 916 1451 confessionepraeoccupemus,
972 1406 1355 1475 qecqonemconsuliq,etsic
1383 1409 1535 1465 evenant
1554 1425 1626 1465 cum
1648 1407 1785 1465 mmm

117 1486 147 1533 Ui
163 1478 189 1531 5¹¹
206 1475 446 1546 ³PPf⁰Dl¹¹<lU³¹¹¹0
460 1473 529 1528 [⁰⁵¹⁰
545 1489 598 1527 ¹¹⁰⁵
612 1473 639 1526 1¹¹
654 1474 767 1529 salutari
785 1491 834 1530 ⁸¹¹⁰
850 1474 917 1530 liii·
970 1495 1050 1550 uobis
1059 1512 1169 1567 semper
1179 1496 1214 1552 sit
1225 1496 1359 1562 voluntas,
1371 1496 1561 1554 descendere
1572 1507 1674 1554 tamen
1683 1498 1784 1567 aliquan

116 1574 163 1631 tet,
182 1573 209 1620 at
224 1566 251 1617 in
265 1564 384 1618 adventu
399 1561 508 1617 suosibi
523 1569 698 1618 occursantes
712 1562 740 1617 in
754 1563 857 1618 caelesti
870 1580 918 1636 pa·
970 1584 1070 1639 donos
1098 1593 1180 1657 cogat
1209 1586 1367 1652 Recessim,
1383 1585 1424 1641 qq
1442 1595 1547 1642 pumen
1566 1588 1785 1643 uqinvopunqq

116 1654 181 1709 latio
196 1653 320 1709 collocet.

116 1809 154 1864 Dc
171 1807 292 1878 qtrirrqttc
307 1803 525 1859 exercitationis
539 1803 673 1873 prodibat
692 1805 790 1875 quibus
797 1805 871 1874 justi
887 1805 918 1862 itt

182 1881 233 1933 truc
244 1877 303 1932 aila
314 1879 496 1941 exercentur,
510 1878 538 1930 ct
546 1875 579 1930 dc
589 1875 712 1947 quinque
722 1878 855 1932 statibus.

151 2028 274 2101 Quatuor
286 2033 348 2083 sunl
364 2025 392 2081 in
406 2025 504 2098 quibus
517 2040 589 2081 nunc
602 2034 746 2082 exercetur
759 2025 815 2084 vita
826 2028 917 2097 justo·

114 2138 188 2189 rum,
204 2130 230 2174 et
240 2117 319 2190 quasi
330 2133 379 2187 per
394 2114 527 2187 quosdam
541 2116 643 2184 gradus
662 2116 695 2169 ad
718 2116 836 2171 futuram
850 2133 917 2187 per·

117 2210 265 2266 fectionem
290 2206 462 2271 sublevatur,
495 2204 624 2259 videlicet
641 2203 732 2271 lectio,
762 2205 914 2276 meditatio,

115 2307 203 2364 oratio
220 2315 247 2361 ct
269 2304 402 2375 operatio.
428 2301 527 2371 Quinta
541 2302 641 2357 deinde
656 2302 779 2374 sequitur
793 2312 917 2360 contem-

114 2396 207 2468 platio,
224 2395 251 2448 in
265 2409 319 2465 qua
334 2392 412 2464 quasi
441 2392 558 2463 quodam
583 2389 798 2462 praecedentium
826 2391 916 2449 fructu

114 2485 142 2540 in
158 2485 210 2539 bac
225 2482 289 2549 vila,
306 2480 387 2537 etium
400 2496 461 2554 quta
476 2480 510 2534 sit
524 2479 589 2535 boni
600 2480 694 2552 operis
709 2497 814 2538 merces
825 2480 916 2539 futura

115 2588 313 2655 praegustatur.
340 2578 417 2635 Unde
442 2576 587 2632 Psalmisla
614 2594 675 2632 cum
691 2578 726 2633 de
737 2577 850 2648 judiciis
864 2579 915 2635 Dei

113 2670 281 2743 loqueretur,
306 2667 500 2724 commendans
523 2683 564 2734 ea,
589 2667 682 2721 statim
698 2666 861 2736 subjunxit:
884 2667 915 2723 tn

114 2756 302 2815 custodiendis
318 2756 372 2811 illis
394 2755 534 2810 retributio
555 2755 637 2809 multa
652 2757 741 2825 (Psoi.
762 2758 854 2827 avrti).
875 2757 915 2812 Dc

112 2854 155 2910 his
171 2855 290 2927 quinque
304 2853 436 2925 gradibus
449 2869 455 2906 :
468 2851 573 2922 primns
588 2851 701 2923 gradus,
713 2851 740 2906 id
760 2861 800 2908 est
818 2852 912 2920 lentie,

113 2952 228 3016 quaeest
250 2941 453 3012 summentium,
473 2955 628 3009 supremus,
647 2939 729 2995 idest
745 2940 913 3012 contempla·

112 3033 159 3103 tio,
193 3048 253 3104 quoe
282 3038 321 3086 est
351 3027 545 3100 perfectorum.
572 3029 604 3083 Et
627 3027 662 3083 dc
676 3029 775 3085 mediis
790 3017 953 3101 quidem,C

112 3140 212 3204 quanto
228 3130 319 3202 plures
333 3127 395 3200 quis
409 3126 576 3195 ascenderit,
592 3133 665 3182 lanto
680 3128 830 3197 perfeetior
845 3129 908 3185 erit.

112 3221 193 3277 t'erbi
208 3218 316 3293 gratia:
333 3218 421 3288 prima
444 3214 525 3270 lectio
552 3214 762 3287 intelligentiam
779 3216 826 3272 dat
842 3234 848 3269 :
866 3234 913 3274 sc-

111 3311 200 3367 cunda
234 3306 371 3363 meditatio
394 3303 538 3362 consilium
561 3312 683 3375 praestet.
710 3305 803 3361 Tertia
826 3307 913 3363 oratio

111 3409 189 3480 petit.
209 3406 316 3476 Quarta
330 3403 451 3476 operatio
467 3402 575 3475 quaerit.
596 3401 698 3471 Quinta
719 3404 913 3476 contemplatio

109 3497 223 3552 invenit.
240 3496 269 3550 Si
284 3509 351 3565 ergo
377 3493 459 3564 legis,
488 3499 515 3546 et
544 3491 755 3564 intelligentiam
772 3493 869 3559 habes,
884 3501 912 3549 et

110 3585 182 3640 nosti
194 3586 249 3651 jam
261 3581 327 3652 quid
351 3579 505 3636 faciendum
520 3578 564 3646 sit,
581 3578 686 3634 initium
700 3579 765 3635 boui
782 3591 822 3636 est
835 3601 842 3646 ;
863 3581 912 3637 sed

111 3682 200 3738 adbuc
216 3678 263 3733 tibi
285 3692 339 3731 non
354 3673 462 3740 sufficit,
479 3674 598 3730 noudum
613 3674 752 3745 perfectus
767 3692 808 3732 es.
824 3678 911 3733 Scan-

111 3771 146 3826 de
165 3770 256 3839 itaque
274 3765 302 3820 in
320 3778 410 3819 arcem
440 3760 560 3830 consilii,
582 3770 608 3816 et
631 3761 765 3818 meditare
795 3765 913 3835 qualiter

109 3858 228 3930 implere
242 3855 337 3912 valcas
352 3850 417 3924 quid
432 3849 589 3906 faciendum
609 3866 671 3905 esse
686 3849 821 3907 didicisti.
833 3853 913 3910 ttultt

112 3956 186 4013 enim
203 3953 303 4009 babent
316 3948 469 4014 scientiam,
485 3946 534 4002 sed
548 3946 629 4018 pauci
645 3955 707 4002 sunt
721 3947 767 4019 qui
778 3957 912 4005 noverunt

116 4045 235 4120 qualiter
250 4041 322 4099 scire
341 4044 476 4111 oporteat.
501 4036 604 4091 Rursus
622 4036 753 4108 quoniam
768 4036 912 4093 eonsilium

108 4133 232 4192 hominis
248 4131 307 4187 sine
322 4128 414 4184 divino
429 4125 677 4182 aurificinlirmum
691 4133 733 4181 est
747 4133 774 4182 et
788 4125 911 4183 inefficax

116 4234 150 4291 ad
166 4230 320 4288 orationem
335 4214 456 4298 erigere,
471 4231 498 4278 et
512 4221 573 4292 ejus
586 4221 751 4291 adjutorium
765 4230 836 4295 pete,
853 4223 912 4280 siae

115 4339 169 4393 quo
182 4319 286 4376 nullum
299 4321 379 4387 potes
398 4312 488 4368 facere
503 4312 615 4377 bonum,
631 4319 659 4366 ut
676 4311 809 4368 videlicet
823 4312 912 4384 ipsius

114 4410 205 4485 gratia
218 4422 282 4480 qnae
295 4401 489 4475 praeveniendo
504 4409 530 4455 le
544 4399 703 4456 illuminavit
718 4401 910 4473 subsequendo

113 4511 195 4566 etiam
209 4503 294 4576 pedes
308 4509 369 4555 tuos
384 4499 483 4570 dirigat
504 4498 532 4552 in
551 4497 623 4554 viam
638 4499 727 4568 pacis,
744 4506 770 4554 ct
785 4500 857 4570 quod
881 4499 910 4554 in

113 4598 170 4655 sola
183 4593 321 4651 voluntate
344 4589 433 4645 adbuc
447 4595 499 4656 est,
515 4587 551 4642 ad
568 4584 695 4643 effectum
709 4587 843 4658 perducat
861 4587 910 4644 bo-

111 4705 154 4745 utc
164 4679 340 4757 operationis.

146 4773 252 4832 Deinde
266 4776 350 4826 restat
367 4766 417 4823 tibi
438 4773 467 4822 ut
484 4764 518 4820 ad
536 4765 639 4821 bouum
653 4781 723 4837 opus
743 4765 907 4840 accingaris,

112 4875 142 4924 ut
156 4863 227 4938 qnod
241 4858 346 4918 orando
361 4855 444 4928 pelis,
459 4854 600 4926 operando
627 4855 754 4926 accipere
764 4856 907 4912 merearis.

111 4954 232 5012 Tertium
240 4948 347 5023 operari
360 4945 417 5003 vult
430 4945 515 5010 Deus,
532 4960 587 5000 non
602 4944 778 5015 cogerissed
785 4944 903 5013 juvaris.

113 5045 142 5103 Si
156 5042 240 5107 solus,
254 5048 282 5096 tu
310 5037 349 5093 nil
369 5032 494 5108 perticis:
524 5031 548 5087 si
571 5031 646 5088 solus
675 5032 750 5088 Deus
770 5040 906 5104 operatur,

111 5141 150 5197 nil
159 5138 285 5195 mereris.
297 5136 433 5207 Operatur
448 5146 514 5203 ergo
528 5128 604 5186 Dens
617 5136 646 5185 ut
658 5129 768 5202 possis3
782 5130 908 5202 opereris

112 5237 140 5286 et
152 5237 191 5294 tu,
203 5236 231 5282 ut
246 5225 349 5297 aliquid
372 5219 520 5277 merearis.
552 5219 604 5275 lia
629 5226 671 5275 est
694 5219 817 5290 operatio
835 5220 907 5277 bona

112 5332 167 5391 qua
180 5317 234 5370 itur
249 5315 284 5369 ad
300 5313 391 5368 vitam.
402 5309 454 5379 Qui
464 5309 541 5363 viam
551 5308 622 5364 banc
636 5307 729 5374 currit,
743 5308 907 5382 vitamque⁴

112 5406 158 5464 rit.
175 5401 343 5465 confortare,
358 5407 383 5452 ct
397 5397 513 5453 viriliter
526 5412 589 5470 age.
602 5396 688 5452 Habet
702 5397 763 5452 brec
777 5398 821 5453 via
834 5414 906 5470 prae-

112 5495 197 5553 mium
212 5501 289 5541 suurn
303 5484 409 5557 quoties
423 5485 481 5552 ejus
501 5485 641 5540 laboribus
661 5485 777 5559 fatigati,
794 5487 907 5558 superni

112 5584 253 5653 respectus
276 5572 364 5645 gratia
389 5569 565 5642 illustramur,
582 5581 724 5645 gustantes
739 5583 767 5630 et
781 5575 906 5633 videntes

112 5669 238 5753 quoniam
253 5660 344 5720 suavis
360 5664 402 5718 est
415 5657 559 5719 Dominus.
574 5661 673 5734 Sicquc
690 5661 718 5719 lit
733 5663 807 5737 quod
822 5680 906 5738 supra

932 1655 1027 1737 Bnou
1042 1682 1070 1736 in
1090 1683 1254 1739 necessitate
1277 1684 1451 1757 propositum
1483 1693 1625 1742 nostrum
1651 1684 1782 1742 consista.

972 1770 1052 1840 Qtrod
1065 1771 1240 1826 ascendimus
1259 1773 1431 1844 propositum
1461 1782 1519 1841 est,
1549 1775 1634 1847 quod
1649 1772 1785 1830 descendi·

971 1876 1033 1915 mus
1046 1868 1159 1931 propter
1172 1861 1357 1932 propositum.
1375 1862 1462 1919 Nunc
1481 1879 1559 1936 ergo
1582 1864 1652 1930 boc,
1668 1863 1717 1919 sed
1730 1861 1785 1917 illud

971 1959 1122 2032 principale
1136 1977 1198 2017 esse
1212 1961 1306 2018 debet.
1334 1962 1408 2032 Quot
1432 1970 1538 2019 autem
1555 1973 1654 2020 status
1673 1967 1785 2020 humane

970 2049 1159 2106 mutabilitatis
1182 2050 1245 2118 sint,
1270 2050 1313 2107 bic
1340 2051 1497 2107 videndum
1515 2054 1590 2109 erit.
1621 2054 1712 2110 Habet
1724 2053 1784 2109 enin

971 2138 1090 2211 quinque
1117 2147 1201 2195 status
1228 2139 1285 2196 vita
1312 2140 1446 2212 bumana,
1464 2158 1519 2213 per
1545 2159 1635 2215 quos,
1653 2144 1786 2215 quianua·

970 2244 1050 2300 quam
1065 2228 1205 2285 incudem
1220 2237 1292 2284 statu
1305 2229 1353 2285 diu
1367 2246 1544 2301 permanere
1562 2241 1674 2305 potest,
1684 2233 1740 2288 sine
1752 2233 1785 2285 in·

970 2325 1142 2381 termissione
1158 2333 1289 2393 mutatur,
1305 2326 1363 2383 sive
1380 2327 1409 2381 in
1426 2328 1540 2384 melius
1556 2329 1727 2401 proficiens,
1738 2327 1784 2382 sire

969 2421 1099 2479 deficiens
1114 2431 1197 2495 atque
1211 2424 1377 2480 decrescens
1394 2425 1422 2479 in
1448 2425 1550 2495 pejus.
1582 2426 1639 2495 Qui
1655 2434 1718 2482 suut
1730 2441 1785 2497 gan·

969 2512 1043 2567 dium
1058 2512 1193 2579 vanitatis,
1227 2512 1307 2569 dolor
1329 2512 1522 2581 confusionis,
1540 2516 1686 2587 gaudium
1699 2530 1784 2571 conso·

969 2599 1089 2668 lationis,
1117 2601 1198 2657 dolor
1222 2601 1440 2671 exercitationis,
1469 2605 1620 2676 gaudium
1642 2604 1779 2661 felicitatis.

969 2697 1104 2754 Gaudium
1120 2699 1245 2754 vanitatis
1272 2707 1312 2754 cst
1335 2715 1387 2771 pro
1414 2698 1507 2756 lucris
1524 2703 1736 2773 temporalibus
1747 2702 1783 2756 la

969 2788 1032 2844 tari.
1051 2787 1135 2844 Dolor
1148 2787 1315 2844 confusionis
1329 2792 1372 2843 est
1386 2804 1437 2859 pro
1452 2790 1573 2846 damnis
1591 2792 1782 2863 temporalibus

968 2876 1134 2932 contristari.
1154 2876 1288 2932 Gaudium
1303 2877 1507 2933 consolationis
1530 2881 1576 2936 esi
1597 2882 1635 2936 ab
1651 2880 1784 2952 impugna·

969 2969 1041 3026 tione
1061 2969 1188 3027 vitiomm
1217 2970 1366 3042 quiescere.
1388 2970 1478 3027 Dolor
1509 2975 1727 3032 exercitationis
1747 2982 1783 3030 est

967 3057 1107 3114 molestias
1121 3059 1300 3114 tentationum
1315 3058 1464 3116 sustinere.
1475 3061 1634 3121 Gaudium
1654 3063 1783 3122 felicitatis

967 3156 1005 3204 csl
1022 3148 1136 3204 interuae
1152 3148 1304 3205 dulcedinis
1315 3148 1528 3221 jucunditatem
1545 3153 1716 3226 degustare.

1003 3246 1053 3302 Per
1079 3245 1209 3318 gaudium
1236 3246 1361 3303 vanitatis
1388 3248 1453 3319 plus
1485 3250 1645 3324 elongatur
1662 3252 1781 3308 animas

966 3336 1034 3400 Deo,
1051 3334 1113 3406 quia
1127 3343 1205 3390 tanto
1219 3334 1328 3406 longius
1342 3336 1376 3390 ab
1393 3352 1426 3393 eo
1442 3338 1493 3410 qui
1508 3339 1594 3397 intus
1605 3349 1650 3398 est
1672 3341 1779 3405 recedit,

966 3431 1068 3496 quanto
1077 3423 1186 3479 avidius
1196 3439 1227 3480 se
1237 3423 1654 3486 addelectationesexteriores
1662 3430 1778 3487 effundit.

967 3518 1052 3576 Dolor
1079 3518 1248 3575 confusionis
1288 3519 1386 3575 malam
1416 3521 1535 3594 quidem
1573 3525 1777 3583 delectationem

965 3607 1118 3682 quasiforis
1133 3607 1272 3679 praecidit,
1301 3616 1330 3664 et
1357 3610 1482 3667 animam
1511 3612 1596 3670 intus
1620 3616 1777 3672 redirecou·

965 3707 1042 3780 pellit
1057 3722 1064 3762 :
1081 3724 1142 3779 quac
1156 3714 1248 3763 tamen
1276 3722 1309 3763 eo
1337 3706 1399 3779 ipso
1427 3709 1503 3781 quod
1519 3727 1584 3769 nou
1601 3723 1714 3787 sponte,
1732 3712 1775 3769 sed

965 3794 1168 3868 quodammodo
1206 3804 1301 3852 coacta
1333 3794 1369 3851 ad
1397 3800 1587 3871 semetipsam
1622 3802 1772 3865 retruditur,

966 3901 1018 3942 nec
1031 3884 1151 3957 perfecte
1166 3883 1291 3941 intimum
1305 3884 1419 3951 deserit,
1434 3902 1530 3960 neque
1563 3890 1606 3946 ad
1621 3891 1726 3948 vinulis
1739 3892 1771 3946 in·

964 3984 1121 4056 tegritatem
1134 3983 1269 4042 varaciter
1296 3991 1449 4055 reparatur.
1466 3985 1600 4044 Gudinm
1619 4005 1686 4047 vero
1700 4004 1766 4047 com·

967 4072 1108 4129 solationis
1132 4074 1192 4143 jam
1218 4072 1421 4144 quodammodo
1448 4083 1581 4133 mentem
1610 4077 1766 4135 intrinsecus

967 4169 1051 4235 fovet,
1068 4176 1151 4240 atque
1163 4169 1312 4240 componit,
1332 4167 1487 4242 suadetque
1502 4177 1534 4227 ut
1550 4189 1656 4231 secum
1673 4187 1762 4246 perna·

967 4256 1469 4331 nereeligatnequeextradtgnetur
1481 4263 1767 4336 quaererequodiutus
1797 4286 1801 4292 ·

925 4378 952 4439 D
967 4346 1091 4403 veracius
1101 4355 1183 4418 atque
1193 4345 1317 4402 securius
1326 4345 1415 4418 possit
1424 4348 1591 4418 possidere.
1606 4352 1693 4409 Porro
1702 4350 1768 4408 dolor

967 4444 1167 4502 exercitationis
1182 4446 1219 4500 ita
1235 4459 1343 4500 omnem
1368 4443 1516 4503 exterioris
1532 4447 1708 4507 dilectionis
1721 4466 1768 4505 me·

963 4547 1081 4605 moriam
1095 4548 1130 4603 ab
1144 4546 1236 4604 animo
1250 4546 1371 4615 seclusit,
1389 4556 1428 4614 ut,
1446 4547 1514 4604 dum
1533 4565 1592 4608 suo
1607 4552 1767 4610 intrinsecus

963 4636 1051 4694 dolori
1064 4637 1204 4694 intendere
1231 4637 1337 4709 cogitur
1365 4636 1431 4709 quid
1458 4636 1528 4695 foris
1543 4640 1594 4712 sit,
1607 4641 1768 4700 delectabile

962 4733 1075 4790 minime
1093 4733 1267 4790 recordetur.
1301 4734 1446 4790 Postremo
1475 4735 1616 4808 gaudium
1638 4738 1768 4797 felicitatis

962 4824 1102 4881 hominem
1116 4823 1196 4879 etiam
1211 4822 1331 4894 seipsum
1355 4821 1482 4880 oblivisci
1500 4823 1580 4892 facit,
1603 4826 1679 4900 quia,
1709 4829 1767 4883 dum

961 4928 1043 4969 meus
1058 4920 1112 4969 totu
1127 4925 1309 4984 supernorum
1330 4911 1494 4984 gaudiorum
1513 4912 1664 4972 dulcedini
1675 4916 1767 4986 inhiat,

962 5028 1047 5084 supra
1072 5027 1103 5068 se
1131 5010 1239 5067 elevata
1256 5025 1312 5066 nou
1343 5008 1432 5067 solum
1450 5008 1557 5069 infimas
1578 5013 1767 5073 delectationis

961 5125 1017 5166 non
1029 5108 1170 5176 meminit,
1186 5106 1310 5180 aedipsa
1331 5107 1460 5180 quonum
1482 5108 1537 5165 sibi
1562 5112 1766 5185 quodammodo

961 5206 1076 5264 feliciter
1084 5206 1113 5262 in
1122 5205 1289 5263 oblivionem
1304 5205 1388 5262 venit.
1400 5205 1490 5279 igitur
1500 5209 1767 5282 gaudinmvanitalia

961 5297 1082 5351 animum
1104 5294 1247 5367 dispergit,
1268 5292 1348 5350 dolor
1366 5293 1540 5353 confusionis
1569 5299 1690 5373 colligit,
1706 5316 1768 5375 gau·

960 5392 1036 5448 dium
1059 5392 1254 5450 consolationis
1275 5390 1422 5464 componit,
1452 5393 1536 5451 dolor
1554 5398 1767 5456 exercitationis

960 5480 1037 5554 figat,
1060 5482 1191 5554 gandium
1206 5481 1343 5540 felicitatis
1365 5491 1459 5540 unat.
1478 5484 1522 5541 Fit
1536 5492 1635 5544 tumen
1649 5503 1768 5546 bennun

961 5596 1042 5652 qnam
1056 5587 1086 5635 ut
1108 5580 1238 5652 gaudium
1259 5580 1388 5637 vanitatis
1411 5588 1533 5641 vartamr
1550 5584 1725 5658 quibusdam
1739 5584 1766 5640 ia

959 5668 1092 5743 gaudium
1106 5669 1322 5733 consolationis:
1347 5677 1374 5733 et
1397 5671 1556 5751 econtrario
1580 5676 1690 5751 gando
1703 5690 1766 5736 oon·
