3780 6038
110 233 159 291 lid

738 235 928 294 aristonis.
951 265 985 277 -
1003 233 1071 291 tta.
1097 236 1141 290 ll'.

1710 245 1763 302 ΠΙ

103 357 252 415 Dominum
268 361 361 418 omnia
376 376 488 434 sperare
502 360 575 430 licat,
590 368 618 418 et
636 360 695 417 sine
720 377 774 434 qiio
798 361 864 416 nibil
885 360 910 416 ei
923 360 951 420 A
965 375 1027 415 rare
1042 360 1212 431 sospitatem.
1236 362 1296 433 Ego
1318 361 1427 434 quidem
1451 378 1533 436 quam
1560 364 1642 421 citios
1669 376 1763 438 potere

102 449 191 520 possit
204 465 268 506 csse
282 452 355 524 quod
370 452 465 524 prosit.
481 452 586 508 valete.

360 559 532 617 aristoni
556 562 675 616 XXXll.

105 658 252 729 Gessridua
265 657 350 714 obbas
364 673 422 714 tion
438 660 499 715 sois
517 660 640 728 inieritis,
659 659 708 715 sed
731 659 780 714 bit
802 659 906 730 protis,

138 746 255 802 dilectis
264 746 334 816 filiis
345 748 378 803 tt.
390 748 492 819 priori,
509 751 537 803 et
552 748 681 805 omnibus
697 748 764 803 aliis
785 749 907 802 sulutem

138 839 168 891 et
180 835 382 891 dilectionem.

138 928 220 999 Quod
237 930 379 986 nobiseum
394 930 421 985 in
436 932 543 987 Pascha
557 946 611 986 non
625 930 673 998 iiii,
688 930 773 987 nostri
784 930 907 1002 corporis

104 1018 250 1074 intirmitas
264 1035 348 1075 eausa
362 1020 475 1075 exstitit.
493 1019 600 1076 Gibbns
613 1020 686 1075 enim
699 1019 765 1074 inibi
779 1019 866 1075 crevit
879 1019 907 1074 iii

103 1106 197 1173 dorso,
213 1107 288 1163 unde
304 1124 348 1163 ina
361 1108 448 1165 secari
462 1109 592 1180 oportuit.
626 1109 660 1163 lit
688 1109 817 1180 quamvis
835 1109 908 1164 inter

107 1211 208 1252 manns
221 1204 251 1252 at
265 1196 435 1268 lacrymosas
445 1211 528 1253 uoces
555 1196 717 1253 dilectarum
745 1198 802 1252 Deo
831 1198 906 1268 (322)

105 1284 359 1342 sanctimonialium
372 1285 407 1341 de
421 1285 505 1343 Fonte
521 1285 754 1353 Ebraldi,rasoi·io
769 1286 906 1343 scribente

104 1372 132 1429 iii
146 1380 246 1431 nostra
261 1389 346 1430 carne
360 1389 427 1429 suas
441 1373 555 1440 btteras,
572 1389 671 1445 corpus
685 1382 808 1430 nostrum
828 1374 907 1429 indr-

104 1462 200 1518 mitate
213 1462 323 1534 pariter
337 1470 364 1518 et
379 1462 490 1518 uulnere
504 1478 559 1518 non
571 1462 744 1519 mediocriter
764 1463 907 1536 fatigatum

105 1558 255 1620 teneretur,
273 1565 325 1606 nec
344 1549 496 1618 infirmitas,
524 1566 576 1608 nec
603 1551 721 1608 secantis
748 1551 904 1620 crudelitas,

103 1654 153 1695 nec
168 1639 264 1694 statim
280 1639 401 1710 impositi
416 1639 480 1694 salis
496 1639 638 1711 asperitas,
667 1648 696 1695 ut
724 1655 772 1695 uos
800 1640 844 1696 rel
871 1641 906 1695 ad

963 449 998 504 ad
1013 464 1061 504 nos
1075 448 1193 517 veniam,
1210 466 1278 521 quos
1293 450 1432 507 desiderio
1449 453 1541 508 ridere
1567 454 1705 525 desidero,
1735 463 1763 513 et

963 538 990 592 iii
1006 537 1104 608 quibus
1119 546 1180 608 post
1195 540 1280 594 Deum
1294 539 1375 595 totius
1389 539 1487 597 animai
1501 543 1656 614 maaeposui
1669 543 1761 601 interi·

963 626 1073 681 tioncm.
1091 626 1194 682 vitate.

1195 723 1371 780 El'lSTOLA
1389 726 1521 783 xxxtv.

964 822 1103 893 Goffridus
1124 823 1333 879 l'initocinensis
1350 825 1516 880 monasterii
1533 841 1679 884 seruorum
1692 845 1757 885 scr·

996 929 1057 977 viis,
1074 912 1187 967 dilectis
1202 911 1232 966 in
1250 912 1358 968 Cliristo
1381 913 1449 980 filiis
1463 918 1550 985 (323),
1578 916 1703 987 Gofsrido
1723 918 1757 975 de

996 999 1276 1072 Siirpcriis,tordono
1292 1001 1324 1056 dc
1334 1001 1418 1056 l’odio
1430 1001 1536 1073 rebelli,
1550 1005 1688 1061 lloinoldo
1697 1005 1758 1062 Cor·

998 1089 1083 1155 toldo,
1097 1091 1199 1145 lleroeo
1211 1088 1243 1144 de
1261 1088 1357 1158 Olono,
1367 1090 1500 1146 salntem.

996 1186 1156 1241 blandainus
1170 1185 1258 1256 vobis,
1273 1193 1299 1241 et
1313 1186 1467 1242 mandando
1482 1187 1666 1259 praecipimus,
1683 1207 1753 1263 qua·

960 1281 1039 1330 tenus
1054 1275 1080 1329 in
1096 1274 1218 1346 proxima
1233 1283 1335 1331 sanctae
1348 1275 1487 1332 Trinitatis
1498 1275 1643 1334 testivitate
1654 1278 1689 1334 ad
1705 1297 1757 1336 rios

960 1363 1062 1428 venire,
1079 1371 1106 1418 et
1122 1363 1316 1419 monasterinm
1331 1372 1462 1432 vestrum,
1480 1373 1561 1435 prout
1575 1365 1687 1438 dignum
1703 1377 1754 1437 est,

961 1451 1071 1507 uisitare
1086 1467 1141 1507 non
1156 1449 1286 1507 differatis
1295 1453 1389 1522 209,
1402 1453 1475 1525 qnod
1489 1452 1572 1509 etlam
1582 1468 1637 1508 non
1654 1455 1758 1511 inuitati

960 1539 1051 1594 lacere
1064 1539 1213 1596 deberetis.
1234 1541 1290 1596 lloe
1305 1547 1395 1595 autem
1410 1541 1433 1595 si
1457 1541 1517 1612 quis
1546 1550 1666 1597 vestrum
1690 1559 1759 1599 eori-

960 1628 1110 1699 tempserit,
1126 1628 1266 1701 nisigiavi
1288 1629 1411 1699 corporis
1439 1629 1593 1685 iulirmitate
1620 1631 1759 1699 detentus,

103 1735 275 1783 momentum
292 1727 480 1795 Oblll’lssdel'fll',
495 1727 584 1784 facere
599 1729 695 1799 poluit,
720 1729 769 1784 sed
798 1729 907 1799 spiritus
921 1719 948 1779 B
962 1717 1090 1772 donecde
1105 1716 1288 1772 inobedienlitt
1303 1718 1463 1787 sallslllctdl,
1480 1728 1612 1776 asanctae
1639 1720 1763 1777 eccleSlae

103 1832 180 1889 purae
195 1815 363 1881 dilectionis,
380 1833 435 1888 quo
451 1832 499 1872 vos
514 1832 622 1888 semper
640 1816 735 1883 dilexi,
760 1825 786 1873 et
813 1817 909 1889 diligo,

103 1910 130 1960 el
143 1904 273 1977 diligam,
291 1905 391 1960 mansit
406 1904 557 1961 vobiscum.
574 1905 623 1960 Dei
639 1907 747 1961 tandem
760 1907 912 1977 adjurante

104 1992 467 2065 clementiaaliquantnlum
481 1994 515 2049 de
539 1992 695 2049 infirmitate
718 1995 854 2063 coiiialni,
886 2002 913 2050 et

105 2082 205 2154 partim
222 2098 304 2155 aqua,
321 2084 474 2155 partimque
498 2098 568 2154 aquo
593 2091 716 2154 portatus
742 2083 912 2154 liidcgavim

104 2172 182 2228 ueni.
203 2171 301 2227 vitate
311 2171 339 2225 in
355 2172 472 2227 Domino
486 2172 560 2228 omni
573 2180 701 2243 ternpore,
716 2173 803 2244 ipsum
814 2174 910 2239 Deum,

108 2274 135 2320 et
149 2264 301 2319 Dominum
319 2272 445 2319 nostrum
462 2272 603 2337 rogantes,
620 2273 648 2319 ut
664 2280 717 2332 me,
728 2263 912 2319 etininlirmi-

105 2362 161 2409 tate
176 2353 344 2425 patientem,
361 2352 429 2408 etin
444 2353 624 2425 prosperitate
640 2354 723 2423 208
735 2353 864 2409 humilem
875 2354 913 2411 la·

105 2441 170 2508 ciat,
187 2450 214 2498 et
230 2457 284 2509 me,
302 2449 328 2498 et
344 2457 394 2496 uos
410 2441 437 2496 in
452 2441 493 2496 sni
510 2441 675 2498 dilectionno
691 2441 835 2498 custodiat.

343 2539 515 2596 EPlSl'OLA
541 2539 677 2595 XXXlll.

108 2637 351 2709 dostridaisobbcs
361 2654 420 2694 non
429 2640 488 2695 sois
497 2640 617 2705 meritis,
634 2639 681 2695 scd
691 2640 741 2695 Dei
750 2642 854 2711 pretio,
867 2640 912 2695 di-

142 2728 227 2783 lectis
237 2727 308 2796 filiis
325 2729 355 2783 tt.
366 2728 466 2799 priori,
478 2730 506 2784 et
521 2729 650 2784 omatibus
659 2729 725 2784 eliis
738 2729 818 2783 illum
831 2745 848 2783 o
859 2730 913 2784 Deo

140 2832 229 2888 quoin
244 2815 322 2871 dedit
331 2816 393 2872 suia
403 2818 511 2873 sanctis
520 2817 670 2889 discipulis
680 2817 912 2874 benedictionem.

142 2910 197 2965 Pro
212 2910 312 2966 uestris
328 2910 380 2981 piis
393 2911 523 2983 precibus
544 2920 570 2967 et
599 2911 736 2984 lacrymis,
766 2928 834 2984 quas
863 2928 913 2984 pro

105 3014 159 3066 ine,
173 2998 240 3055 licet
255 2999 371 3071 indigno
392 3008 502 3072 pastore
529 3009 632 3067 vestro,
663 3001 737 3057 liliali
764 3001 912 3058 devotione

962 1804 1100 1860 liminibus
1116 1804 1223 1861 alicnus
1233 1806 1342 1861 existat.

1210 1915 1381 1971 EPlSTOLb
1401 1916 1515 1971 XXXV.

965 2014 1110 2086 doffridus
1124 2014 1513 2071 Vindocineiisismonnsterii
1523 2016 1757 2086 liumiiisaeroos,

998 2105 1109 2159 dilectis
1120 2105 1151 2159 in
1168 2103 1365 2172 Clinistofiliis,
1378 2105 1511 2168 lordono,
1534 2105 1671 2163 ltciriotdo
1696 2108 1762 2164 Cor·

1000 2192 1086 2257 tuido,
1102 2193 1227 2248 satutem
1237 2195 1265 2247 et
1275 2192 1508 2248 benedictionem.

998 2287 1025 2342 Si
1037 2287 1206 2356 jussionibus
1223 2287 1322 2343 nostris
1348 2287 1498 2359 aliquando
1521 2306 1570 2347 vos
1599 2307 1759 2363 gravamus,

962 2390 1016 2431 non
1033 2376 1094 2432 ideo
1108 2384 1200 2432 contra
1215 2391 1265 2431 nos
1281 2392 1449 2433 murmurare
1470 2377 1584 2446 debetis,
1601 2381 1654 2448 vni,
1684 2382 1761 2454 qnod

962 2464 1032 2519 absit
1048 2463 1054 2519 l
1071 2480 1121 2520 nos
1135 2465 1198 2521 odio
1213 2465 1323 2533 babere,
1340 2466 1468 2537 quoniam
1484 2469 1665 2525 vobismnlta
1675 2470 1762 2542 impe·

895 2588 898 2593 -
962 2569 1056 2609 ramus
1071 2554 1231 2610 necessitate
1251 2555 1408 2611 monasterii
1437 2557 1526 2627 potius
1555 2574 1636 2630 quain
1663 2558 1763 2615 volun-

963 2640 1205 2697 tatetlbedientia
1228 2650 1318 2698 tamen
1346 2643 1417 2699 banc
1445 2643 1497 2699 sibi
1526 2646 1682 2717 specialiter
1708 2663 1762 2720 po·

963 2736 1091 2786 testatem
1107 2730 1236 2793 uindicat,
1253 2737 1282 2784 ιιι
1296 2746 1350 2787 non
1369 2739 1424 2786 tam
1451 2734 1511 2802 ejus
1540 2735 1584 2790 ciii
1611 2735 1764 2807 precipitur

964 2834 1044 2891 quam
1058 2817 1119 2890 ejus
1134 2818 1180 2889 qui
1193 2817 1315 2889 praecipit
1330 2820 1457 2876 uoluntas
1473 2822 1530 2876 siat.
1542 2823 1619 2878 Unde
1628 2824 1761 2879 Dominus

963 2907 991 2961 iii
1002 2906 1152 2977 Evangelio
1175 2906 1337 2961 obedientiae
1367 2907 1470 2963 lorman
1498 2910 1629 2979 tribuens,
1658 2912 1723 2968 dicit
1753 2930 1760 2967 :

962 2997 1023 3052 Nori
1037 2996 1102 3052 neni
1110 2998 1205 3066 fucere
1223 2995 1401 3052 volontatem
1411 3014 1505 3065 meon,
1522 2999 1570 3055 sed
1581 2999 1700 3073 ejusqui
1715 3016 1761 3058 me

106 3087 226 3144 Domino
236 3087 300 3144 Deo
313 3088 460 3157 obtulistis,
476 3089 641 3161 multiplices
657 3091 808 3163 gratiarnm
822 3090 911 3147 resero
927 3083 952 3147 C
966 3085 1044 3140 misit
1055 3085 1149 3148 (toan.
1169 3099 1206 3150 Vt,
1225 3086 1281 3155 38).
1297 3084 1414 3156 Expedit
1437 3086 1528 3159 itaque
1543 3088 1631 3155 nobis,
1655 3104 1758 3145 secun·

106 3176 242 3233 actiones.
259 3177 322 3232 Pius
336 3185 363 3233 et
378 3178 485 3248 patiens
500 3178 641 3246 Dominus,
670 3179 751 3249 cujus
777 3178 907 3250 patientia

107 3280 151 3321 me
167 3265 216 3320 diii
231 3274 395 3337 peccantem
409 3266 545 3334 sustinuit,
562 3267 663 3338 pietate
678 3282 737 3333 sua,
754 3268 853 3323 vestris
867 3267 909 3323 iii·

107 3354 317 3411 tarcedentibus
332 3356 446 3424 meritis,
463 3371 531 3411 mete
546 3355 710 3412 infirmitatis
733 3365 760 3412 et
788 3357 908 3412 vulneris

107 3442 239 3513 specialis
253 3443 377 3500 medicus
390 3443 449 3500 luit.
468 3444 545 3501 Unde
553 3445 708 3501 nullatenus
719 3448 796 3501 valeo
806 3446 907 3517 despe-

142 3619 220 3689 (822)
234 3620 503 3679 Sanctintoniotitim
519 3623 552 3678 de
567 3622 654 3679 Fonte
669 3623 792 3679 Etiruldi.
816 3623 908 3679 Fontis

106 3690 221 3747 Ebraldi
236 3692 342 3747 nudum
356 3708 454 3749 nomeu
470 3693 585 3749 viilimus
600 3695 647 3747 lib.
663 3709 682 3760 i,
694 3694 772 3765 epist.
783 3696 816 3749 il
829 3697 905 3749 etio.

106 3763 156 3819 llic
170 3763 397 3820 sanctimoniales
417 3766 548 3830 nominat,
573 3765 669 3836 quibus
699 3765 907 3821 celeberrimum

107 3849 140 3891 eo
151 3833 208 3891 laci
224 3837 421 3890 monasterium
437 3835 507 3891 Petri
521 3835 642 3907 episcopi
665 3835 852 3901 pictaviensis,
878 3836 907 3891 in

106 3905 185 3975 cuijus
200 3904 314 3961 dioecesi
328 3907 398 3961 baud
433 3907 545 3961 rocula
573 3908 711 3962 Turonum
740 3908 905 3989 andegavo·

105 3990 226 4048 rumque
242 3974 345 4031 linibus
358 3985 399 4032 est
413 3923 500 4043 focus,
516 3985 581 4032 nutu
599 3986 626 4032 et
644 3978 802 4033 auctoritate
825 3978 907 4032 insti-

105 4046 156 4103 tnit
169 4046 308 4102 ltobertus
322 4046 357 4101 de
372 4047 537 4104 arbrissello
552 4048 575 4104 is
590 4048 624 4102 ad
640 4064 721 4119 quem
741 4049 843 4118 scripta
865 4055 907 4104 est

106 4115 226 4189 epistola
240 4119 275 4171 tt
292 4117 373 4187 hujus
388 4118 459 4173 libri.
472 4118 616 4178 conditum
630 4135 702 4175 anno
717 4120 816 4174 Christi
838 4119 906 4174 libb

105 4195 185 4243 notat
199 4187 367 4245 chronicum
381 4189 541 4245 Turonense
556 4189 598 4245 bis
617 4190 709 4246 verbis
726 4207 733 4245 ε
749 4192 831 4246 Anno
852 4192 907 4248 Do·

105 4259 263 4315 ortatiano
278 4259 438 4317 Fenrtciim
458 4276 497 4316 er.
509 4276 587 4325 xciv,
607 4260 683 4317 Ptiili
703 4264 732 4333 pi
755 4263 829 4334 repis
857 4276 905 4327 xc,

104 4277 907 4404 wantiamPutamcifetmrorpecmniiopoitcitatio

961 3173 1026 3228 dum
1042 3173 1150 3227 Domini
1165 3172 1336 3238 sententiam,
1353 3174 1465 3228 alterius
1478 3175 1591 3231 obedire
1614 3176 1754 3245 uoluntati,

962 3276 1016 3316 non
1032 3269 1150 3316 vestram
1165 3259 1255 3331 sequi.
1276 3259 1330 3315 Sed
1347 3278 1417 3330 quae,
1434 3263 1478 3318 vel
1500 3272 1601 3336 quanta
1624 3264 1702 3319 uobis
1724 3265 1759 3320 ob

962 3350 1014 3405 lioc
1029 3349 1056 3403 iii
1073 3349 1163 3405 tuturo
1178 3364 1283 3404 merces
1299 3350 1506 3420 repromittitur,
1522 3351 1544 3406 si
1569 3352 1638 3408 bene
1661 3355 1757 3409 consi·

961 3438 1071 3506 deratis,
1088 3454 1173 3494 suave
1187 3438 1390 3510 latequauobis
1405 3439 1457 3495 erit
1473 3439 1606 3514 quidquid
1631 3441 1659 3496 in
1683 3460 1757 3515 prae·

961 3616 1136 3672 becillitatem
1150 3613 1279 3670 debilium
1294 3614 1464 3671 confovendo
1473 3617 1691 3692 sustineraquid
1702 3623 1762 3679 nni-

961 3689 1059 3759 cuique
1073 3686 1195 3757 expediat
1211 3685 1366 3757 providere,
1383 3685 1529 3755 tragilitati
1547 3704 1630 3745 sexus
1654 3693 1760 3750 conde-

961 3758 1107 3822 scendatis,
1123 3766 1150 3812 et
1163 3773 1224 3828 qnae
1234 3764 1326 3811 vestra
1341 3760 1502 3813 auctoritate
1528 3759 1686 3826 innituntur,
1711 3780 1760 3821 eaa

960 3830 1010 3884 snb
1026 3837 1117 3884 vestra
1132 3827 1297 3897 protectione
1309 3827 1458 3895 retineatis,
1481 3844 1532 3886 nec
1554 3831 1632 3888 alteri
1661 3834 1757 3904 subjici

960 3899 1059 3963 velitis,
1076 3907 1147 3955 etan
1168 3899 1221 3953 bac
1249 3897 1442 3971 defatigatione
1471 3899 1497 3954 iii
1524 3916 1593 3971 paca
1620 3918 1668 3959 eas
1696 3920 1758 3963 essa

959 3971 1078 4027 faciatis.
1096 3970 1178 4026 Novit
1192 3968 1263 4025 enini
1279 3978 1370 4025 vestra
1384 3971 1513 4028 discretio
1528 3973 1599 4044 quod
1614 3974 1758 4033 animabus

960 4058 1054 4098 earum
1071 4057 1124 4097 noti
1141 4040 1249 4122 expedit
1264 4041 1384 4096 claustra
1412 4044 1572 4098 monasterii
1599 4044 1640 4099 sui
1668 4045 1755 4114 exire,

959 4130 1011 4169 nec
1025 4113 1078 4168 bac
1092 4126 1245 4175 occasione,
1256 4110 1299 4167 nel
1314 4110 1366 4165 alia
1377 4112 1479 4168 seculo
1494 4114 1650 4185 sejungere.
1661 4115 1757 4175 Nostis

961 4185 1043 4250 enim,
1060 4182 1083 4237 si
1098 4190 1198 4238 vestrae
1212 4183 1302 4253 placet
1323 4183 1499 4253 paterniitati,
1530 4185 1602 4256 quod
1628 4185 1756 4255 praetatus

961 4255 1107 4326 episcopus
1123 4253 1260 4322 subJectos
1275 4267 1339 4307 suos
1349 4255 1490 4309 consucvit
1503 4254 1667 4327 inquietare.
1695 4258 1757 4314 Pla-

961 4333 1023 4382 ceat
1037 4325 1119 4394 igitur
1132 4322 1300 4379 excellentiae
1315 4331 1412 4380 vestita
1427 4325 1461 4379 ab
1486 4325 1520 4380 iis
1544 4327 1679 4383 molestiis
1707 4345 1755 4386 aas

104 4400 370 4457 fontisebraudi„
381 4404 552 4458 pataviensi
562 4402 902 4473 dtoecpgisaxrpamrpn.
962 4397 1081 4466 eripere,
1097 4403 1123 4450 et
1137 4402 1166 4449 ut
1180 4393 1206 4448 in
1222 4409 1290 4465 pace
1301 4395 1359 4451 Deo
1372 4394 1538 4462 deserviant,
1554 4398 1594 4453 eis
1603 4398 1629 4452 iii
1638 4400 1757 4457 multitu·

105 4486 169 4527 rnm
181 4478 225 4526 est
239 4470 313 4543 quod
328 4471 362 4527 de
375 4472 479 4553 ingeniti
493 4473 741 4530 sanctimonialium
764 4475 822 4542 ejus
848 4473 902 4529 loci

916 4442 941 4503 D
957 4467 1019 4523 dine
1033 4465 1228 4521 misericordia
1243 4473 1340 4521 vestras
1352 4467 1510 4590 providere,
1522 4469 1572 4523 snb
1583 4472 1753 4539 protectione

105 4557 224 4598 numero
239 4542 330 4613 prodit
346 4542 479 4615 Sngerius
492 4543 589 4610 abbas,
604 4560 664 4601 cuin
689 4544 831 4607 scriberet,
855 4544 907 4600 boc
957 4538 1007 4593 Dei
1022 4537 1092 4602 omli,
1110 4544 1136 4592 et
1151 4544 1243 4592 vestra
1256 4544 1350 4605 aposto

1362 4537 1572 4595 icaauctoritate
1592 4539 1753 4609 contovere,

105 4620 148 4669 est
162 4612 247 4668 annis
262 4613 383 4668 nondum
393 4626 426 4668 ati
439 4621 499 4669 ortu
514 4615 632 4671 coenobii
647 4616 853 4687 quinquaginta.
871 4615 907 4671 ad
957 4618 984 4665 et
998 4617 1151 4688 protegere,
1167 4614 1260 4687 utpote
1275 4614 1378 4687 tantum
1394 4615 1474 4664 tante
1498 4610 1638 4681 religionis
1653 4612 1753 4680 locum,

105 4693 226 4757 quatuor
239 4682 300 4738 iera
314 4692 359 4738 aut
374 4684 497 4756 quinque
512 4686 595 4740 millia
610 4688 785 4748 exerei'isse;
802 4687 853 4741 sed
863 4686 908 4740 di·
957 4696 1038 4752 quein
1052 4695 1113 4734 cuin
1127 4696 1154 4732 in
1170 4678 1293 4758 partibus
1309 4677 1346 4731 illi
1356 4694 1384 4732 iii
1395 4679 1496 4735 scholis
1506 4697 1638 4743 essemus,
1648 4684 1755 4739 nouiter

106 4770 162 4836 gna
176 4763 219 4810 est
234 4754 372 4827 Sugariie
394 4756 482 4822 istola,
497 4773 558 4828 quai
578 4767 689 4827 propter
717 4764 907 4827 argumentum
957 4751 1094 4819 inceptum
1111 4749 1356 4815 essevidimus,et
1376 4764 1426 4819 pio
1456 4752 1504 4806 Dei
1532 4752 1668 4808 volontate
1695 4753 1753 4810 iera

105 4833 218 4898 integra
232 4825 351 4899 legatur.
366 4772 411 4882 gie
425 4842 493 4899 argo
508 4827 601 4884 scribit
628 4829 663 4883 ad
689 4828 841 4901 Eugenium
871 4827 907 4882 lll
957 4821 1091 4893 usquead
1107 4828 1222 4891 quatuor
1236 4828 1281 4874 aut
1296 4820 1418 4891 quinique
1446 4821 1531 4875 millia
1558 4822 1752 4880 sanctimonia-

105 4912 231 4969 itiam:

957 4893 1023 4948 lium
1036 4893 1093 4959 jam
1109 4891 1261 4945 excrevisse
1276 4891 1441 4949 audivimus.
1455 4899 1481 4945 et
1496 4892 1660 4961 gaudemus.
1686 4918 1697 4941 a

992 4966 1066 5033 (32³)
1084 4961 1208 5088 Gppfiido
1223 4960 1256 5016 de
1270 4961 1419 5039 Serpentis.
1431 4961 1567 5017 lllencbns
1576 4962 1753 5031 epistolarum

107 5012 220 5085 Sltdm'l
232 5012 342 5070 “⁶⁶⁰³st
356 5014 684 5098 ‘PWOWEFFWWM
700 5014 736 5069 m
743 5013 908 5087 l’l'0⁸⁶'¹⁶‘5·
957 5033 984 5090 iii
1000 5034 1094 5090 codice
1131 5046 1318 5089 enonianensi.
1335 5030 1466 5085 iratribus
1480 5032 1514 5087 de
1529 5032 1662 5089 Santonis
1682 5037 1754 5093 scri-

296 5086 468 5142 moniotibas
482 5087 578 5144 Fontis
592 5086 717 5143 Ftrntdi.

957 5114 1030 5177 ptam
1046 5112 1138 5159 monet
1154 5120 1160 5165 ;
1177 5101 1248 5173 quod
1263 5100 1407 5166 majorici
1423 5112 1499 5170 parte
1516 5119 1609 5158 verum
1632 5115 1688 5162 est.
1722 5109 1754 5163 lu

145 5204 156 5229 ο
170 5180 343 5237 charissimo
356 5181 468 5238 domino
480 5190 509 5239 et
522 5183 604 5239 Patri.
623 5183 672 5238 Dei
688 5181 777 5254 gratia
800 5195 908 5236 summo
957 5192 1030 5249 pago
1044 5176 1116 5231 enim
1132 5170 1277 5229 Santonico
1292 5179 1333 5226 est
1347 5171 1465 5226 ecclesia
1488 5173 1690 5247 Surgeriaium,
1719 5178 1754 5235 da

107 5259 135 5308 et
148 5250 300 5307 universali
314 5251 433 5322 pontifici
447 5254 573 5325 Eugenio
588 5254 727 5325 sugerius,
745 5253 815 5309 beati
839 5253 907 5306 Dio-

106 5323 179 5394 iipsii
193 5322 291 5387 abbas,
307 5322 472 5380 obedientiae
485 5332 512 5379 et
527 5325 629 5380 seruitii
639 5324 844 5396 plenitudinem.
858 5323 908 5378 Pro

108 5392 252 5449 sororibus
264 5393 338 5517 apud
352 5392 465 5451 Fontem
479 5394 630 5451 Ebraldnm
644 5402 737 5451 sancta
751 5401 777 5448 et
790 5394 848 5449 Deo
862 5407 909 5448 ac·
957 5389 1040 5444 bante
1055 5386 1110 5442 titio
1124 5384 1167 5440 Gn

957 5264 1010 5373 qua
1021 5247 1122 5303 dictum
1138 5244 1185 5298 lib.
1201 5255 1241 5306 ιιι,
1256 5242 1336 5310 epist.
1350 5241 1404 5308 lb;
1426 5242 1545 5316 itemque
1573 5246 1690 5303 ecclesia
1717 5249 1755 5307 de

979 5317 1042 5375 odio
1058 5314 1154 5372 rebelli
1169 5327 1250 5437 quain
1267 5311 1460 5395 Vindocineiisi
1487 5317 1623 5398 coenobio,
1635 5389 1641 5400 ι
1653 5335 1756 5391 appro-

1170 5383 1270 5439 ilelmo
1284 5390 1383 5440 comite
1398 5385 1568 5455 Pictavieuai,
1578 5388 1683 5447 dedita
1725 5407 1756 5447 aa

108 5462 239 5546 ceptabili
253 5478 284 5519 re
296 5462 389 5545 igiqne
402 5464 578 5539 degentibus,
592 5465 811 5538 qnasepiacopns
823 5463 908 5518 Picta·
957 5458 1105 5517 comitissa.
1123 5461 1155 5512 Λι
1171 5453 1259 5510 Olona
1273 5454 1300 5509 iii
1315 5455 1404 5511 littore
1419 5456 1563 5524 Pictavico,
1578 5459 1680 5516 tabulae
1702 5478 1756 5517 uii-

108 5534 225 5617 neasis,
238 5534 438 5619 sub'ecbuiiem
451 5536 488 5592 ab
511 5536 552 5593 eis
575 5537 727 5663 raquipena,
756 5548 908 5618 earumque
957 5529 1096 5586 dationis:
1111 5528 1144 5584 tn
1153 5541 1223 5600 pepo
1237 5526 1412 5614 Pictupiepsi
1428 5529 1611 5587 medietatem
1622 5533 1757 5589 ccclesia·

110 5605 277 5661 abbatissam
318 5604 567 5691 ,nadcaraunolens
580 5607 721 5681 deatigat,
739 5614 910 5677 sanctiapo-
958 5618 1023 5659 ram
1036 5601 1070 5657 de
1087 5598 1174 5686 otono
1188 5613 1253 5653 cum
1267 5598 1600 5683 deipassianorum
1608 5603 1757 5663 otmarum

110 5675 226 5733 stolatus
238 5682 327 5735 rastri
342 5676 542 5747 ealntndmaxii,
570 5694 624 5753 qua
651 5692 798 5753 possamus
813 5688 909 5761 ,praee
958 5669 1398 5732 stometomindceaeontinm.

110 5746 263 5821 polanam,
277 5748 311 5805 ιιι
323 5744 394 5807 aaut
404 5756 505 5810 rutro
516 5750 651 5809 incumbit
662 5746 832 5825 dbcmtioni,
852 5761 908 5805 iiii-
