3780 6038
12 230 15 235 .
112 211 166 269 ,οἳ
665 198 842 256 uenum
869 196 1014 256 ramus
1032 194 1061 254 s,
1086 196 1205 255 rursu
1719 200 1766 258 ru

114 333 246 400 ricordiae,
268 331 331 404 quia
357 352 369 380 e
392 328 466 386 hecti
488 323 684 392 misericordes,
706 324 835 396 quonium
857 324 909 395 ipsi
923 342 952 405 Α
967 323 1076 396 excipit
1092 312 1196 393 Quih'us
1210 322 1323 393 stipatus
1337 323 1468 394 templum
1487 323 1649 398 ingrediens
1675 338 1765 382 emen

114 420 327 480 misericordiam
340 425 549 490 consequentur.
573 438 585 465 u
602 414 676 470 Alius
694 421 784 470 teneat
805 430 912 470 ramum
966 421 1006 469 tes
1020 419 1047 468 et
1061 411 1208 468 vendentes
1220 412 1361 468 columhos
1374 412 1410 469 de
1421 411 1469 468 illo
1486 426 1549 470 oum
1572 410 1696 486 flagellis
1711 414 1767 484 eje-

112 518 292 592 poenitentiae,
309 517 372 590 quia
389 539 400 568 ι
416 515 489 572 hecti
503 512 549 587 qui
563 510 910 585 lecemntpoenitentlem,»
966 501 1012 568 cit,
1033 507 1060 556 et
1078 500 1208 571 templum
1241 499 1284 557 cui
1315 500 1437 574 corporis
1466 500 1687 570 dmolvendum
1723 503 1767 559 aed

114 616 169 666 etc.
188 607 264 664 Alius
290 612 444 664 concremet
476 605 553 660 thura
583 600 744 667 orationum,
775 598 912 657 dicendo:
967 605 1028 671 post
1053 597 1169 655 triduum
1197 596 1417 655 medihcsndum
1443 598 1580 673 predixit.
1609 602 1644 656 ln
1672 600 1767 674 templo

117 697 283 770 ahlrigstur
300 695 385 753 oratio
406 708 477 764 men,
506 699 557 748 etc.
592 690 681 760 (Prot.
707 690 812 761 exul.»
839 688 915 746 Alius
967 687 1057 760 itaque
1071 687 1156 743 multa
1169 686 1249 760 signa
1262 687 1388 756 tamenn.
1403 696 1430 745 et
1450 688 1543 745 ttuhas
1565 689 1693 759 quotidie
1715 705 1769 746 αι-

114 793 207 860 poscat
221 785 249 842 in
260 786 364 843 Christo
375 798 531 856 pauperem,
542 778 718 837 reminiscens
736 777 802 835 illud
822 778 914 833 livan-
968 777 1044 833 lastis
1057 775 1181 833 docebat.
1198 776 1297 833 Verum
1317 777 1381 848 quit
1404 777 1449 833 hie
1468 777 1528 833 dies
1549 779 1685 850 exemplo
1705 779 1771 834 illim

114 877 232 950 geticum
250 894 257 931 ι
272 896 284 924 ι
301 872 380 943 Quod
395 873 489 928 uniex
503 868 623 927 minimis
637 867 705 924 meis
729 867 838 936 lecistis,
862 873 913 922 etc.
969 865 1062 938 polluti
1076 865 1112 921 ch
1126 865 1252 922 universa
1265 866 1385 923 Ecclesia
1398 882 1461 923 cum
1484 866 1586 939 palmis
1606 875 1637 924 et
1664 866 1771 924 nonus

115 965 227 1037 (hatti.
244 966 324 1031 xxv).
346 962 406 1017 siit
420 961 509 1017 nullus
535 959 574 1014 ita
594 956 705 1013 accedat
731 972 832 1014 vacuus
853 961 916 1012 ante
968 954 1128 1024 celebratur,
1142 954 1202 1011 dies
1224 956 1377 1028 palmarum
1401 963 1588 1028 nuncupetur.
1615 956 1701 1013 Feria
1724 972 1770 1013 an·

115 1053 272 1121 Dominum,
288 1059 317 1108 ut
329 1058 483 1107 mereantur
496 1063 591 1106 omues
618 1045 729 1117 zeutan,
759 1053 786 1100 et
813 1052 843 1100 ut
869 1059 916 1100 20⁸
969 1051 1245 1122 temqunrtantuds
1261 1053 1390 1123 traditum
1420 1053 1489 1110 teria
1516 1054 1614 1125 quinta
1644 1053 1724 1126 penis
1747 1061 1771 1111 et

114 1141 292 1215 supersedens
306 1140 403 1198 ducere
423 1147 450 1197 et
472 1153 567 1210 regere
595 1134 630 1192 ad
652 1134 758 1205 palmes
784 1133 914 1189 itiemsa-
968 1141 1061 1199 vinum
1076 1141 1103 1196 in
1117 1156 1215 1214 corpus
1228 1148 1255 1197 et
1268 1141 1429 1214 sanguinem
1444 1141 1503 1213 ejus
1512 1142 1595 1199 nohis
1609 1143 1770 1215 conticitnr;

116 1234 171 1290 lem
184 1230 320 1306 dignetur.
336 1227 423 1304 Igitur
436 1226 605 1301 ingrediente
619 1223 736 1280 Domino
751 1238 812 1279 cum
833 1222 916 1278 turbis
970 1229 1037 1286 teria
1051 1239 1128 1286 sexta
1142 1246 1191 1303 pro
1206 1230 1292 1286 salute
1306 1230 1429 1286 omnium
1443 1230 1615 1306 crucifigitur
1630 1251 1639 1300 ;
1664 1232 1772 1290 sethin

117 1321 264 1389 civitatem,
286 1318 364 1375 turhn
390 1331 536 1389 pueromm
563 1329 596 1370 ec
623 1320 708 1369 totum
735 1312 833 1385 vulgus
853 1326 914 1367 cum
969 1319 997 1375 in
1010 1319 1133 1390 sepulcro
1147 1318 1295 1390 requievit3
1321 1319 1463 1377 [lominica
1482 1336 1499 1377 o
1517 1328 1609 1378 morte
1633 1337 1772 1396 resurgens

115 1417 215 1492 pulmis
228 1416 337 1477 obviam
350 1413 462 1489 promit,
478 1420 505 1470 et
517 1427 612 1487 regem
625 1409 720 1484 gloria
734 1425 796 1467 cum
808 1409 916 1482 hymnis
968 1407 1051 1468 vitam
1066 1415 1093 1466 et
1104 1405 1234 1481 gaudium
1249 1408 1376 1465 omnihus
1389 1406 1418 1465 in
1436 1425 1465 1466 se
1489 1408 1671 1483 sperantibus
1694 1409 1771 1469 dedit

643 1776 709 1880 tlt
760 1769 963 1882 COENA
1000 1771 1246 1880 DOMINI.

737 2016 937 2087 Secundum
962 2017 1147 2086 Jounnem.

154 2191 249 2245 utute
273 2183 346 2243 diem
365 2182 463 2240 testum
486 2181 597 2239 Paschae
624 2181 712 2238 sciens
738 2181 823 2248 iesus,
854 2180 917 2251 quia
929 2180 957 2242 B
970 2179 1032 2236 Non
1046 2178 1151 2236 levabis
1165 2179 1231 2236 mihi
1246 2179 1329 2254 pedes
1342 2180 1370 2238 in
1384 2189 1525 2255 remmom,
1544 2206 1558 2235 e
1575 2185 1632 2244 hoc
1644 2194 1689 2245 est
1704 2203 1770 2246 nm-

118 2278 272 2337 venithom
288 2275 348 2345 ejus
361 2281 390 2329 ut
414 2279 531 2328 transeat
554 2288 588 2328 ex
610 2272 662 2327 hoc
684 2270 786 2326 mundo
806 2268 840 2326 ad
862 2270 916 2325 Pa·
970 2285 1051 2341 quem
1066 2268 1181 2327 invehis.
1198 2269 1422 2329 Sicutesthomo
1445 2273 1558 2330 humilis
1581 2274 1621 2331 ad
1649 2279 1771 2336 moien-

118 2375 197 2437 trem,
212 2382 274 2422 cum
289 2363 426 2419 dilexisset
439 2377 502 2417 suos
515 2361 544 2415 in
558 2359 639 2416 linem
654 2359 748 2416 dilexit
761 2374 808 2415 eos
821 2360 915 2430 (toan.
969 2357 1048 2424 dum,
1060 2357 1097 2413 its
1111 2372 1207 2415 sertus
1220 2374 1276 2415 uon
1288 2360 1459 2432 suscipiendo
1473 2363 1631 2422 seruitium.

119 2458 180 2526 ιιι).
196 2477 207 2505 i
225 2454 327 2510 Pascite
342 2453 482 2508 tramites
496 2450 602 2519 dieitur,
628 2448 691 2520 quia
715 2449 846 2505 Dominus
869 2463 918 2519 per
1008 2455 1185 2526 nitaspondit
1198 2456 1223 2512 ei
1237 2457 1315 2513 iesus
1330 2476 1337 2513 ε
1353 2458 1382 2514 si
1397 2475 1451 2516 nou
1465 2461 1559 2521 lavero
1588 2471 1617 2520 te
1647 2482 1704 2522 non
1728 2468 1772 2524 he·

120 2545 267 2618 AEgpptum
286 2541 399 2609 transiit,
422 2538 573 2612 percutiens
586 2537 766 2611 primogenita
793 2537 861 2608 ejus,
891 2543 918 2592 et
970 2544 1048 2600 nobie
1061 2552 1166 2615 poi-enm
1180 2561 1297 2602 mecum,
1315 2569 1327 2597 ,
1347 2549 1381 2605 p„
1394 2548 1460 2604 dicit
1474 2567 1523 2622 pm
1551 2552 1621 2609 solis
1649 2556 1769 2628 pedum

121 2640 204 2696 Filios
218 2638 300 2696 isreel
323 2637 449 2703 liberans,
475 2642 501 2691 et
527 2634 591 2706 quie
617 2633 664 2689 tilii
691 2634 773 2690 lsrael
800 2632 917 2688 transie—
971 2631 1023 2703 Qui
1043 2650 1098 2690 non
1116 2635 1222 2691 lavatur
1239 2652 1289 2706 por
1312 2637 1476 2709 baptismum
1508 2650 1536 2698 et
1568 2644 1771 2704 oonfeaeiooein

120 2738 183 2787 runt
195 2729 243 2785 ills
256 2735 334 2784 nocte
347 2726 380 2782 de
394 2725 517 2798 AEgyptie
537 2724 674 2780 servitute.
703 2722 783 2793 Quod
810 2720 917 2795 signifi·
970 2723 1144 2794 penitentie,
1161 2739 1215 2780 non
1229 2726 1311 2781 hehet
1324 2735 1428 2799 portem
1441 2746 1503 2786 cum
1516 2731 1590 2789 iesu.

119 2812 539 2876 ontDominumtrunsiturumdo
560 2814 611 2869 hoc
628 2810 777 2868 mundond
799 2813 915 2880 Putrem,
1009 2822 1113 2878 ..pipp
1130 2823 1154 2879 ej
1175 2824 1270 2881 Simon
1288 2826 1403 2883 pm:
1432 2827 1559 2899 Domine,
1587 2847 1649 2889 non
1673 2841 1770 2892 mm

119 2906 329 2977 uttideleseJ'ns
356 2905 389 2960 do
413 2902 607 2974 temporalibus
634 2901 669 2958 ad
697 2900 825 2958 coelestin.
858 2923 869 2950 u
886 2902 917 2956 ln
969 2910 1364 2982 pedesmecs‚sedetmenus
1387 2923 1415 2972 et
1440 2927 1561 2989 caput.»
1591 2922 1715 2981 Temo„
1739 2942 1772 2982 ιχ

120 2997 202 3054 finem
218 2995 312 3052 dilexit
322 3009 394 3060 suos,
412 3015 423 3042 u
441 2992 469 3047 id
485 3000 524 3048 ost
538 2991 565 3047 in
579 2991 708 3063 seipsum.
726 3013 737 3041 o
754 2990 828 3045 Finis
844 2987 916 3046 enim
969 2999 1079 3055 Domini
1098 3004 1274 3073 responsione
1298 3004 1332 3059 de
1355 3005 1475 3075 periculo
1502 3009 1599 3067 salutis
1625 3019 1715 3071 totum
1744 3032 1770 3073 se

119 3087 198 3160 ledis,
214 3084 251 3142 θῑῑ
264 3083 417 3157 Alt⁰⁸¹0¹t¹⁸i
432 3089 473 3136 2⁵²
491 3081 611 3137 Chri-‘³⁸⁰⁸
638 3082 726 3147 (dvm-
748 3082 787 3150 ¹l·
806 3102 817 3128 t
844 3078 917 3134 Finit
970 3087 1047 3144 offert
1061 3089 1096 3145 od
1110 3091 1275 3148 abluendum
1291 3093 1412 3150 turbatus
1425 3111 1518 3154 entore
1530 3106 1557 3154 ot
1571 3099 1685 3161 timore.

118 3190 257 3248 quousque
273 3173 388 3229 feliciter
400 3187 502 3240 eamus,
518 3185 573 3226 non
589 3167 636 3224 uhi
650 3168 795 3225 infeliciter
818 3184 916 3240 poros-
1009 3209 1020 3236 u
1036 3187 1107 3243 Dicit
1121 3188 1145 3243 οἱ
1160 3189 1236 3245 Jews
1252 3209 1259 3246 ς
1275 3189 1328 3260 Qui
1341 3191 1413 3247 lotus
1435 3200 1475 3249 est
1503 3211 1557 3252 non
1587 3198 1698 3274 indiget
1723 3202 1770 3259 nii

116 3290 189 3329 mus.
212 3267 417 3336 Velinfinem‚
437 3267 523 3323 idest
556 3267 584 3321 in
611 3273 736 3334 mortem,
763 3281 818 3322 non
844 3262 917 3335 quod
969 3276 1190 3349 uipnnegpfflg
1205 3279 1306 3336 scilieet
1320 3288 1360 3337 δι
1378 3283 1494 3339 mundus
1514 3294 1596 3343 mus.
1631 3312 1645 3341 Ι
1675 3293 1771 3349 law

116 3368 203 3418 morte
223 3360 378 3416 terminetur
405 3356 501 3413 Christi
530 3355 648 3425 dilectio,
674 3354 722 3410 sod
753 3355 781 3410 in
813 3360 916 3410 tantum
969 3365 1252 3440 gennomesnpfaeier
1265 3369 1357 3441 pedes·
1377 3372 1459 3428 Totus
1484 3374 1569 3432 homo
1599 3377 1721 3437 abluitur
1744 3383 1771 3439 h

117 3450 212 3506 dilexit
231 3447 303 3519 quod
321 3462 405 3517 usque
424 3445 458 3501 ad
485 3452 600 3501 mortem
628 3444 736 3500 ditectio
764 3459 826 3498 eum
857 3458 918 3516 per·
969 3453 1116 3526 baptismo,
1131 3454 1179 3512 sed
1194 3465 1360 3516 tamencum
1375 3459 1403 3515 iu
1420 3461 1501 3519 nehus
1527 3464 1659 3525 humanis
1682 3479 1770 3542 poen.

118 3537 234 3594 duxerit.
250 3537 281 3591 ln
296 3551 349 3606 quo
364 3535 520 3604 exemplum
536 3533 617 3602 dedit,
639 3541 669 3589 ut
690 3548 786 3589 omnes
812 3532 840 3587 in
867 3532 917 3588 Dei
931 3543 957 3611 ss
971 3542 1079 3612 vinitor,
1095 3545 1206 3601 hnmani
1220 3545 1340 3615 effeetus,
1369 3548 1427 3605 sine
1455 3551 1554 3622 quibus
1578 3571 1640 3613 non
1666 3560 1769 3628 siritu,

117 3627 229 3688 veritate
242 3630 418 3699 permaneant
430 3639 515 3695 usque
530 3622 558 3677 in
572 3621 665 3678 linem.
971 3632 1046 3704 qussi
1061 3634 1144 3705 pedes
1156 3642 1227 3702 sunt,
1244 3636 1307 3706 quio
1333 3637 1356 3693 si
1384 3637 1532 3698 dixerimus
1555 3655 1702 3716 peccamen
1721 3666 1771 3707 non

156 3759 168 3785 n
185 3731 277 3806 Surgit
291 3747 307 3788 a
321 3746 398 3787 ooena
412 3736 440 3787 et
452 3729 528 3803 ponit
542 3730 702 3789 vestimentu
722 3745 779 3785 sua.
802 3729 836 3784 Et
855 3744 917 3785 cum
971 3722 1112 3793 hebenum,
1128 3724 1274 3780 mentimur
1287 3726 1310 3796 (l
1323 3727 1404 3784 tono.
1418 3731 1448 3794 ι).
1472 3729 1604 3800 Quotidie
1627 3734 1712 3810 igitui-
1730 3739 1769 3795 in.

119 3822 267 3896 accepisset
300 3821 423 3889 linteum,
457 3819 599 3892 precinxit
634 3836 672 3875 se.
709 3817 814 3875 Deinde
846 3818 918 3875 misit
972 3819 1017 3866 rut
1032 3811 1110 3867 nohis
1124 3812 1208 3883 pedes
1222 3815 1268 3884 qui
1282 3815 1401 3885 qnotidie
1422 3817 1577 3892 interpellet
1604 3840 1658 3898 pro
1685 3828 1769 3886 nohis,

119 3930 217 3988 equom
231 3911 260 3968 in
275 3910 375 3986 pelvim
393 3917 421 3965 et
434 3910 516 3982 eoepit
542 3909 632 3965 lovere
660 3907 742 3983 pedes
769 3907 918 3979 discipulo-
971 3900 1048 3957 Unde
1063 3901 1143 3957 etiam
1159 3903 1279 3973 quotidie
1294 3903 1427 3962 dicimus:
1445 3930 1457 3958 o
1481 3908 1596 3969 nimine
1620 3915 1703 3973 nobis
1724 3917 1770 3975 de,

117 4021 188 4074 rum,
200 4011 227 4059 et
241 4009 381 4074 extergere
396 3999 478 4055 linteo
493 4015 546 4070 quo
565 4006 622 4054 erut
644 3997 815 4068 precinctus.
836 4018 848 4046 u
877 3997 918 4052 Ex
970 3988 1029 4045 hita
1042 3998 1134 4046 nostru
1147 3992 1264 4060 (liciti.
1281 3994 1331 4064 u).
1349 3995 1443 4051 »Etin
1453 3997 1565 4057 Cautico
1581 4005 1769 4065 canticomm:

117 4109 218 4168 magna
232 4090 382 4147 humilitate
398 4105 452 4145 non
476 4088 637 4160 dedignatus
660 4094 699 4142 est
721 4086 811 4142 lusere
835 4086 919 4158 pedes
975 4102 986 4129 n
1002 4079 1067 4135 Lavi
1082 4078 1166 4150 pedes
1180 4097 1265 4149 meos,
1276 4083 1413 4154 quomodo
1422 4084 1571 4156 inquinabo
1580 4090 1771 4167 illost(cont,

119 4184 157 4239 illi
172 4182 253 4238 etiam
268 4180 346 4250 cujus
361 4194 457 4233 manus
480 4176 539 4247 jam
560 4174 728 4247 praertdehnt
750 4174 779 4229 in
800 4176 913 4233 scelere.
972 4167 1010 4239 v).
1029 4192 1040 4217 n
1059 4169 1183 4224 Timennt
1197 4169 1337 4242 inquinare
1352 4172 1435 4244 pedes
1447 4191 1521 4243 suos,
1542 4179 1592 4249 qui
1614 4185 1771 4258 surripiente

118 4271 189 4342 Quid
203 4270 314 4334 mirum,
328 4268 351 4322 si
365 4267 454 4336 posuit
470 4267 639 4332 vestimento,
656 4264 702 4335 qui
723 4280 785 4320 cum
808 4264 836 4318 in
858 4265 917 4320 lor·
971 4273 1063 4314 amore
1079 4258 1204 4314 humente
1218 4258 1315 4328 leudis,
1328 4261 1434 4332 placere
1454 4265 1616 4327 hominihus
1633 4271 1767 4332 effecum,

117 4377 163 4416 ma
173 4359 222 4414 Dei
237 4363 307 4413 osset
320 4357 493 4428 semetipsum
514 4354 690 4410 exinanivit?
713 4355 848 4427 (Philipp.
873 4355 917 4426 ιι.)
970 4346 1125 4402 Notandum
1139 4347 1202 4418 quis
1216 4348 1316 4405 erravit
1342 4351 1443 4422 Petrus,
1469 4370 1503 4410 ne
1535 4373 1588 4414 nos
1612 4377 1770 4435 erraremus,

118 4447 189 4519 Quid
203 4447 312 4513 mirum,
328 4446 350 4499 si
379 4443 520 4515 precinxit
546 4460 574 4498 se
602 4442 692 4512 linteo,
724 4443 769 4513 qui
799 4443 917 4499 formum
971 4451 1032 4492 tum
1047 4453 1076 4492 80
1091 4443 1173 4492 totum
1189 4437 1334 4494 lavandum
1356 4440 1415 4497 D⁰0
1441 4442 1548 4501 Obtulit·
1583 4448 1677 4520 Quem
1704 4454 1772 4511 Deus

117 4537 188 4594 serui
203 4533 581 4606 aecipiensmhitutnrontus
595 4539 634 4587 est
648 4530 801 4587 uthomot
821 4533 916 4603 (ibid.)
971 4526 1087 4581 correxit
1101 4525 1245 4582 ostendens
1259 4530 1343 4585 semel
1371 4529 1536 4604 baptizatum
1559 4553 1620 4596 non
1647 4557 1707 4600 esse
1727 4560 1771 4602 re-

118 4626 189 4697 Quid
205 4623 313 4688 mirum,
329 4621 352 4676 si
366 4621 438 4675 misit
452 4637 550 4691 nquam
567 4621 594 4674 in
609 4620 719 4692 pelvim,
744 4621 815 4675 unde
839 4621 916 4676 lave·
969 4614 1170 4685 baptizandum.

116 4713 255 4785 retpcdcs
269 4710 471 4782 discipulomm,
501 4709 547 4780 qui
576 4710 604 4764 ³¹¹
632 4716 728 4765 mm
756 4710 915 4782 sangninffln
1010 4733 1071 4787 ulit
1085 4749 1133 4788 vos
1157 4734 1250 4790 mundi
1275 4735 1347 4807 estis,
1371 4737 1419 4794 sed
1445 4755 1502 4797 non
1526 4757 1638 4803 omnes.
1668 4748 1773 4809 Seiehet

118 4804 195 4871 ludit,
211 4798 477 4901 quoimmunditiam
493 4798 606 4854 dilueret
623 4800 822 4898 peccatorum?
845 4797 917 4868 Quid
971 4821 1043 4878 enim
1064 4823 1186 4893 quisnam
1206 4833 1276 4881 esset
1293 4827 1337 4898 qui
1364 4827 1480 4886 imperet
1511 4848 1592 4892 gum·
1632 4838 1774 4914 prom

117 4893 226 4959 mimm,
241 4906 263 4945 ⁸¹
278 4889 360 4988 ¹¹¹¹¹¹⁰⁰
378 4902 438 4988 'quo
467 4895 523 4943 esai
551 4896 710 4987 Psfflsslsstius
736 4886 819 4958 pedes
848 4903 1039 4970 tu⁰⁸Ddixit
1055 4930 1060 4967 :
1079 4913 1139 4969 Non
1154 4914 1215 4969 estis
1225 4913 1319 4969 mundi
1332 4930 1435 4973 omnes.
1451 4919 1600 4993 Postquum
1616 4943 1686 5003 ergo
1713 4932 1774 4989 lsrit

115 4985 479 5076 lave1·stterstt,qutcarno
508 4992 561 5076 qun
584 4985 641 5033 erut
664 4977 772 5031 indutus
798 4992 916 5050 evenge-
970 5001 1054 5072 pedes
1067 5017 1171 5071 eorum,
1187 5004 1292 5076 accepit
1307 5005 1465 5063 memmi„
1479 5026 1540 5067 gua·
1557 5012 1594 5070 Et
1614 5032 1678 5075 oum
1704 5037 1774 5078 m,

116 5073 235 5128 listarum
251 5073 366 5139 vestigia
380 5066 549 5123 confirmavit
562 5067 576 5121 ‘l
969 5091 1079 5162 buissel,
1089 5092 1185 5148 iterum
1200 5093 1268 5147 dixit
1281 5093 1320 5149 eis
1333 5093 1430 5151 :Scitis
1443 5099 1508 5169 quid
1521 5100 1637 5163 iwerim
1653 5109 1769 5167 noune·

151 5172 229 5228 l'enit
243 5185 309 5241 ergo
324 5170 358 5224 ad
373 5169 512 5226 Simonem
528 5169 645 5235 Petrum,
671 5177 698 5225 et
724 5168 789 5226 dicit
811 5169 835 5225 ti
860 5171 913 5226 Pt-
968 5182 1026 5238 Hoc
1058 5182 1114 5237 vult
1146 5182 1250 5254 operire
1283 5183 1355 5254 quod
1391 5185 1470 5244 Petm
1503 5188 1636 5253 dixerat:
1667 5221 1681 5249 ι
1701 5198 1772 5257 Sciet

115 5269 171 5318 tros
187 5278 193 5313 :
211 5281 222 5308 ι
240 5257 366 5325 Domine,
383 5265 410 5313 tu
424 5258 580 5358 mihinlavns
595 5259 695 5358 podest
714 5282 725 5306 u
743 5261 854 5315 Nonest
867 5261 913 5315 in·
968 5277 1056 5327 notem
1072 5279 1174 5344 postea.
1193 5294 1204 5320 n
1221 5272 1330 5344 Mystice
1343 5289 1430 5344 coenn,
1444 5273 1471 5331 in
1487 5294 1542 5349 qua
1555 5296 1622 5341 ctttn
1636 5284 1773 5364 discipul'u

116 5347 292 5420 telligendum
308 5347 380 5417 quod
394 5355 455 5417 post
467 5348 573 5417 sliquos
596 5355 713 5403 venisset
736 5349 769 5403 ed
793 5348 910 5418 Petrum,
966 5360 1098 5416 Dominus
1130 5359 1275 5428 recubuit,
1307 5361 1442 5435 significet
1474 5373 1584 5443 tempus
1616 5376 1770 5437 unium

114 5438 162 5496 ned
173 5438 209 5494 ah
222 5436 268 5492 illo
282 5435 382 5508 incepit
396 5437 508 5491 larvatio.
537 5437 698 5510 Expavescit
722 5452 788 5511 ergo
809 5438 912 5510 primus
966 5466 1019 5520 qno
1035 5450 1092 5522 ipse
1106 5451 1280 5520 oomoreliter
1293 5452 1319 5506 in
1335 5452 1455 5512 Ecclesia
1473 5455 1645 5531 demereno,
1669 5474 1699 5525 oe
1719 5468 1769 5527 d..

113 5526 296 5603 apostolomm
311 5523 383 5595 quod
394 5525 466 5579 Deus
481 5525 553 5580 lauet
566 5526 670 5581 homini
684 5526 776 5596 pedes.
965 5539 1044 5611 pibus
1059 5540 1133 5595 vorhi
1148 5539 1271 5595 saluteris
1285 5556 1317 5596 oc
1331 5541 1524 5603 miraculorum
1534 5548 1685 5615 dnloedine
1700 5574 1767 5617 onn-

152 5656 163 5683 ι
179 5627 328 5700 Respondit
341 5627 427 5696 Jesus,
442 5632 469 5683 et
484 5625 549 5681 dicit
561 5627 608 5683 ei:
638 5628 718 5699 Quod
744 5645 797 5702 ego
826 5629 908 5700 loeio,
964 5636 1020 5686 ctos
1033 5627 1126 5684 tidelm
1148 5629 1232 5699 pavit,
1259 5637 1286 5684 et
1310 5628 1364 5687 tide
1378 5645 1410 5688 sc
1424 5630 1573 5697 dilectione
1601 5642 1766 5705 usitatim

112 5722 200 5782 nescis
211 5718 304 5792 modo,
320 5717 388 5776 scies
406 5722 497 5776 eutem
519 5722 622 5788 postea.
647 5718 719 5775 hicit
741 5719 766 5774 ei
790 5718 906 5777 Petrus:
964 5718 1023 5791 ipse
1036 5726 1128 5791 pastus
1140 5725 1189 5775 est.
1205 5718 1768 5807 Sunnxitergoaooent‚otponlmtl·
