3780 6038
102 274 153 329 ddi

708 267 823 323 Ghs'tn
843 267 950 323 ts't‘tsc.
971 267 1143 322 rutnans.
1702 266 1752 321 toa

102 398 182 451 ribus
196 396 268 453 adeo
282 395 390 468 antiqua
405 395 532 467 prodigia
551 402 728 457 renovantur,
744 395 808 448 dum
827 393 904 448 trice·
918 399 946 457 Α
961 393 1094 464 gelranno
1115 389 1147 420 ”⁰
1158 391 1227 447 duos
1242 407 1353 448 mansos
1368 392 1472 447 invilla
1489 408 1548 464 quse
1562 392 1660 448 dicitur
1683 391 1753 446 Por-

103 486 176 541 simo
192 488 250 554 (08)
269 486 327 555 ejus
348 484 512 555 praesulatus
534 483 565 513 '⁶⁰
587 499 669 550 anno,
691 498 788 539 cruces
815 498 903 553 appa-

104 582 218 629 ruerunt
233 575 261 628 in
275 572 409 639 vestibus,
427 589 493 644 quas
508 570 697 641 Omnipotens,
713 582 741 626 ut
756 572 781 625 in
791 569 905 626 historio

105 662 295 719 ecclesiastica
309 661 426 734 legimus
441 663 509 733 (00),
532 661 566 716 ad
590 660 743 716 infidelium
761 659 904 715 confutan-

105 752 171 808 dam
188 751 406 808 incredulitatem
430 750 494 803 sinit
516 764 650 820 apparere
673 749 846 803 mortalibus.
860 800 864 806 ,
879 748 905 800 la

107 847 259 920 adquisivit
273 846 341 906 sedi,
359 845 402 900 cui
417 844 636 915 pontificabatur,
667 843 785 899 alodium
819 842 850 871 '⁰¹
878 843 904 898 in

106 937 207 991 Boiaco
218 936 276 1002 (70)
286 934 322 988 ab
335 931 367 962 '⁶'
380 933 552 1005 Angelberto
567 930 608 998 ¹⁰²,
625 941 682 987 eta
707 933 833 986 Fulmaro
856 931 906 985 sil-

106 1049 170 1089 vam
187 1033 213 1087 in
228 1032 315 1086 Brieri
331 1031 411 1085 valle.
428 1028 535 1102 Quique
550 1045 566 1085 a
582 1045 649 1103 rege
665 1030 766 1085 Ottone
792 1030 907 1100 adeptus

107 1130 149 1179 cst
164 1122 301 1176 abbatiam
319 1120 399 1174 hledii
413 1119 585 1184 monasterii,
613 1133 646 1173 ea
668 1118 730 1191 lege
754 1125 781 1172 nt
804 1118 907 1173 Frede-

108 1212 183 1267 ricus
198 1210 262 1272 dux,
280 1209 345 1263 dum
361 1208 511 1274 adviveret,
528 1208 697 1263 advocatiam
715 1206 851 1274 retineret,
875 1221 908 1262 ac

107 1299 231 1371 pontilari
247 1296 424 1368 praebendam
440 1296 493 1352 loci
510 1296 661 1363 ordinaret,
687 1309 802 1367 postque
826 1293 907 1350 finem

110 1396 192 1451 ducis
206 1401 264 1450 tota
278 1393 388 1447 abbatia
399 1393 434 1447 ad
457 1392 615 1463 episcopum
640 1391 804 1462 perveniret.
830 1390 908 1445 Telo-

110 1500 196 1539 neum
211 1497 321 1554 qnoque
336 1482 456 1536 civitatis
467 1489 493 1535 ct
510 1481 667 1535 comitatum
683 1496 734 1551 per
744 1488 908 1551 praeceptum

108 1573 186 1644 regis
198 1571 318 1627 lleinrici
333 1569 364 1599 ¹⁶⁴
379 1571 495 1640 optinuit
518 1571 574 1638 (71)
600 1569 791 1640 abbatiamque
819 1567 908 1622 Pauli·

108 1663 270 1717 niacenscrn
281 1667 306 1713 et
318 1659 461 1713 Derersem
487 1656 517 1686 '⁰⁸
541 1666 621 1728 atque
648 1658 683 1713 de
711 1656 816 1712 Odonis
845 1655 908 1710 villa

958 488 1011 545 tus,
1027 489 1054 534 et
1068 481 1103 535 ab
1118 481 1234 537 Hancne
1252 480 1284 510 ”¹
1298 482 1442 537 ecclesiam
1457 481 1492 536 de
1506 481 1571 535 villa
1581 480 1753 536 bladinillic

960 585 1080 647 ternpore
1095 576 1201 633 Ottonis
1216 578 1388 649 imperatoris
1403 578 1526 649 probavit
1542 594 1602 634 eum
1624 581 1656 636 ts
1678 576 1755 648 inge·

959 666 1018 719 auis
1035 665 1189 720 horninibus
1216 675 1312 721 eontra
1339 666 1505 721 abbatissam
1535 667 1571 722 de
1600 665 1752 733 Andelach,

960 754 1080 809 bodonis
1095 755 1289 809 monasterium
1305 772 1366 811 esse
1378 756 1530 825 subjectum
1546 755 1671 811 ecclesiae
1690 772 1754 811 san·

960 843 998 897 cti
1015 842 1154 912 Stephani,
1172 844 1245 898 etab
1274 844 1372 898 eodem
1400 845 1564 914 imperatore
1592 850 1688 900 nactus
1712 853 1755 901 est

960 930 1134 986 medietatem
1150 930 1250 987 telonei
1266 932 1300 986 de
1319 940 1410 988 monte
1438 934 1526 988 sancti
1552 933 1652 1003 Eliphii
1680 934 1750 999 (78).

962 1029 1035 1084 ldern
1052 1029 1204 1100 impetravit
1218 1029 1253 1083 ab
1276 1029 1403 1085 Heinrico
1425 1045 1491 1102 rege
1520 1045 1567 1100 per
1589 1030 1754 1098 adjutorium

961 1118 1098 1172 Ebahnrdi
1118 1117 1149 1145 ”¹
1163 1117 1280 1183 comitis,
1296 1118 1424 1190 quicquid
1439 1119 1497 1188 ipse
1519 1134 1566 1173 rex
1595 1120 1755 1190 possidebat

962 1206 988 1260 in
1004 1206 1132 1261 Gundulh
1144 1206 1282 1275 villam).
1298 1205 1351 1274 Qui
1362 1209 1419 1275 (80)
1436 1205 1499 1262 ielix
1513 1207 1555 1260 vir
1570 1208 1596 1261 in
1613 1208 1697 1263 semel
1713 1225 1756 1264 ar·

963 1302 1039 1365 repto
1056 1296 1195 1365 proposito
1211 1295 1275 1349 honi
1289 1295 1381 1364 operis
1386 1295 1491 1367 jugiter
1505 1296 1630 1350 omnihus
1641 1297 1756 1353 mirabi-

962 1382 1015 1438 lem
1032 1384 1181 1438 extendens
1195 1383 1404 1450 animositatem,
1421 1384 1523 1453 postia
1543 1383 1642 1438 Christi
1662 1386 1756 1439 militia

962 1472 1123 1541 multiplices
1139 1471 1427 1542 labores,qumh·ienni
1438 1472 1572 1543 languore
1590 1472 1661 1540 ¹”,ut
1680 1474 1757 1529 aliter

961 1561 1012 1615 tob
1028 1576 1045 1615 a
1060 1561 1174 1616 Domino
1190 1560 1331 1631 probatus,
1349 1562 1381 1615 tt
1406 1561 1446 1615 sui
1475 1561 1650 1632 episcopatus
1673 1577 1756 1630 anno,

963 1658 1058 1712 lidus
1074 1657 1241 1727 Septembris
1255 1658 1330 1727 (962)
1346 1657 1454 1714 caelicas
1470 1660 1584 1714 recessit
1607 1660 1641 1714 ad
1667 1661 1757 1716 sedes.

108 1757 198 1812 solide
213 1755 345 1826 possedit.
363 1754 451 1808 Isdem
472 1753 502 1783 '⁰⁴
518 1771 566 1825 per
579 1755 767 1810 concambium
782 1752 812 1781 ¹⁰⁷
833 1753 906 1809 dedit
921 1758 947 1816 Β
964 1746 1076 1800 Delatus
1091 1761 1156 1817 ergo
1172 1760 1187 1799 a
1203 1744 1278 1800 clero
1293 1753 1319 1798 et
1334 1746 1435 1817 populo
1446 1747 1472 1800 in
1483 1748 1641 1802 buxeriensi
1658 1747 1689 1777 ¹¹⁴
1700 1764 1759 1804 coe-

109 1846 238 1903 hrclrado
250 1842 281 1871 '⁰⁸
295 1845 424 1914 episcopo
437 1844 619 1915 linguonensi
634 1844 772 1897 abbatiam
797 1844 830 1898 de
856 1844 910 1897 l'a·

108 1934 203 1992 sannis
222 1932 263 1997 ¹⁹⁹,
280 1942 305 1988 et
334 1942 447 1988 econtra
472 1934 620 1988 Archadns
640 1930 670 1959 ¹¹⁰
691 1932 766 1986 dedit
789 1930 910 1987 Tullensi

109 2024 242 2095 episcopo
255 2019 285 2049 '¹¹
301 2020 430 2092 quicquid
445 2021 472 2075 in
488 2021 604 2075 Bosonis
620 2029 712 2078 monte
723 2022 780 2092 (is)
804 2029 833 2075 et
860 2021 911 2075 Ur-

109 2111 178 2169 socii
193 2112 258 2166 villa
273 2118 300 2165 ct
314 2108 566 2181 Scjouzvidebatnr
585 2111 695 2164 habere.
721 2111 841 2178 Adeptus
871 2115 911 2162 est

109 2200 222 2257 ctiama
242 2199 362 2271 Rotgero
384 2195 416 2225 ¹¹²
428 2197 528 2253 comite
542 2198 669 2253 Amboldi
690 2196 720 2224 ¹¹⁸
739 2198 827 2251 villam
853 2197 910 2266 (73)

110 2285 136 2341 iu
151 2283 399 2357 pagoOrdonansi
419 2281 534 2347 ¹1⁴iil),
565 2292 592 2339 et
619 2285 654 2338 ab
683 2284 740 2338 lira
769 2283 911 2338 ‹remitissa

110 2380 292 2453 tngeriaean
312 2376 343 2405 ²¹⁸
359 2379 418 2450 (ib)
434 2378 523 2435 villain
539 2394 601 2434 curn
617 2379 731 2450 capella,
748 2384 775 2434 et
790 2379 909 2434 llolisia-

111 2485 184 2533 cam,
195 2477 222 2525 et
237 2467 332 2522 villam
345 2483 405 2538 quae
415 2467 517 2523 dicitur
530 2467 712 2523 Girinricinus
728 2469 794 2538 (iti),
807 2469 910 2523 eth'nr·

965 1833 1057 1897 nobie,
1074 1832 1274 1905 dignissimam,
1291 1834 1361 1888 sicut
1384 1834 1480 1888 vivens
1496 1835 1625 1903 jusserat,
1655 1838 1760 1907 accepit

966 1923 1144 1993 sepulturam,
1161 1921 1230 1976 inter
1243 1923 1341 1976 charos
1357 1922 1504 1994 virginum,
1521 1924 1653 1994 quasillis
1668 1925 1760 1995 plnres

964 2034 1080 2073 numero
1096 2016 1155 2071 vitre
1169 2016 1342 2072 districtioris
1357 2027 1565 2090 aggregaverat,
1583 2018 1672 2090 longis
1685 2037 1749 2077 secu

967 2107 1001 2160 lis
1014 2106 1041 2160 in
1057 2105 1105 2160 Dei
1121 2104 1245 2160 laudibus
1261 2105 1439 2160 excolendam
1460 2104 1501 2161 ''‘.

1001 2207 1044 2260 3l.
1062 2206 1170 2261 interea
1184 2207 1241 2275 (81)
1257 2207 1357 2262 domno
1371 2206 1501 2264 Cauzhno
1524 2207 1660 2264 Tullensis
1688 2210 1761 2267 sedis

965 2293 1091 2365 pontifice
1109 2294 1192 2349 rebus
1202 2295 1329 2348 humanis
1344 2302 1463 2365 exemto,
1489 2296 1535 2368 qui
1563 2312 1671 2351 morum
1699 2299 1761 2354 illu·

967 2383 1029 2437 stris
1043 2382 1230 2446 sanctimonio,
1248 2382 1417 2455 angelorum.
1434 2389 1463 2439 ut
1478 2384 1625 2453 credimus,
1649 2386 1763 2442 incaelis

967 2479 1008 2526 cst
1024 2471 1125 2526 ascitus
1141 2471 1289 2535 consortio,
1300 2470 1378 2541 plebs
1394 2472 1500 2528 Leucha
1513 2473 1763 2545 gravitermerebut

110 2557 291 2612 dallivadUffl
311 2552 352 2619 '¹⁸³
370 2556 734 2626 etparteminllnchuliaoo
756 2554 796 2621 Μ,
814 2565 839 2610 tl
862 2558 913 2612 Ra·
948 2568 1031 2622 -tanti
1043 2568 1139 2622 orbata
1163 2568 1280 2638 pastoris
1310 2568 1417 2624 solatio.
1447 2570 1512 2624 Erat
1537 2578 1601 2626 tunc
1630 2574 1762 2643 temporis

111 2647 185 2703 (laidi
202 2645 296 2700 Villam
314 2644 381 2716 (ll),
407 2652 434 2698 el
463 2644 556 2699 Slosslll
584 2644 685 2713 villain,
713 2653 739 2700 el
767 2645 912 2701 ecclesiam
966 2656 1134 2710 venerandus
1145 2656 1234 2710 Brimo
1250 2657 1408 2726 Aggpipinae
1419 2657 1543 2712 ecelesia)
1558 2674 1679 2713 summus
1690 2676 1761 2731 pon.

111 2734 286 2808 quaereitur
304 2729 334 2758 '¹⁸
349 2733 375 2786 tn
389 2733 451 2787 itha
467 2733 600 2799 blaseius,
618 2742 644 2788 et
663 2740 768 2804 partem
789 2734 912 2789 eoeleste
967 2745 1040 2811 riter,
1056 2744 1100 2815 qni
1116 2744 1142 2796 tn
1157 2751 1211 2798 tota
1226 2743 1373 2799 Germania
1388 2744 1494 2816 sintque
1505 2745 1624 2800 tintrimts
1640 2750 1761 2817 panthus

110 2832 138 2887 ia
152 2831 260 2887 Rameli
280 2829 311 2859 ’¹'
329 2829 405 2896 nlla,
421 2847 482 2902 quas
496 2830 603 2885 solvitti
618 2831 721 2886 solidos
736 2850 746 2899 ,·
761 2840 790 2887 et
803 2830 839 2886 ab
855 2834 914 2904 dn,
969 2833 1125 2904 imperiales
1137 2832 1236 2904 agebat
1250 2832 1333 2898 vices,
1358 2841 1449 2904 utpote
1469 2835 1556 2906 hlogni
1578 2835 1688 2892 Ottonis
1712 2853 1761 2892 au-

767 2985 882 3040 VARIAE
901 2984 1106 3041 LECTIONES.

160 3079 191 3110 ”⁴
239 3081 455 3152 episcopatust.
495 3078 525 3108 ¹⁰¹
542 3079 650 3135 alodum
666 3085 692 3136 3.
750 3079 959 3138 ¹⁰¹decstt.l.
1018 3078 1052 3107 ¹⁰¹
1080 3080 1229 3152 angeberto
1258 3081 1303 3135 ll
1359 3079 1389 3109 '⁰‘
1419 3082 1522 3138 henrici
1554 3084 1578 3137 l.
1608 3089 1637 3141 et
1662 3087 1756 3167 infre.

111 3150 144 3183 ”¹
166 3151 655 3207 deverscrnl.corr.derversern2
701 3150 816 3206 ¹⁰⁶ldem
845 3157 872 3206 a.
902 3156 932 3209 3.
969 3151 1175 3208 mconcnhrnni
1203 3152 1233 3206 0.
1273 3149 1303 3179 ¹⁰⁸
1330 3153 1449 3207 achardo
1478 3157 1507 3208 3.
1545 3152 1758 3212 '⁰'uerennrst.

111 3224 144 3254 '¹⁰
179 3222 377 3278 archardnsh.
396 3223 570 3278 achardush.
590 3221 831 3278 ’¹¹ecclesim23.
854 3221 1001 3297 '¹'rogero
1031 3226 1054 3276 l.
1078 3219 1107 3249 '¹⁸
1136 3220 1245 3276 ambodi
1277 3226 1305 3275 3.
1329 3220 1361 3250 '¹¹
1389 3223 1550 3278 ordernensi
1580 3229 1607 3279 3.
1649 3225 1679 3255 ¹¹⁵
1707 3244 1759 3282 an-

111 3295 290 3395 gpiacamb.
325 3292 552 3348 ²¹‘ualumcor·r.
573 3293 709 3347 uabunil.
730 3292 961 3351 ’terentianas
991 3292 1324 3363 ¹¹⁸invillaquaedicitur
1346 3296 1374 3347 3.
1412 3292 1442 3321 ’¹'
1470 3296 1553 3350 remei
1581 3301 1759 3354 2.ramev3.

166 3364 324 3436 angelanno
353 3367 377 3416 l.
405 3361 434 3391 ”¹
463 3365 578 3417 hamone
608 3366 634 3418 ³.
676 3363 816 3419 ²¹¹ehardi
843 3369 868 3419 3.
890 3363 921 3393 ”⁸
945 3366 1059 3436 langore
1088 3367 1117 3418 l.
1150 3378 1270 3434 semper.
1316 3361 1486 3419 '⁸‘ltuxiensi
1511 3371 1539 3420 t.
1565 3365 1596 3395 ¹¹⁸
1621 3370 1674 3425 lioc
1702 3357 1761 3426 loco

112 3441 144 3494 2.
163 3438 251 3492 uitam
266 3434 293 3490 S.
311 3434 428 3489 Gercrdi
443 3451 461 3488 a
480 3435 597 3491 ll'itlrioo
612 3436 748 3506 scriptam
764 3438 895 3502 irtsernit,
912 3438 944 3491 in
957 3441 983 3490 3.
999 3452 1062 3491 nero
1075 3434 1132 3490 ltcec
1147 3450 1184 3490 cr
1199 3435 1258 3506 ipro
1288 3440 1423 3505 excerpto
1453 3437 1597 3507 leputatur.
1627 3439 1761 3511 Omnipo-

112 3514 277 3563 tensautem
295 3504 569 3575 Deus,quigregem
587 3506 743 3560 hereditatis
769 3507 815 3559 tilii
831 3507 884 3571 sni,
902 3523 935 3561 ne
950 3506 1055 3561 insidiis
1070 3514 1097 3561 et
1110 3506 1208 3576 praedoe
1222 3505 1374 3574 diripientia
1403 3506 1505 3561 inimici
1533 3517 1635 3579 pateat,
1665 3522 1759 3580 pasto-

113 3594 174 3634 rum
187 3577 376 3632 benedictione
391 3580 560 3640 consolatur,
577 3576 732 3641 ecelesiam,
748 3578 863 3631 rectoris
878 3579 974 3632 solatio
987 3577 1141 3631 destitutam
1158 3574 1336 3630 interducias
1353 3576 1436 3630 seculi
1457 3578 1553 3646 jactari
1574 3580 1632 3636 sine
1653 3582 1761 3655 remige

112 3649 223 3714 nolens,
240 3648 369 3709 visitavit,
384 3646 464 3716 eique
478 3655 503 3700 ut
521 3647 636 3701 domnus
651 3646 749 3715 praesul
763 3646 902 3701 Gerardus
917 3654 1057 3719 praeesset,
1072 3646 1199 3701 instituit.
1215 3644 1267 3714 Qui
1281 3655 1425 3717 antequam
1442 3649 1523 3703 sciret
1546 3666 1644 3706 vocare
1658 3662 1760 3721 patrem

117 3729 145 3777 et
158 3727 286 3783 matrem,
298 3718 414 3788 quodam
430 3718 565 3787 praesagio
573 3718 733 3788 designatus
748 3717 904 3787 episeopus,
914 3719 996 3774 scolis
1012 3719 1137 3786 traditus,
1155 3717 1218 3771 hinc
1233 3716 1374 3771 clericatus
1390 3717 1493 3774 honore
1508 3721 1534 3773 in
1545 3722 1661 3777 ecclesia
1676 3724 1761 3779 sancti

116 3792 187 3846 Petri
202 3788 389 3858 apostolorum
407 3787 536 3857 principis
551 3790 623 3858 apud
639 3789 777 3843 Coloniam
794 3790 920 3853 donatus,
937 3799 964 3842 nt
979 3789 1164 3843 nobilissimus
1179 3788 1307 3842 nohitner
1322 3797 1366 3842 est
1376 3787 1514 3844 educatus.
1531 3793 1588 3847 Nec
1604 3792 1688 3848 multo
1698 3803 1762 3864 post

113 3860 223 3933 augusti
238 3858 345 3916 Ottonis
358 3859 528 3922 auctoritate,
545 3868 642 3928 agente
655 3875 763 3929 quoque
779 3875 910 3930 germano
926 3860 986 3930 ejus
1001 3860 1101 3913 domno
1116 3859 1242 3913 lit-unone
1256 3857 1410 3912 Coloniensi
1426 3861 1616 3929 archipraesule
1632 3880 1760 3920 irnacnn·

114 3940 221 3989 ciorum
237 3929 432 3985 acclamatione
446 3929 557 3993 electus,
574 3932 589 3983 l
607 3931 665 3984 Kal.
682 3930 783 3997 Aprilis
798 3931 967 3985 Leirehorum
980 3930 1053 3984 urhis
1069 3939 1190 3983 sacratus
1210 3938 1251 3982 est
1266 3928 1388 3983 antistes.
1415 3929 1453 3983 De
1478 3933 1554 3999 cujus
1582 3935 1760 3988 ammirandis

117 4003 249 4074 operibus
263 4002 340 4071 plura
356 3999 432 4053 ellari
448 4001 670 4069 supersedemus,
687 4001 747 4071 quia
763 4017 821 4062 eus
838 4002 1078 4055 memorandarum
1091 4001 1219 4053 virtutum
1246 3998 1316 4053 liber
1340 4015 1425 4068 penes
1454 4017 1505 4054 rios
1533 4003 1672 4058 retinetur.
1707 4007 1759 4058 llic

115 4075 233 4130 adentus
248 4080 289 4127 est
303 4078 482 4142 praeceptum.
561 4071 695 4124 abbatiam
709 4072 858 4141 usurpavit.
875 4088 903 4127 c.
923 4076 954 4125 st
976 4072 1098 4126 ll'idrici.
1117 4070 1257 4123 Praelihato
1272 4077 1361 4123 autem
1376 4070 1425 4124 [lei
1441 4073 1550 4139 praesuli
1560 4089 1695 4128 sumntum
1712 4075 1761 4128 luit

116 4144 237 4201 studium
250 4149 278 4196 tn
293 4139 498 4197 constructione
514 4141 562 4195 Dei
578 4142 765 4206 ecclesiarum,
782 4159 843 4211 quas
859 4151 885 4197 et
899 4143 1036 4197 decorarit
1052 4140 1196 4210 exoptabili
1212 4156 1332 4203 munere,
1357 4139 1534 4263 plurimorum
1563 4144 1666 4199 scilicet
1695 4162 1760 4198 san-

115 4224 225 4272 ctorum
238 4212 411 4284 pignoribus.
433 4211 572 4266 basilicam
587 4228 642 4266 suae
658 4212 730 4267 sedis
746 4228 762 4267 a
777 4212 959 4267 fundamentis
977 4212 1120 4281 reparavit,
1132 4226 1193 4265 eum
1209 4209 1319 4281 reliquis
1334 4210 1356 4263 si
1377 4210 1385 4264 i
1399 4212 1512 4266 annexis
1535 4214 1670 4270 ecclesiis.
1695 4217 1761 4271 San-

116 4295 169 4343 ctae
183 4300 294 4366 quoque
311 4283 360 4338 Dei
373 4282 515 4354 genitricis
525 4282 668 4338 ecclesiam
681 4285 758 4352 juxta
773 4283 956 4354 pontificalem
977 4297 1112 4338 conteram
1135 4279 1309 4350 officinasque
1337 4281 1379 4334 sui
1408 4281 1499 4352 palatii
1525 4282 1633 4340 decenti
1657 4286 1761 4342 honore

116 4363 283 4414 construxit.
300 4355 438 4411 abitatiam
453 4353 540 4408 sancti
555 4354 689 4410 hlansueti
705 4354 784 4424 primi
800 4355 879 4422 hujus
899 4353 973 4408 sedis
991 4351 1126 4423 pontilicis
1153 4367 1223 4422 pene
1246 4351 1411 4405 adnullatam
1437 4353 1465 4407 in
1491 4354 1633 4411 decentem
1662 4367 1761 4412 statum

116 4427 247 4493 restituit,
263 4426 325 4494 ejus
340 4439 356 4479 a
371 4424 555 4479 fundamentis
570 4425 723 4480 coettohium
740 4426 882 4480 restruxit.
896 4425 988 4480 Sancti
1004 4439 1112 4495 quoque
1122 4420 1248 4492 Gengulii
1261 4423 1395 4476 abhatiam
1409 4423 1443 4477 ad
1459 4427 1637 4481 meridianum
1666 4430 1761 4483 introi·

116 4505 175 4555 turn
192 4496 306 4553 civitatis
321 4496 425 4566 primns
441 4495 567 4562 extruxit,
585 4495 741 4567 ibidemque
755 4494 988 4551 sanctimonialum
999 4502 1098 4549 curtum
1110 4494 1160 4547 suh
1175 4492 1291 4547 normali
1306 4493 1400 4566 vigore
1416 4495 1473 4550 Deo
1491 4498 1595 4552 sarrire
1610 4501 1760 4555 constituit.

119 4570 230 4640 Corpus
244 4566 393 4622 beatissimi
408 4565 574 4621 confessoris
590 4566 688 4621 Christi
705 4567 769 4637 Apri
780 4566 826 4620 diu
841 4567 1003 4622 absconsum
1018 4566 1077 4632 ejus
1091 4565 1193 4618 meritis
1204 4564 1335 4618 Dominus
1351 4566 1487 4631 revelavit,
1504 4568 1645 4640 ipsiusque
1655 4572 1761 4625 sororis

118 4639 288 4696 beatissimae
303 4638 413 4708 virginis
425 4637 549 4707 Aproniae
563 4652 664 4707 corpus
679 4653 732 4693 non
748 4637 856 4692 modico
871 4635 1260 4707 precioa'lrccassinensibus
1280 4636 1358 4689 emit.
1391 4637 1439 4689 llis
1467 4647 1494 4692 et
1520 4640 1580 4693 aliis
1608 4651 1763 4696 sanctorum

117 4711 245 4767 laborum
258 4708 394 4766 exercitiis
409 4709 567 4769 adornatus,
585 4707 709 4777 plurimis
719 4709 799 4762 etiam
815 4708 1009 4763 miraculorum
1023 4706 1114 4778 signis
1129 4706 1156 4759 in
1170 4706 1277 4776 populis
1292 4706 1455 4770 declaratus,
1472 4711 1501 4762 ttt
1521 4725 1592 4764 anno
1603 4712 1764 4779 praesulatus

117 4783 245 4855 regimen
261 4779 388 4841 serravit,
400 4788 426 4834 et
441 4782 457 4833 8
472 4779 533 4833 Kal.
550 4779 611 4832 llaii
627 4778 814 4850 gloriosoline
829 4780 952 4849 spiritum
968 4778 1044 4833 coelis
1061 4777 1187 4832 reddidit.
1209 4778 1293 4845 Cujus
1309 4778 1465 4832 venerabile
1488 4795 1589 4849 corpus
1613 4781 1641 4833 in
1670 4782 1762 4836 medio

119 4870 178 4909 suae
193 4852 269 4907 sedis
283 4852 367 4907 choro
387 4851 502 4904 honeste
518 4849 675 4904 tumulatum
691 4849 868 4921 plurimarum
883 4850 969 4922 lulget
984 4848 1117 4922 prodigiis
1133 4849 1272 4910 virtutum,
1288 4847 1310 4902 si
1324 4847 1351 4901 id
1368 4851 1458 4921 exigat
1480 4866 1544 4904 vera
1573 4849 1642 4905 lides
1671 4862 1765 4922 poten-

117 4924 197 4980 tium.
215 4924 283 4978 lluic
298 4921 384 4977 extitit
397 4935 542 4977 successor
557 4920 587 4975 d.
607 4920 760 4992 Stephanus
775 4938 834 4993 sap.

888 5017 1005 5075 NOTAE.

157 5112 216 5177 (68)
231 5112 300 5165 dnn.
317 5107 453 5175 Hersleld,
469 5122 497 5162 a.
509 5110 560 5163 958
572 5123 578 5175 ;
592 5110 660 5162 dnn.
677 5106 773 5171 Corb,
800 5121 825 5160 a.
853 5109 917 5161 959.

157 5180 386 5253 (obillrst.eccl.
419 5179 535 5250 Tripart,
566 5180 615 5233 lib.
646 5194 673 5247 v,
691 5176 737 5231 ho.
755 5178 800 5233 ed.
829 5177 917 5232 Paris.

119 5256 205 5316 1541,
221 5268 248 5323 p.
266 5251 330 5306 ill.

171 5324 218 5393 70)
234 5324 313 5378 llosc.
329 5320 389 5377 sive
405 5325 487 5379 Bouc.

158 5330 219 5464 (71)
234 5395 266 5449 tt.
281 5392 430 5460 diplomata
441 5410 486 5467 ap.
503 5394 608 5459 Benolt,
625 5408 653 5464 p.
669 5389 769 5448 xvht.

172 5467 219 5535 ta)
234 5466 412 5521 Bauzernout.

173 5537 221 5605 ta)
235 5535 407 5591 nnbtadtta.

159 5604 336 5677 tidlomois

160 5678 221 5748 (70)
235 5676 383 5751 dingerep.

158 5744 405 5823 tthtdirovoiain.

977 5105 1213 5232 unffi-Ucffimsse
1244 5103 1377 5160 Rainville
1405 5120 1490 5177 prope
1516 5106 1770 5167 Soulosse-sur·le·

1013 5250 1073 5317 (78)
1088 5248 1129 5301 ut.
1143 5246 1289 5317 diplomata
1308 5244 1415 5301 Oilonis
1429 5247 1464 5313 tt,
1481 5263 1507 5301 a.
1524 5250 1585 5303 nrt.
1597 5265 1642 5320 ap.
1663 5252 1769 5327 Beneit,

977 5334 1005 5390 p.
1020 5318 1097 5373 tttx.
1114 5319 1161 5372 Est
1176 5327 1249 5370 rnont
1263 5316 1292 5370 S.
1308 5317 1412 5387 lllophe
1424 5334 1506 5387 prope
1521 5321 1662 5379 Soulosse.

1013 5390 1070 5459 (70)
1086 5389 1145 5442 t'id.
1161 5387 1229 5458 dipl.
1250 5401 1294 5457 ap.
1311 5389 1414 5449 Benott,
1430 5405 1456 5459 p.
1470 5390 1565 5447 xt'ttt.

1013 5462 1070 5531 (80)
1085 5458 1152 5528 Quae
1167 5468 1318 5532 sequuntur
1332 5476 1365 5516 ex
1388 5460 1485 5518 hirae.
1513 5461 1542 5518 S.
1569 5465 1636 5536 Apri
1663 5474 1773 5539 sumpta

978 5540 1069 5682 mileti}
1083 5601 1222 5677 integrum
1237 5609 1321 5675 capnt
1334 5617 1368 5659 ex
1380 5600 1498 5660 widrici
1514 5603 1574 5662 viu
1584 5605 1700 5664 Gerardi
1714 5623 1743 5665 c.
1757 5612 1773 5665 ³

979 5673 1160 5745 descriptum.
