<?xml version="1.0" encoding="UTF-8"?>
<!DOCTYPE html PUBLIC "-//W3C//DTD XHTML 1.0 Transitional//EN"
    "http://www.w3.org/TR/xhtml1/DTD/xhtml1-transitional.dtd">
<html xmlns="http://www.w3.org/1999/xhtml" xml:lang="en" lang="en">
 <head>
  <title>
</title>
<meta http-equiv="Content-Type" content="text/html;charset=utf-8" />
  <meta name='ocr-system' content='tesseract 3.04.00' />
  <meta name='ocr-capabilities' content='ocr_page ocr_carea ocr_par ocr_line ocrx_word'/>
</head>
<body>
  <div class='ocr_page' id='page_1' title='image "./patrologiaecurs60unkngoog_0329.png"; bbox 0 0 3780 6038; ppageno 0'>
   <div class='ocr_carea' id='block_1_1' title="bbox 113 204 166 282">
    <p class='ocr_par' dir='ltr' id='par_1_1' title="bbox 113 204 166 282">
     <span class='ocr_line' id='line_1_1' title="bbox 113 204 166 282; baseline 0 -1"><span class='ocrx_word' id='word_1_1' title='bbox 113 204 166 282; x_wconf 84' lang='grc' dir='ltr'>ιιι</span> 
     </span>
    </p>
   </div>
   <div class='ocr_carea' id='block_1_2' title="bbox 570 208 1313 283">
    <p class='ocr_par' dir='ltr' id='par_1_2' title="bbox 570 208 1313 283">
     <span class='ocr_line' id='line_1_2' title="bbox 570 208 1313 283; baseline -0.001 -3"><span class='ocrx_word' id='word_1_2' title='bbox 570 210 675 281; x_wconf 81' lang='lat' dir='ltr'>ierat</span> <span class='ocrx_word' id='word_1_3' title='bbox 693 220 865 283; x_wconf 73' lang='lat' dir='ltr'>ntrttomt</span> <span class='ocrx_word' id='word_1_4' title='bbox 890 208 940 281; x_wconf 69' lang='lat' dir='ltr'>ab</span> <span class='ocrx_word' id='word_1_5' title='bbox 961 215 1083 282; x_wconf 76' lang='lat' dir='ltr'>suono</span> <span class='ocrx_word' id='word_1_6' title='bbox 1111 212 1313 282; x_wconf 76' lang='lat' dir='ltr'>cuutstuttt</span> 
     </span>
    </p>
   </div>
   <div class='ocr_carea' id='block_1_3' title="bbox 1708 214 1761 281">
    <p class='ocr_par' dir='ltr' id='par_1_3' title="bbox 1708 214 1761 281">
     <span class='ocr_line' id='line_1_3' title="bbox 1708 214 1761 281; baseline -0.019 0"><span class='ocrx_word' id='word_1_7' title='bbox 1708 214 1761 281; x_wconf 80' lang='grc' dir='ltr'>ιιι</span> 
     </span>
    </p>
   </div>
   <div class='ocr_carea' id='block_1_4' title="bbox 114 346 1761 424">
    <p class='ocr_par' dir='ltr' id='par_1_4' title="bbox 114 346 1761 424">
     <span class='ocr_line' id='line_1_4' title="bbox 114 346 1761 424; baseline 0 -18"><span class='ocrx_word' id='word_1_8' title='bbox 114 366 174 409; x_wconf 87' lang='lat' dir='ltr'>carn</span> <span class='ocrx_word' id='word_1_9' title='bbox 190 348 262 405; x_wconf 86' lang='lat' dir='ltr'>lilios</span> <span class='ocrx_word' id='word_1_10' title='bbox 277 349 359 406; x_wconf 86' lang='lat' dir='ltr'>lsrael</span> <span class='ocrx_word' id='word_1_11' title='bbox 381 348 407 404; x_wconf 92' lang='lat' dir='ltr'>in</span> <span class='ocrx_word' id='word_1_12' title='bbox 422 365 540 406; x_wconf 84' lang='lat' dir='ltr'>errorem</span> <span class='ocrx_word' id='word_1_13' title='bbox 570 349 653 420; x_wconf 80' lang='lat' dir='ltr'>misit,</span> <span class='ocrx_word' id='word_1_14' title='bbox 669 359 696 407; x_wconf 92' lang='lat' dir='ltr'>et</span> <span class='ocrx_word' id='word_1_15' title='bbox 722 355 822 423; x_wconf 76' lang='lat' dir='ltr'>praten</span> <span class='ocrx_word' id='word_1_16' title='bbox 853 349 946 413; x_wconf 73' lang='lat' dir='ltr'>hocA</span> <span class='ocrx_word' id='word_1_17' title='bbox 962 358 1069 422; x_wconf 87' lang='lat' dir='ltr'>tempus</span> <span class='ocrx_word' id='word_1_18' title='bbox 1082 349 1208 408; x_wconf 90' lang='lat' dir='ltr'>eamdem</span> <span class='ocrx_word' id='word_1_19' title='bbox 1221 350 1415 424; x_wconf 62' lang='lat' dir='ltr'>aspritudinem</span> <span class='ocrx_word' id='word_1_20' title='bbox 1429 346 1542 424; x_wconf 84' lang='lat' dir='ltr'>recepit,</span> <span class='ocrx_word' id='word_1_21' title='bbox 1562 354 1591 407; x_wconf 91' lang='grc' dir='ltr'>ει</span> <span class='ocrx_word' id='word_1_22' title='bbox 1612 348 1670 407; x_wconf 87' lang='lat' dir='ltr'>ioct</span> <span class='ocrx_word' id='word_1_23' title='bbox 1687 357 1761 406; x_wconf 82' lang='lat' dir='ltr'>exte·</span> 
     </span>
    </p>
   </div>
   <div class='ocr_carea' id='block_1_5' title="bbox 114 438 909 951">
    <p class='ocr_par' dir='ltr' id='par_1_5' title="bbox 116 438 466 496">
     <span class='ocr_line' id='line_1_5' title="bbox 116 438 466 496; baseline -0.009 0"><span class='ocrx_word' id='word_1_24' title='bbox 116 439 221 496; x_wconf 83' lang='lat' dir='ltr'>Fillium</span> <span class='ocrx_word' id='word_1_25' title='bbox 237 438 286 494; x_wconf 88' lang='lat' dir='ltr'>Dei</span> <span class='ocrx_word' id='word_1_26' title='bbox 304 440 466 495; x_wconf 79' lang='lat' dir='ltr'>sevocavit.</span> 
     </span>
    </p>

    <p class='ocr_par' dir='ltr' id='par_1_6' title="bbox 114 526 909 951">
     <span class='ocr_line' id='line_1_6' title="bbox 149 526 908 585; baseline 0.001 -3"><span class='ocrx_word' id='word_1_27' title='bbox 149 530 273 583; x_wconf 80' lang='lat' dir='ltr'>Parnes.</span> <span class='ocrx_word' id='word_1_28' title='bbox 288 527 348 582; x_wconf 91' lang='lat' dir='ltr'>Nou</span> <span class='ocrx_word' id='word_1_29' title='bbox 363 533 405 582; x_wconf 90' lang='lat' dir='ltr'>cst</span> <span class='ocrx_word' id='word_1_30' title='bbox 422 529 527 583; x_wconf 79' lang='lat' dir='ltr'>uticum.</span> <span class='ocrx_word' id='word_1_31' title='bbox 541 529 563 583; x_wconf 90' lang='lat' dir='ltr'>si</span> <span class='ocrx_word' id='word_1_32' title='bbox 580 528 639 585; x_wconf 86' lang='lat' dir='ltr'>baec</span> <span class='ocrx_word' id='word_1_33' title='bbox 649 526 782 584; x_wconf 87' lang='lat' dir='ltr'>etaliade</span> <span class='ocrx_word' id='word_1_34' title='bbox 792 543 825 583; x_wconf 88' lang='lat' dir='ltr'>eo</span> <span class='ocrx_word' id='word_1_35' title='bbox 836 527 908 583; x_wconf 82' lang='lat' dir='ltr'>dixe</span> 
     </span>
     <span class='ocr_line' id='line_1_7' title="bbox 114 609 908 682; baseline -0.003 -15"><span class='ocrx_word' id='word_1_36' title='bbox 114 621 174 667; x_wconf 89' lang='lat' dir='ltr'>runt</span> <span class='ocrx_word' id='word_1_37' title='bbox 187 610 339 679; x_wconf 87' lang='lat' dir='ltr'>mendacia,</span> <span class='ocrx_word' id='word_1_38' title='bbox 357 609 421 667; x_wconf 87' lang='lat' dir='ltr'>licet</span> <span class='ocrx_word' id='word_1_39' title='bbox 444 613 477 667; x_wconf 90' lang='lat' dir='ltr'>ad</span> <span class='ocrx_word' id='word_1_40' title='bbox 494 612 680 668; x_wconf 86' lang='lat' dir='ltr'>redimendum</span> <span class='ocrx_word' id='word_1_41' title='bbox 708 628 759 667; x_wconf 84' lang='lat' dir='ltr'>eos</span> <span class='ocrx_word' id='word_1_42' title='bbox 786 613 845 682; x_wconf 89' lang='lat' dir='ltr'>ipse</span> <span class='ocrx_word' id='word_1_43' title='bbox 859 611 908 665; x_wconf 90' lang='lat' dir='ltr'>ad·</span> 
     </span>
     <span class='ocr_line' id='line_1_8' title="bbox 115 701 906 772; baseline 0.001 -19"><span class='ocrx_word' id='word_1_44' title='bbox 115 701 227 757; x_wconf 88' lang='lat' dir='ltr'>venerit.</span> <span class='ocrx_word' id='word_1_45' title='bbox 239 701 296 756; x_wconf 92' lang='lat' dir='ltr'>lloc</span> <span class='ocrx_word' id='word_1_46' title='bbox 311 715 427 772; x_wconf 85' lang='lat' dir='ltr'>namque</span> <span class='ocrx_word' id='word_1_47' title='bbox 446 701 480 754; x_wconf 89' lang='lat' dir='ltr'>de</span> <span class='ocrx_word' id='word_1_48' title='bbox 494 701 534 756; x_wconf 88' lang='lat' dir='ltr'>eis</span> <span class='ocrx_word' id='word_1_49' title='bbox 552 701 623 756; x_wconf 85' lang='lat' dir='ltr'>Osee</span> <span class='ocrx_word' id='word_1_50' title='bbox 649 701 844 771; x_wconf 66' lang='lat' dir='ltr'>prophetavit:</span> <span class='ocrx_word' id='word_1_51' title='bbox 866 701 906 754; x_wconf 76' lang='lat' dir='ltr'>Ver</span> 
     </span>
     <span class='ocr_line' id='line_1_9' title="bbox 114 788 907 861; baseline -0.005 -15"><span class='ocrx_word' id='word_1_52' title='bbox 114 793 154 846; x_wconf 83' lang='lat' dir='ltr'>eis</span> <span class='ocrx_word' id='word_1_53' title='bbox 167 790 301 861; x_wconf 81' lang='lat' dir='ltr'>qrwrriem</span> <span class='ocrx_word' id='word_1_54' title='bbox 314 793 522 844; x_wconf 81' lang='lat' dir='ltr'>recesserantc</span> <span class='ocrx_word' id='word_1_55' title='bbox 549 805 603 843; x_wconf 88' lang='lat' dir='ltr'>me.</span> <span class='ocrx_word' id='word_1_56' title='bbox 624 789 824 854; x_wconf 74' lang='lat' dir='ltr'>laetabantur,</span> <span class='ocrx_word' id='word_1_57' title='bbox 840 788 907 860; x_wconf 81' lang='lat' dir='ltr'>quio</span> 
     </span>
     <span class='ocr_line' id='line_1_10' title="bbox 114 873 909 951; baseline 0.001 -23"><span class='ocrx_word' id='word_1_58' title='bbox 114 878 293 951; x_wconf 73' lang='lat' dir='ltr'>pretioricnti</span> <span class='ocrx_word' id='word_1_59' title='bbox 304 881 373 932; x_wconf 80' lang='lat' dir='ltr'>suat</span> <span class='ocrx_word' id='word_1_60' title='bbox 386 878 418 932; x_wconf 82' lang='lat' dir='ltr'>in</span> <span class='ocrx_word' id='word_1_61' title='bbox 433 893 486 932; x_wconf 90' lang='lat' dir='ltr'>me.</span> <span class='ocrx_word' id='word_1_62' title='bbox 496 878 529 932; x_wconf 82' lang='lat' dir='ltr'>lit</span> <span class='ocrx_word' id='word_1_63' title='bbox 544 892 592 947; x_wconf 81' lang='lat' dir='ltr'>epo</span> <span class='ocrx_word' id='word_1_64' title='bbox 612 877 720 933; x_wconf 79' lang='lat' dir='ltr'><strong><em>redemi</em></strong></span> <span class='ocrx_word' id='word_1_65' title='bbox 735 893 791 940; x_wconf 84' lang='lat' dir='ltr'>eor,</span> <span class='ocrx_word' id='word_1_66' title='bbox 808 878 835 932; x_wconf 84' lang='lat' dir='ltr'>et</span> <span class='ocrx_word' id='word_1_67' title='bbox 853 873 909 946; x_wconf 79' lang='lat' dir='ltr'>ipsi</span> 
     </span>
    </p>
   </div>
   <div class='ocr_carea' id='block_1_6' title="bbox 111 974 911 1491">
    <p class='ocr_par' dir='ltr' id='par_1_7' title="bbox 111 974 911 1491">
     <span class='ocr_line' id='line_1_11' title="bbox 113 974 908 1042; baseline -0.009 -9"><span class='ocrx_word' id='word_1_68' title='bbox 113 977 198 1033; x_wconf 83' lang='lat' dir='ltr'>locuti</span> <span class='ocrx_word' id='word_1_69' title='bbox 212 980 281 1032; x_wconf 82' lang='lat' dir='ltr'>sant</span> <span class='ocrx_word' id='word_1_70' title='bbox 289 979 439 1031; x_wconf 76' lang='lat' dir='ltr'>contremo</span> <span class='ocrx_word' id='word_1_71' title='bbox 452 974 600 1030; x_wconf 82' lang='lat' dir='ltr'>ruendocirr</span> <span class='ocrx_word' id='word_1_72' title='bbox 611 974 686 1042; x_wconf 73' lang='lat' dir='ltr'>(Ore,</span> <span class='ocrx_word' id='word_1_73' title='bbox 697 987 758 1037; x_wconf 79' lang='grc' dir='ltr'><strong>ιιι).</strong></span> <span class='ocrx_word' id='word_1_74' title='bbox 770 976 908 1028; x_wconf 76' lang='lat' dir='ltr'>Praeterea</span> 
     </span>
     <span class='ocr_line' id='line_1_12' title="bbox 114 1061 908 1134; baseline -0.004 -15"><span class='ocrx_word' id='word_1_75' title='bbox 114 1070 204 1120; x_wconf 86' lang='lat' dir='ltr'>tamen</span> <span class='ocrx_word' id='word_1_76' title='bbox 220 1063 265 1119; x_wconf 90' lang='lat' dir='ltr'>ubi</span> <span class='ocrx_word' id='word_1_77' title='bbox 290 1068 395 1117; x_wconf 89' lang='lat' dir='ltr'>tantum</span> <span class='ocrx_word' id='word_1_78' title='bbox 422 1063 488 1118; x_wconf 83' lang='lat' dir='ltr'>artis</span> <span class='ocrx_word' id='word_1_79' title='bbox 503 1062 615 1134; x_wconf 72' lang='lat' dir='ltr'>magicae</span> <span class='ocrx_word' id='word_1_80' title='bbox 641 1062 787 1118; x_wconf 78' lang='lat' dir='ltr'>addiscere</span> <span class='ocrx_word' id='word_1_81' title='bbox 810 1061 908 1132; x_wconf 89' lang='lat' dir='ltr'>potuit,</span> 
     </span>
     <span class='ocr_line' id='line_1_13' title="bbox 111 1149 908 1226; baseline -0.006 -17"><span class='ocrx_word' id='word_1_82' title='bbox 111 1162 141 1209; x_wconf 89' lang='lat' dir='ltr'>ut</span> <span class='ocrx_word' id='word_1_83' title='bbox 154 1169 205 1226; x_wconf 88' lang='lat' dir='ltr'>pet</span> <span class='ocrx_word' id='word_1_84' title='bbox 219 1168 278 1208; x_wconf 88' lang='lat' dir='ltr'>eant</span> <span class='ocrx_word' id='word_1_85' title='bbox 297 1149 325 1206; x_wconf 91' lang='lat' dir='ltr'>in</span> <span class='ocrx_word' id='word_1_86' title='bbox 340 1152 432 1206; x_wconf 88' lang='lat' dir='ltr'>vinum</span> <span class='ocrx_word' id='word_1_87' title='bbox 451 1165 548 1222; x_wconf 87' lang='lat' dir='ltr'>aquam</span> <span class='ocrx_word' id='word_1_88' title='bbox 562 1151 726 1206; x_wconf 76' lang='lat' dir='ltr'>couverterit</span> <span class='ocrx_word' id='word_1_89' title='bbox 744 1152 835 1219; x_wconf 76' lang='lat' dir='ltr'>(loon.</span> <span class='ocrx_word' id='word_1_90' title='bbox 852 1154 883 1218; x_wconf 91' lang='grc' dir='ltr'>ιι)</span> <span class='ocrx_word' id='word_1_91' title='bbox 901 1166 908 1204; x_wconf 92' lang='lat'><strong>:</strong></span> 
     </span>
     <span class='ocr_line' id='line_1_14' title="bbox 112 1237 906 1313; baseline -0.004 -16"><span class='ocrx_word' id='word_1_92' title='bbox 112 1243 146 1297; x_wconf 89' lang='lat' dir='ltr'>dc</span> <span class='ocrx_word' id='word_1_93' title='bbox 161 1242 281 1313; x_wconf 86' lang='lat' dir='ltr'>quinque</span> <span class='ocrx_word' id='word_1_94' title='bbox 295 1239 422 1310; x_wconf 82' lang='lat' dir='ltr'>panibus,</span> <span class='ocrx_word' id='word_1_95' title='bbox 434 1239 571 1294; x_wconf 87' lang='lat' dir='ltr'>homiuum</span> <span class='ocrx_word' id='word_1_96' title='bbox 587 1238 671 1292; x_wconf 89' lang='lat' dir='ltr'>millia</span> <span class='ocrx_word' id='word_1_97' title='bbox 686 1239 807 1310; x_wconf 88' lang='lat' dir='ltr'>quinque</span> <span class='ocrx_word' id='word_1_98' title='bbox 830 1237 906 1294; x_wconf 87' lang='lat' dir='ltr'>rele-</span> 
     </span>
     <span class='ocr_line' id='line_1_15' title="bbox 113 1326 909 1399; baseline -0.01 -11"><span class='ocrx_word' id='word_1_99' title='bbox 113 1330 181 1388; x_wconf 89' lang='lat' dir='ltr'>cerit</span> <span class='ocrx_word' id='word_1_100' title='bbox 195 1330 287 1399; x_wconf 75' lang='lat' dir='ltr'>(locu.</span> <span class='ocrx_word' id='word_1_101' title='bbox 302 1330 352 1395; x_wconf 83' lang='lat' dir='ltr'>vt),</span> <span class='ocrx_word' id='word_1_102' title='bbox 369 1328 495 1396; x_wconf 81' lang='lat' dir='ltr'>leprosos</span> <span class='ocrx_word' id='word_1_103' title='bbox 521 1328 596 1393; x_wconf 84' lang='lat' dir='ltr'>(Lac.</span> <span class='ocrx_word' id='word_1_104' title='bbox 613 1332 708 1395; x_wconf 80' lang='lat' dir='ltr'>xvru),</span> <span class='ocrx_word' id='word_1_105' title='bbox 723 1326 909 1398; x_wconf 75' lang='lat' dir='ltr'>hydropicos·</span> 
     </span>
     <span class='ocr_line' id='line_1_16' title="bbox 113 1415 911 1491; baseline -0.005 -17"><span class='ocrx_word' id='word_1_106' title='bbox 113 1435 166 1491; x_wconf 92' lang='lat' dir='ltr'>que</span> <span class='ocrx_word' id='word_1_107' title='bbox 180 1416 318 1473; x_wconf 78' lang='lat' dir='ltr'>sanaverit</span> <span class='ocrx_word' id='word_1_108' title='bbox 333 1416 416 1484; x_wconf 82' lang='lat' dir='ltr'>(Lac.</span> <span class='ocrx_word' id='word_1_109' title='bbox 436 1421 507 1483; x_wconf 76' lang='grc' dir='ltr'><strong>ιιι),</strong></span> <span class='ocrx_word' id='word_1_110' title='bbox 519 1415 623 1470; x_wconf 85' lang='lat' dir='ltr'>claudis</span> <span class='ocrx_word' id='word_1_111' title='bbox 653 1430 791 1486; x_wconf 74' lang='lat' dir='ltr'>gressum,</span> <span class='ocrx_word' id='word_1_112' title='bbox 819 1415 911 1470; x_wconf 85' lang='lat' dir='ltr'>surdis</span> 
     </span>
    </p>
   </div>
   <div class='ocr_carea' id='block_1_7' title="bbox 959 438 1760 602">
    <p class='ocr_par' dir='ltr' id='par_1_8' title="bbox 959 438 1760 602">
     <span class='ocr_line' id='line_1_17' title="bbox 959 438 1760 511; baseline -0.002 -16"><span class='ocrx_word' id='word_1_113' title='bbox 959 439 1017 495; x_wconf 80' lang='lat' dir='ltr'>rius</span> <span class='ocrx_word' id='word_1_114' title='bbox 1031 447 1122 496; x_wconf 89' lang='lat' dir='ltr'>cutem</span> <span class='ocrx_word' id='word_1_115' title='bbox 1136 455 1224 510; x_wconf 85' lang='lat' dir='ltr'>suam,</span> <span class='ocrx_word' id='word_1_116' title='bbox 1252 447 1281 495; x_wconf 91' lang='lat' dir='ltr'>ut</span> <span class='ocrx_word' id='word_1_117' title='bbox 1300 440 1357 507; x_wconf 82' lang='lat' dir='ltr'>alii,</span> <span class='ocrx_word' id='word_1_118' title='bbox 1373 439 1504 496; x_wconf 87' lang='lat' dir='ltr'>mundam</span> <span class='ocrx_word' id='word_1_119' title='bbox 1523 438 1674 511; x_wconf 83' lang='lat' dir='ltr'>aspiceret,</span> <span class='ocrx_word' id='word_1_120' title='bbox 1685 453 1760 494; x_wconf 92' lang='lat' dir='ltr'>nnu-</span> 
     </span>
     <span class='ocr_line' id='line_1_18' title="bbox 959 526 1760 602; baseline 0 -19"><span class='ocrx_word' id='word_1_121' title='bbox 959 544 1040 602; x_wconf 87' lang='lat' dir='ltr'>quam</span> <span class='ocrx_word' id='word_1_122' title='bbox 1060 538 1161 593; x_wconf 84' lang='lat' dir='ltr'>tamen,</span> <span class='ocrx_word' id='word_1_123' title='bbox 1177 536 1207 583; x_wconf 89' lang='grc' dir='ltr'>ιιι</span> <span class='ocrx_word' id='word_1_124' title='bbox 1235 528 1295 599; x_wconf 87' lang='lat' dir='ltr'>ipse</span> <span class='ocrx_word' id='word_1_125' title='bbox 1319 529 1397 595; x_wconf 85' lang='lat' dir='ltr'>dixit,</span> <span class='ocrx_word' id='word_1_126' title='bbox 1426 527 1612 584; x_wconf 80' lang='lat' dir='ltr'>infirmitatem</span> <span class='ocrx_word' id='word_1_127' title='bbox 1642 526 1760 584; x_wconf 82' lang='lat' dir='ltr'>interius</span> 
     </span>
    </p>
   </div>
   <div class='ocr_carea' id='block_1_8' title="bbox 959 625 1761 1221">
    <p class='ocr_par' dir='ltr' id='par_1_9' title="bbox 959 625 1761 1221">
     <span class='ocr_line' id='line_1_19' title="bbox 959 625 1759 698; baseline -0.003 -17"><span class='ocrx_word' id='word_1_128' title='bbox 959 642 1013 681; x_wconf 90' lang='lat' dir='ltr'>non</span> <span class='ocrx_word' id='word_1_129' title='bbox 1028 626 1123 680; x_wconf 85' lang='lat' dir='ltr'>sensit.</span> <span class='ocrx_word' id='word_1_130' title='bbox 1136 626 1267 681; x_wconf 78' lang='lat' dir='ltr'>Prteterea</span> <span class='ocrx_word' id='word_1_131' title='bbox 1283 633 1373 681; x_wconf 88' lang='lat' dir='ltr'>autern</span> <span class='ocrx_word' id='word_1_132' title='bbox 1388 641 1522 698; x_wconf 85' lang='lat' dir='ltr'>nusquam</span> <span class='ocrx_word' id='word_1_133' title='bbox 1538 625 1566 680; x_wconf 92' lang='lat' dir='ltr'>in</span> <span class='ocrx_word' id='word_1_134' title='bbox 1585 632 1645 681; x_wconf 87' lang='lat' dir='ltr'>tota</span> <span class='ocrx_word' id='word_1_135' title='bbox 1658 639 1759 680; x_wconf 89' lang='lat' dir='ltr'>necto·</span> 
     </span>
     <span class='ocr_line' id='line_1_20' title="bbox 960 712 1761 785; baseline -0.004 -15"><span class='ocrx_word' id='word_1_136' title='bbox 960 715 1075 771; x_wconf 75' lang='lat' dir='ltr'>mantica</span> <span class='ocrx_word' id='word_1_137' title='bbox 1093 714 1195 785; x_wconf 77' lang='lat' dir='ltr'>legitur</span> <span class='ocrx_word' id='word_1_138' title='bbox 1209 715 1282 785; x_wconf 91' lang='lat' dir='ltr'>quod</span> <span class='ocrx_word' id='word_1_139' title='bbox 1310 730 1360 785; x_wconf 86' lang='lat' dir='ltr'>per</span> <span class='ocrx_word' id='word_1_140' title='bbox 1382 730 1444 769; x_wconf 87' lang='lat' dir='ltr'>eam</span> <span class='ocrx_word' id='word_1_141' title='bbox 1471 713 1609 770; x_wconf 77' lang='lat' dir='ltr'>veraciter</span> <span class='ocrx_word' id='word_1_142' title='bbox 1638 712 1761 784; x_wconf 84' lang='lat' dir='ltr'>leprosus</span> 
     </span>
     <span class='ocr_line' id='line_1_21' title="bbox 960 800 1761 875; baseline -0.005 -17"><span class='ocrx_word' id='word_1_143' title='bbox 960 819 1079 875; x_wconf 89' lang='lat' dir='ltr'>unquam</span> <span class='ocrx_word' id='word_1_144' title='bbox 1095 811 1217 859; x_wconf 89' lang='lat' dir='ltr'>curetur.</span> <span class='ocrx_word' id='word_1_145' title='bbox 1242 803 1282 858; x_wconf 83' lang='lat' dir='ltr'>lle</span> <span class='ocrx_word' id='word_1_146' title='bbox 1296 804 1378 859; x_wconf 74' lang='lat' dir='ltr'>caecis</span> <span class='ocrx_word' id='word_1_147' title='bbox 1397 810 1499 871; x_wconf 80' lang='lat' dir='ltr'>autem,</span> <span class='ocrx_word' id='word_1_148' title='bbox 1517 801 1610 858; x_wconf 84' lang='lat' dir='ltr'>decis</span> <span class='ocrx_word' id='word_1_149' title='bbox 1635 801 1683 873; x_wconf 86' lang='lat' dir='ltr'>qui</span> <span class='ocrx_word' id='word_1_150' title='bbox 1697 800 1761 857; x_wconf 79' lang='lat' dir='ltr'>caet</span> 
     </span>
     <span class='ocr_line' id='line_1_22' title="bbox 959 898 1758 970; baseline -0.001 -16"><span class='ocrx_word' id='word_1_151' title='bbox 959 907 1117 965; x_wconf 85' lang='lat' dir='ltr'>nascuntur,</span> <span class='ocrx_word' id='word_1_152' title='bbox 1135 898 1296 954; x_wconf 73' lang='lat' dir='ltr'>contradicit</span> <span class='ocrx_word' id='word_1_153' title='bbox 1325 899 1438 970; x_wconf 84' lang='lat' dir='ltr'>physica</span> <span class='ocrx_word' id='word_1_154' title='bbox 1452 898 1527 970; x_wconf 91' lang='lat' dir='ltr'>quod</span> <span class='ocrx_word' id='word_1_155' title='bbox 1541 914 1591 955; x_wconf 81' lang='lat' dir='ltr'>eos</span> <span class='ocrx_word' id='word_1_156' title='bbox 1605 898 1758 954; x_wconf 87' lang='lat' dir='ltr'>illuminare</span> 
     </span>
     <span class='ocr_line' id='line_1_23' title="bbox 960 986 1757 1060; baseline -0.001 -18"><span class='ocrx_word' id='word_1_157' title='bbox 960 986 1204 1044; x_wconf 82' lang='lat' dir='ltr'>ualeatmedicina.</span> <span class='ocrx_word' id='word_1_158' title='bbox 1218 987 1330 1042; x_wconf 78' lang='lat' dir='ltr'>Assitba</span> <span class='ocrx_word' id='word_1_159' title='bbox 1352 1003 1416 1044; x_wconf 86' lang='lat' dir='ltr'>vero</span> <span class='ocrx_word' id='word_1_160' title='bbox 1424 987 1757 1060; x_wconf 77' lang='lat' dir='ltr'>maguustesteturqund,</span> 
     </span>
     <span class='ocr_line' id='line_1_24' title="bbox 961 1074 1760 1147; baseline -0.005 -15"><span class='ocrx_word' id='word_1_161' title='bbox 961 1092 1010 1147; x_wconf 88' lang='grc' dir='ltr'>ρει</span> <span class='ocrx_word' id='word_1_162' title='bbox 1029 1082 1115 1131; x_wconf 85' lang='lat' dir='ltr'>artem</span> <span class='ocrx_word' id='word_1_163' title='bbox 1134 1074 1371 1144; x_wconf 86' lang='lat' dir='ltr'>necromanticam,</span> <span class='ocrx_word' id='word_1_164' title='bbox 1397 1075 1437 1133; x_wconf 86' lang='lat' dir='ltr'>eis</span> <span class='ocrx_word' id='word_1_165' title='bbox 1453 1075 1588 1132; x_wconf 75' lang='lat' dir='ltr'>veraciter</span> <span class='ocrx_word' id='word_1_166' title='bbox 1600 1074 1693 1131; x_wconf 89' lang='lat' dir='ltr'>lumen</span> <span class='ocrx_word' id='word_1_167' title='bbox 1709 1090 1760 1129; x_wconf 92' lang='lat' dir='ltr'>non</span> 
     </span>
     <span class='ocr_line' id='line_1_25' title="bbox 961 1164 1099 1221; baseline 0 -2"><span class='ocrx_word' id='word_1_168' title='bbox 961 1164 1099 1221; x_wconf 85' lang='lat' dir='ltr'>reddatur.</span> 
     </span>
    </p>
   </div>
   <div class='ocr_carea' id='block_1_9' title="bbox 962 1268 1760 1521">
    <p class='ocr_par' dir='ltr' id='par_1_10' title="bbox 962 1268 1760 1521">
     <span class='ocr_line' id='line_1_26' title="bbox 996 1268 1758 1343; baseline -0.003 -17"><span class='ocrx_word' id='word_1_169' title='bbox 996 1273 1123 1328; x_wconf 78' lang='lat' dir='ltr'>Morsus.</span> <span class='ocrx_word' id='word_1_170' title='bbox 1144 1272 1214 1328; x_wconf 81' lang='lat' dir='ltr'>lissa</span> <span class='ocrx_word' id='word_1_171' title='bbox 1228 1277 1331 1343; x_wconf 86' lang='lat' dir='ltr'>potest.</span> <span class='ocrx_word' id='word_1_172' title='bbox 1352 1271 1407 1329; x_wconf 89' lang='lat' dir='ltr'>Sed</span> <span class='ocrx_word' id='word_1_173' title='bbox 1416 1271 1451 1328; x_wconf 82' lang='lat' dir='ltr'>de</span> <span class='ocrx_word' id='word_1_174' title='bbox 1464 1268 1583 1326; x_wconf 86' lang='lat' dir='ltr'>mortuis</span> <span class='ocrx_word' id='word_1_175' title='bbox 1594 1268 1660 1342; x_wconf 90' lang='lat' dir='ltr'>quid</span> <span class='ocrx_word' id='word_1_176' title='bbox 1675 1268 1758 1336; x_wconf 87' lang='lat' dir='ltr'>dices,</span> 
     </span>
     <span class='ocr_line' id='line_1_27' title="bbox 962 1358 1760 1432; baseline -0.005 -17"><span class='ocrx_word' id='word_1_177' title='bbox 962 1375 1025 1416; x_wconf 91' lang='lat' dir='ltr'>cum</span> <span class='ocrx_word' id='word_1_178' title='bbox 1040 1359 1113 1415; x_wconf 90' lang='lat' dir='ltr'>idem</span> <span class='ocrx_word' id='word_1_179' title='bbox 1127 1361 1238 1417; x_wconf 81' lang='lat' dir='ltr'>dssitha</span> <span class='ocrx_word' id='word_1_180' title='bbox 1266 1360 1409 1432; x_wconf 83' lang='lat' dir='ltr'>perhibeat</span> <span class='ocrx_word' id='word_1_181' title='bbox 1431 1358 1505 1431; x_wconf 94' lang='lat' dir='ltr'>quod</span> <span class='ocrx_word' id='word_1_182' title='bbox 1520 1374 1570 1415; x_wconf 80' lang='lat' dir='ltr'>eos</span> <span class='ocrx_word' id='word_1_183' title='bbox 1585 1366 1721 1413; x_wconf 82' lang='lat' dir='ltr'>suscitare</span> <span class='ocrx_word' id='word_1_184' title='bbox 1734 1365 1760 1412; x_wconf 90' lang='lat' dir='ltr'>et</span> 
     </span>
     <span class='ocr_line' id='line_1_28' title="bbox 962 1444 1759 1521; baseline -0.005 -16"><span class='ocrx_word' id='word_1_185' title='bbox 962 1462 1024 1505; x_wconf 93' lang='lat' dir='ltr'>cum</span> <span class='ocrx_word' id='word_1_186' title='bbox 1039 1448 1079 1504; x_wconf 87' lang='lat' dir='ltr'>eis</span> <span class='ocrx_word' id='word_1_187' title='bbox 1094 1447 1169 1520; x_wconf 90' lang='lat' dir='ltr'>loqui</span> <span class='ocrx_word' id='word_1_188' title='bbox 1184 1450 1265 1504; x_wconf 86' lang='lat' dir='ltr'>lromo</span> <span class='ocrx_word' id='word_1_189' title='bbox 1281 1449 1378 1521; x_wconf 80' lang='lat' dir='ltr'>possit,</span> <span class='ocrx_word' id='word_1_190' title='bbox 1394 1456 1422 1504; x_wconf 92' lang='grc' dir='ltr'>ει</span> <span class='ocrx_word' id='word_1_191' title='bbox 1436 1447 1463 1501; x_wconf 91' lang='lat' dir='ltr'>in</span> <span class='ocrx_word' id='word_1_192' title='bbox 1486 1447 1557 1501; x_wconf 89' lang='lat' dir='ltr'>libro</span> <span class='ocrx_word' id='word_1_193' title='bbox 1574 1462 1627 1501; x_wconf 88' lang='lat' dir='ltr'>suo</span> <span class='ocrx_word' id='word_1_194' title='bbox 1640 1462 1695 1518; x_wconf 90' lang='lat' dir='ltr'>quo</span> <span class='ocrx_word' id='word_1_195' title='bbox 1705 1444 1759 1501; x_wconf 88' lang='lat' dir='ltr'>lieri</span> 
     </span>
    </p>
   </div>
   <div class='ocr_carea' id='block_1_10' title="bbox 115 1511 1759 1605">
    <p class='ocr_par' dir='ltr' id='par_1_11' title="bbox 115 1511 1759 1605">
     <span class='ocr_line' id='line_1_29' title="bbox 115 1511 1759 1605; baseline -0.009 0"><span class='ocrx_word' id='word_1_196' title='bbox 115 1515 247 1577; x_wconf 52' lang='lat' dir='ltr'><strong>mmmm·</strong></span> <span class='ocrx_word' id='word_1_197' title='bbox 269 1512 349 1566; x_wconf 52' lang='lat' dir='ltr'>mum</span> <span class='ocrx_word' id='word_1_198' title='bbox 363 1513 475 1566; x_wconf 53' lang='lat' dir='ltr'>verbum</span> <span class='ocrx_word' id='word_1_199' title='bbox 494 1511 605 1580; x_wconf 49' lang='lat' dir='ltr'>mam*</span> <span class='ocrx_word' id='word_1_200' title='bbox 626 1511 677 1579; x_wconf 83' lang='lat' dir='ltr'>tx),</span> <span class='ocrx_word' id='word_1_201' title='bbox 693 1512 774 1567; x_wconf 48' lang='grc' dir='ltr'>ΜΒ</span> <span class='ocrx_word' id='word_1_202' title='bbox 799 1525 912 1583; x_wconf 63' lang='lat' dir='ltr'>qu⁰q⁰⁰</span> <span class='ocrx_word' id='word_1_203' title='bbox 963 1537 1053 1593; x_wconf 83' lang='lat' dir='ltr'>valeat</span> <span class='ocrx_word' id='word_1_204' title='bbox 1067 1537 1176 1593; x_wconf 86' lang='lat' dir='ltr'>modrtm</span> <span class='ocrx_word' id='word_1_205' title='bbox 1211 1539 1340 1604; x_wconf 85' lang='lat' dir='ltr'>ostendit,</span> <span class='ocrx_word' id='word_1_206' title='bbox 1355 1545 1382 1592; x_wconf 91' lang='lat' dir='ltr'>et</span> <span class='ocrx_word' id='word_1_207' title='bbox 1409 1553 1442 1592; x_wconf 81' lang='lat' dir='ltr'>cx</span> <span class='ocrx_word' id='word_1_208' title='bbox 1462 1535 1515 1590; x_wconf 90' lang='lat' dir='ltr'>alia</span> <span class='ocrx_word' id='word_1_209' title='bbox 1529 1543 1610 1605; x_wconf 84' lang='lat' dir='ltr'>perte</span> <span class='ocrx_word' id='word_1_210' title='bbox 1637 1534 1665 1590; x_wconf 93' lang='lat' dir='ltr'>in</span> <span class='ocrx_word' id='word_1_211' title='bbox 1693 1533 1759 1590; x_wconf 84' lang='lat' dir='ltr'>libro</span> 
     </span>
    </p>
   </div>
   <div class='ocr_carea' id='block_1_11' title="bbox 115 1607 1758 1785">
    <p class='ocr_par' dir='ltr' id='par_1_12' title="bbox 115 1607 1758 1785">
     <span class='ocr_line' id='line_1_30' title="bbox 115 1607 1757 1697; baseline -0.006 -30"><span class='ocrx_word' id='word_1_212' title='bbox 115 1611 203 1667; x_wconf 79' lang='lat' dir='ltr'>risum</span> <span class='ocrx_word' id='word_1_213' title='bbox 219 1608 377 1674; x_wconf 86' lang='lat' dir='ltr'>reddiderit,</span> <span class='ocrx_word' id='word_1_214' title='bbox 394 1616 428 1668; x_wconf 89' lang='grc' dir='ltr'>ει.</span> <span class='ocrx_word' id='word_1_215' title='bbox 445 1609 517 1680; x_wconf 94' lang='lat' dir='ltr'>quod</span> <span class='ocrx_word' id='word_1_216' title='bbox 532 1607 624 1676; x_wconf 78' lang='lat' dir='ltr'>majus</span> <span class='ocrx_word' id='word_1_217' title='bbox 640 1608 767 1663; x_wconf 89' lang='lat' dir='ltr'>omuibus</span> <span class='ocrx_word' id='word_1_218' title='bbox 783 1616 826 1663; x_wconf 88' lang='lat' dir='ltr'>est</span> <span class='ocrx_word' id='word_1_219' title='bbox 842 1624 913 1662; x_wconf 90' lang='lat' dir='ltr'>mor·</span> <span class='ocrx_word' id='word_1_220' title='bbox 964 1626 1069 1697; x_wconf 56' lang='lat' dir='ltr'>Regum</span> <span class='ocrx_word' id='word_1_221' title='bbox 1085 1626 1200 1697; x_wconf 44' lang='lat' dir='ltr'>legam·</span> <span class='ocrx_word' id='word_1_222' title='bbox 1217 1634 1245 1681; x_wconf 61' lang='lat' dir='ltr'>up</span> <span class='ocrx_word' id='word_1_223' title='bbox 1258 1626 1387 1692; x_wconf 47' lang='lat' dir='ltr'><strong>diximus,</strong></span> <span class='ocrx_word' id='word_1_224' title='bbox 1416 1624 1534 1695; x_wconf 56' lang='lat' dir='ltr'>quanm</span> <span class='ocrx_word' id='word_1_225' title='bbox 1555 1639 1607 1694; x_wconf 65' lang='lat' dir='ltr'>p„</span> <span class='ocrx_word' id='word_1_226' title='bbox 1623 1621 1757 1677; x_wconf 57' lang='lat' dir='ltr'>munem„</span> 
     </span>
     <span class='ocr_line' id='line_1_31' title="bbox 116 1697 1758 1785; baseline -0.005 -13"><span class='ocrx_word' id='word_1_227' title='bbox 116 1709 178 1756; x_wconf 70' lang='lat'>¹⁰0⁸</span> <span class='ocrx_word' id='word_1_228' title='bbox 202 1697 369 1754; x_wconf 62' lang='lat' dir='ltr'>⁸⁰³⁰l¹³ll⁰¹l¹</span> <span class='ocrx_word' id='word_1_229' title='bbox 395 1697 490 1765; x_wconf 66' lang='lat' dir='ltr'>(ellare.</span> <span class='ocrx_word' id='word_1_230' title='bbox 502 1713 541 1751; x_wconf 55' lang='lat'>‘³¹¹</span> <span class='ocrx_word' id='word_1_231' title='bbox 553 1715 560 1761; x_wconf 70' lang='grc' dir='ltr'><strong>ἓ</strong></span> <span class='ocrx_word' id='word_1_232' title='bbox 572 1698 652 1754; x_wconf 60' lang='lat' dir='ltr'>Mim-</span> <span class='ocrx_word' id='word_1_233' title='bbox 680 1712 708 1750; x_wconf 59' lang='lat'>5¹</span> <span class='ocrx_word' id='word_1_234' title='bbox 727 1714 733 1761; x_wconf 76' lang='lat' dir='ltr'>i</span> <span class='ocrx_word' id='word_1_235' title='bbox 751 1699 817 1752; x_wconf 81' lang='lat' dir='ltr'>buc.</span> <span class='ocrx_word' id='word_1_236' title='bbox 843 1699 907 1763; x_wconf 69' lang='lat' dir='ltr'>V¹¹ls</span> <span class='ocrx_word' id='word_1_237' title='bbox 925 1714 951 1777; x_wconf 86' lang='lat' dir='ltr'><strong>B</strong></span> <span class='ocrx_word' id='word_1_238' title='bbox 967 1714 1153 1785; x_wconf 68' lang='lat' dir='ltr'>pythonissam</span> <span class='ocrx_word' id='word_1_239' title='bbox 1169 1713 1277 1770; x_wconf 78' lang='lat' dir='ltr'><strong>Samuel</strong></span> <span class='ocrx_word' id='word_1_240' title='bbox 1292 1713 1439 1769; x_wconf 74' lang='lat' dir='ltr'>sciscitatus</span> <span class='ocrx_word' id='word_1_241' title='bbox 1465 1712 1528 1767; x_wconf 82' lang='lat' dir='ltr'>siti</span> <span class='ocrx_word' id='word_1_242' title='bbox 1542 1713 1620 1782; x_wconf 76' lang='lat' dir='ltr'>(ltep.</span> <span class='ocrx_word' id='word_1_243' title='bbox 1650 1712 1758 1777; x_wconf 80' lang='lat' dir='ltr'>xxrtit.)</span> 
     </span>
    </p>
   </div>
   <div class='ocr_carea' id='block_1_12' title="bbox 116 1793 915 2399">
    <p class='ocr_par' dir='ltr' id='par_1_13' title="bbox 116 1793 909 1944">
     <span class='ocr_line' id='line_1_32' title="bbox 116 1793 909 1869; baseline -0.008 -15"><span class='ocrx_word' id='word_1_244' title='bbox 116 1798 223 1869; x_wconf 87' lang='lat' dir='ltr'>aliaque</span> <span class='ocrx_word' id='word_1_245' title='bbox 237 1812 298 1867; x_wconf 74' lang='lat' dir='ltr'>qum</span> <span class='ocrx_word' id='word_1_246' title='bbox 312 1793 403 1849; x_wconf 83' lang='lat' dir='ltr'>omnia</span> <span class='ocrx_word' id='word_1_247' title='bbox 424 1809 586 1848; x_wconf 81' lang='lat' dir='ltr'>enumcrare</span> <span class='ocrx_word' id='word_1_248' title='bbox 614 1794 726 1865; x_wconf 80' lang='lat' dir='ltr'>longum</span> <span class='ocrx_word' id='word_1_249' title='bbox 753 1802 805 1860; x_wconf 83' lang='lat' dir='ltr'>est,</span> <span class='ocrx_word' id='word_1_250' title='bbox 823 1793 909 1848; x_wconf 82' lang='lat' dir='ltr'>ntita-</span> 
     </span>
     <span class='ocr_line' id='line_1_33' title="bbox 117 1883 317 1944; baseline -0.05 1"><span class='ocrx_word' id='word_1_251' title='bbox 117 1887 179 1944; x_wconf 85' lang='lat' dir='ltr'>cttlu</span> <span class='ocrx_word' id='word_1_252' title='bbox 196 1883 317 1939; x_wconf 61' lang='lat' dir='ltr'>lecerit?</span> 
     </span>
    </p>

    <p class='ocr_par' dir='ltr' id='par_1_14' title="bbox 116 1967 913 2135">
     <span class='ocr_line' id='line_1_34' title="bbox 152 1967 913 2041; baseline -0.011 -12"><span class='ocrx_word' id='word_1_253' title='bbox 152 1977 273 2029; x_wconf 79' lang='lat' dir='ltr'>blot-sas.</span> <span class='ocrx_word' id='word_1_254' title='bbox 303 1972 400 2026; x_wconf 88' lang='lat' dir='ltr'>llicunt</span> <span class='ocrx_word' id='word_1_255' title='bbox 424 1986 489 2026; x_wconf 84' lang='lat' dir='ltr'>sane</span> <span class='ocrx_word' id='word_1_256' title='bbox 514 1970 642 2025; x_wconf 88' lang='lat' dir='ltr'>doctores</span> <span class='ocrx_word' id='word_1_257' title='bbox 668 1968 754 2024; x_wconf 80' lang='lat' dir='ltr'>nostri</span> <span class='ocrx_word' id='word_1_258' title='bbox 783 1969 856 2041; x_wconf 92' lang='lat' dir='ltr'>quod</span> <span class='ocrx_word' id='word_1_259' title='bbox 885 1967 913 2021; x_wconf 95' lang='lat' dir='ltr'>in</span> 
     </span>
     <span class='ocr_line' id='line_1_35' title="bbox 116 2058 454 2135; baseline -0.024 -15"><span class='ocrx_word' id='word_1_260' title='bbox 116 2064 232 2135; x_wconf 67' lang='lat' dir='ltr'>AEgrpto</span> <span class='ocrx_word' id='word_1_261' title='bbox 247 2076 304 2115; x_wconf 84' lang='lat' dir='ltr'>eant</span> <span class='ocrx_word' id='word_1_262' title='bbox 315 2058 454 2114; x_wconf 87' lang='lat' dir='ltr'>addidicit.</span> 
     </span>
    </p>

    <p class='ocr_par' dir='ltr' id='par_1_15' title="bbox 117 2146 915 2399">
     <span class='ocr_line' id='line_1_36' title="bbox 154 2146 914 2220; baseline -0.007 -15"><span class='ocrx_word' id='word_1_263' title='bbox 154 2154 271 2205; x_wconf 67' lang='grc' dir='ltr'><strong>ιιι-ιιι.</strong></span> <span class='ocrx_word' id='word_1_264' title='bbox 290 2150 325 2202; x_wconf 80' lang='lat' dir='ltr'>lin</span> <span class='ocrx_word' id='word_1_265' title='bbox 352 2146 541 2217; x_wconf 78' lang='lat' dir='ltr'>uerbisiqitur</span> <span class='ocrx_word' id='word_1_266' title='bbox 567 2147 621 2200; x_wconf 82' lang='lat' dir='ltr'>tuis</span> <span class='ocrx_word' id='word_1_267' title='bbox 648 2146 674 2200; x_wconf 90' lang='lat' dir='ltr'>iu</span> <span class='ocrx_word' id='word_1_268' title='bbox 703 2147 820 2220; x_wconf 59' lang='lat' dir='ltr'>,ligypto</span> <span class='ocrx_word' id='word_1_269' title='bbox 850 2153 914 2200; x_wconf 91' lang='lat' dir='ltr'>tuuc</span> 
     </span>
     <span class='ocr_line' id='line_1_37' title="bbox 117 2235 915 2309; baseline -0.009 -15"><span class='ocrx_word' id='word_1_270' title='bbox 117 2238 248 2309; x_wconf 84' lang='lat' dir='ltr'>temporis</span> <span class='ocrx_word' id='word_1_271' title='bbox 263 2236 345 2290; x_wconf 86' lang='lat' dir='ltr'>luisse</span> <span class='ocrx_word' id='word_1_272' title='bbox 359 2242 579 2304; x_wconf 76' lang='lat' dir='ltr'>comprobantur,</span> <span class='ocrx_word' id='word_1_273' title='bbox 591 2236 637 2306; x_wconf 88' lang='lat' dir='ltr'>qui</span> <span class='ocrx_word' id='word_1_274' title='bbox 652 2250 737 2305; x_wconf 88' lang='lat' dir='ltr'>opera</span> <span class='ocrx_word' id='word_1_275' title='bbox 765 2235 861 2290; x_wconf 85' lang='lat' dir='ltr'>eadem</span> <span class='ocrx_word' id='word_1_276' title='bbox 887 2241 915 2287; x_wconf 90' lang='lat' dir='ltr'>et</span> 
     </span>
     <span class='ocr_line' id='line_1_38' title="bbox 118 2328 373 2399; baseline -0.02 -18"><span class='ocrx_word' id='word_1_277' title='bbox 118 2328 170 2399; x_wconf 84' lang='lat' dir='ltr'>ipsi</span> <span class='ocrx_word' id='word_1_278' title='bbox 184 2332 373 2395; x_wconf 78' lang='lat' dir='ltr'>operarentur.</span> 
     </span>
    </p>
   </div>
   <div class='ocr_carea' id='block_1_13' title="bbox 154 2420 478 2476">
    <p class='ocr_par' dir='ltr' id='par_1_16' title="bbox 154 2420 478 2476">
     <span class='ocr_line' id='line_1_39' title="bbox 154 2420 478 2476; baseline -0.009 0"><span class='ocrx_word' id='word_1_279' title='bbox 154 2424 279 2476; x_wconf 82' lang='lat' dir='ltr'>llorsns.</span> <span class='ocrx_word' id='word_1_280' title='bbox 298 2420 389 2474; x_wconf 87' lang='lat' dir='ltr'>Potest</span> <span class='ocrx_word' id='word_1_281' title='bbox 403 2434 478 2473; x_wconf 88' lang='lat' dir='ltr'>esse.</span> 
     </span>
    </p>
   </div>
   <div class='ocr_carea' id='block_1_14' title="bbox 120 2525 916 2776">
    <p class='ocr_par' dir='ltr' id='par_1_17' title="bbox 120 2525 916 2776">
     <span class='ocr_line' id='line_1_40' title="bbox 156 2525 913 2599; baseline -0.003 -17"><span class='ocrx_word' id='word_1_282' title='bbox 156 2529 276 2582; x_wconf 81' lang='lat' dir='ltr'>l‘urnus.</span> <span class='ocrx_word' id='word_1_283' title='bbox 292 2525 463 2596; x_wconf 80' lang='lat' dir='ltr'>erareergo</span> <span class='ocrx_word' id='word_1_284' title='bbox 487 2540 570 2596; x_wconf 85' lang='lat' dir='ltr'>opera</span> <span class='ocrx_word' id='word_1_285' title='bbox 598 2540 691 2581; x_wconf 88' lang='lat' dir='ltr'>corum</span> <span class='ocrx_word' id='word_1_286' title='bbox 720 2525 861 2599; x_wconf 78' lang='lat' dir='ltr'>divulgata</span> <span class='ocrx_word' id='word_1_287' title='bbox 888 2533 913 2581; x_wconf 90' lang='lat' dir='ltr'>et</span> 
     </span>
     <span class='ocr_line' id='line_1_41' title="bbox 121 2614 915 2686; baseline -0.008 -12"><span class='ocrx_word' id='word_1_288' title='bbox 121 2617 214 2674; x_wconf 89' lang='lat' dir='ltr'>audita</span> <span class='ocrx_word' id='word_1_289' title='bbox 229 2632 282 2670; x_wconf 92' lang='lat' dir='ltr'>nott</span> <span class='ocrx_word' id='word_1_290' title='bbox 304 2624 375 2682; x_wconf 88' lang='lat' dir='ltr'>suut,</span> <span class='ocrx_word' id='word_1_291' title='bbox 391 2614 617 2686; x_wconf 87' lang='lat' dir='ltr'>quemadmodum</span> <span class='ocrx_word' id='word_1_292' title='bbox 641 2624 666 2670; x_wconf 93' lang='grc' dir='ltr'>ει</span> <span class='ocrx_word' id='word_1_293' title='bbox 694 2615 754 2684; x_wconf 86' lang='lat' dir='ltr'>ejus</span> <span class='ocrx_word' id='word_1_294' title='bbox 781 2614 915 2670; x_wconf 75' lang='lat' dir='ltr'>fuerumt</span> 
     </span>
     <span class='ocr_line' id='line_1_42' title="bbox 120 2702 916 2776; baseline -0.001 -16"><span class='ocrx_word' id='word_1_295' title='bbox 120 2705 304 2776; x_wconf 80' lang='lat' dir='ltr'>Quateetiam</span> <span class='ocrx_word' id='word_1_296' title='bbox 326 2702 466 2772; x_wconf 86' lang='lat' dir='ltr'>sapientes</span> <span class='ocrx_word' id='word_1_297' title='bbox 494 2703 603 2774; x_wconf 76' lang='lat' dir='ltr'>AEgppti</span> <span class='ocrx_word' id='word_1_298' title='bbox 633 2703 781 2759; x_wconf 81' lang='lat' dir='ltr'>doctrinam</span> <span class='ocrx_word' id='word_1_299' title='bbox 809 2703 916 2771; x_wconf 75' lang='lat' dir='ltr'>ejusac</span> 
     </span>
    </p>
   </div>
   <div class='ocr_carea' id='block_1_15' title="bbox 118 2800 916 2948">
    <p class='ocr_par' dir='ltr' id='par_1_18' title="bbox 118 2800 916 2948">
     <span class='ocr_line' id='line_1_43' title="bbox 119 2800 916 2877; baseline -0.008 -17"><span class='ocrx_word' id='word_1_300' title='bbox 119 2804 209 2877; x_wconf 75' lang='lat' dir='ltr'>legent</span> <span class='ocrx_word' id='word_1_301' title='bbox 225 2801 403 2872; x_wconf 78' lang='lat' dir='ltr'>susciperent,</span> <span class='ocrx_word' id='word_1_302' title='bbox 420 2800 443 2854; x_wconf 87' lang='lat' dir='ltr'>si</span> <span class='ocrx_word' id='word_1_303' title='bbox 462 2815 525 2855; x_wconf 92' lang='lat' dir='ltr'>eum</span> <span class='ocrx_word' id='word_1_304' title='bbox 556 2817 667 2872; x_wconf 78' lang='lat' dir='ltr'>magum</span> <span class='ocrx_word' id='word_1_305' title='bbox 682 2816 744 2857; x_wconf 85' lang='lat' dir='ltr'>ease</span> <span class='ocrx_word' id='word_1_306' title='bbox 777 2815 916 2872; x_wconf 78' lang='lat' dir='ltr'>agnosce·</span> 
     </span>
     <span class='ocr_line' id='line_1_44' title="bbox 118 2893 203 2948; baseline -0.047 0"><span class='ocrx_word' id='word_1_307' title='bbox 118 2901 176 2948; x_wconf 88' lang='lat' dir='ltr'>rent</span> <span class='ocrx_word' id='word_1_308' title='bbox 189 2893 203 2944; x_wconf 82' lang='grc' dir='ltr'>ι</span> 
     </span>
    </p>
   </div>
   <div class='ocr_carea' id='block_1_16' title="bbox 156 2995 914 3068">
    <p class='ocr_par' dir='ltr' id='par_1_19' title="bbox 156 2995 914 3068">
     <span class='ocr_line' id='line_1_45' title="bbox 156 2995 914 3068; baseline -0.004 -15"><span class='ocrx_word' id='word_1_309' title='bbox 156 3000 281 3054; x_wconf 72' lang='lat' dir='ltr'>blerana.</span> <span class='ocrx_word' id='word_1_310' title='bbox 296 2997 336 3052; x_wconf 90' lang='lat' dir='ltr'>De</span> <span class='ocrx_word' id='word_1_311' title='bbox 350 2996 402 3051; x_wconf 89' lang='lat' dir='ltr'>ltoc</span> <span class='ocrx_word' id='word_1_312' title='bbox 416 2995 464 3051; x_wconf 92' lang='lat' dir='ltr'>tibi</span> <span class='ocrx_word' id='word_1_313' title='bbox 478 3005 553 3052; x_wconf 89' lang='lat' dir='ltr'>certe</span> <span class='ocrx_word' id='word_1_314' title='bbox 568 2995 660 3051; x_wconf 86' lang='lat' dir='ltr'>neseio</span> <span class='ocrx_word' id='word_1_315' title='bbox 671 3010 725 3068; x_wconf 80' lang='lat' dir='ltr'>ego</span> <span class='ocrx_word' id='word_1_316' title='bbox 735 2995 914 3067; x_wconf 81' lang='lat' dir='ltr'>respondere.</span> 
     </span>
    </p>
   </div>
   <div class='ocr_carea' id='block_1_17' title="bbox 120 3072 953 3164">
    <p class='ocr_par' dir='ltr' id='par_1_20' title="bbox 120 3072 953 3164">
     <span class='ocr_line' id='line_1_46' title="bbox 120 3072 953 3164; baseline -0.008 -14"><span class='ocrx_word' id='word_1_317' title='bbox 120 3095 215 3164; x_wconf 84' lang='lat' dir='ltr'>Neque</span> <span class='ocrx_word' id='word_1_318' title='bbox 230 3092 302 3148; x_wconf 89' lang='lat' dir='ltr'>euim</span> <span class='ocrx_word' id='word_1_319' title='bbox 318 3092 352 3146; x_wconf 89' lang='lat' dir='ltr'>de</span> <span class='ocrx_word' id='word_1_320' title='bbox 366 3090 407 3146; x_wconf 88' lang='lat' dir='ltr'>eis</span> <span class='ocrx_word' id='word_1_321' title='bbox 422 3091 525 3157; x_wconf 84' lang='lat' dir='ltr'>audiri,</span> <span class='ocrx_word' id='word_1_322' title='bbox 548 3091 622 3163; x_wconf 93' lang='lat' dir='ltr'>quod</span> <span class='ocrx_word' id='word_1_323' title='bbox 651 3091 678 3144; x_wconf 92' lang='lat' dir='ltr'>in</span> <span class='ocrx_word' id='word_1_324' title='bbox 702 3107 765 3145; x_wconf 88' lang='lat' dir='ltr'>eum</span> <span class='ocrx_word' id='word_1_325' title='bbox 794 3072 953 3161; x_wconf 83' lang='lat' dir='ltr'>uuquamC</span> 
     </span>
    </p>
   </div>
   <div class='ocr_carea' id='block_1_18' title="bbox 120 3179 861 3253">
    <p class='ocr_par' dir='ltr' id='par_1_21' title="bbox 120 3179 861 3253">
     <span class='ocr_line' id='line_1_47' title="bbox 120 3179 861 3253; baseline -0.008 -15"><span class='ocrx_word' id='word_1_326' title='bbox 120 3182 293 3250; x_wconf 84' lang='lat' dir='ltr'>credideriut,</span> <span class='ocrx_word' id='word_1_327' title='bbox 310 3195 361 3235; x_wconf 85' lang='lat' dir='ltr'>nec</span> <span class='ocrx_word' id='word_1_328' title='bbox 376 3181 523 3251; x_wconf 91' lang='lat' dir='ltr'>quomodo,</span> <span class='ocrx_word' id='word_1_329' title='bbox 535 3189 580 3234; x_wconf 85' lang='lat' dir='ltr'>aut</span> <span class='ocrx_word' id='word_1_330' title='bbox 595 3179 705 3253; x_wconf 88' lang='lat' dir='ltr'>quando</span> <span class='ocrx_word' id='word_1_331' title='bbox 719 3179 861 3235; x_wconf 74' lang='lat' dir='ltr'>iecerint?</span> 
     </span>
    </p>
   </div>
   <div class='ocr_carea' id='block_1_19' title="bbox 155 3284 913 3357">
    <p class='ocr_par' dir='ltr' id='par_1_22' title="bbox 155 3284 913 3357">
     <span class='ocr_line' id='line_1_48' title="bbox 155 3284 913 3357; baseline -0.003 -15"><span class='ocrx_word' id='word_1_332' title='bbox 155 3289 276 3342; x_wconf 84' lang='lat' dir='ltr'>l‘mnus.</span> <span class='ocrx_word' id='word_1_333' title='bbox 295 3287 335 3341; x_wconf 88' lang='lat' dir='ltr'>Dc</span> <span class='ocrx_word' id='word_1_334' title='bbox 349 3286 392 3340; x_wconf 86' lang='lat' dir='ltr'>his</span> <span class='ocrx_word' id='word_1_335' title='bbox 405 3284 487 3340; x_wconf 89' lang='lat' dir='ltr'>modo</span> <span class='ocrx_word' id='word_1_336' title='bbox 501 3284 678 3351; x_wconf 85' lang='lat' dir='ltr'>dimittemus,</span> <span class='ocrx_word' id='word_1_337' title='bbox 695 3292 721 3340; x_wconf 91' lang='lat' dir='ltr'>et</span> <span class='ocrx_word' id='word_1_338' title='bbox 737 3300 823 3357; x_wconf 88' lang='lat' dir='ltr'>opera</span> <span class='ocrx_word' id='word_1_339' title='bbox 851 3285 913 3355; x_wconf 81' lang='lat' dir='ltr'>ejus</span> 
     </span>
    </p>
   </div>
   <div class='ocr_carea' id='block_1_20' title="bbox 121 3382 916 3630">
    <p class='ocr_par' dir='ltr' id='par_1_23' title="bbox 121 3382 916 3630">
     <span class='ocr_line' id='line_1_49' title="bbox 123 3382 914 3457; baseline -0.006 -15"><span class='ocrx_word' id='word_1_340' title='bbox 123 3385 227 3457; x_wconf 75' lang='lat' dir='ltr'>singula</span> <span class='ocrx_word' id='word_1_341' title='bbox 241 3383 421 3455; x_wconf 85' lang='lat' dir='ltr'>inquiramus,</span> <span class='ocrx_word' id='word_1_342' title='bbox 437 3390 466 3437; x_wconf 89' lang='lat' dir='ltr'>ut</span> <span class='ocrx_word' id='word_1_343' title='bbox 480 3397 514 3437; x_wconf 87' lang='lat' dir='ltr'>an</span> <span class='ocrx_word' id='word_1_344' title='bbox 530 3382 573 3438; x_wconf 84' lang='lat' dir='ltr'>rel</span> <span class='ocrx_word' id='word_1_345' title='bbox 601 3399 652 3454; x_wconf 90' lang='lat' dir='ltr'>pot·</span> <span class='ocrx_word' id='word_1_346' title='bbox 666 3390 754 3438; x_wconf 86' lang='lat' dir='ltr'>artem</span> <span class='ocrx_word' id='word_1_347' title='bbox 769 3382 914 3454; x_wconf 80' lang='lat' dir='ltr'>magicam,</span> 
     </span>
     <span class='ocr_line' id='line_1_50' title="bbox 122 3469 916 3544; baseline -0.008 -14"><span class='ocrx_word' id='word_1_348' title='bbox 122 3474 165 3530; x_wconf 81' lang='lat' dir='ltr'>rel</span> <span class='ocrx_word' id='word_1_349' title='bbox 181 3489 228 3544; x_wconf 87' lang='grc' dir='ltr'>ρει</span> <span class='ocrx_word' id='word_1_350' title='bbox 241 3471 322 3525; x_wconf 86' lang='lat' dir='ltr'>alium</span> <span class='ocrx_word' id='word_1_351' title='bbox 338 3470 478 3540; x_wconf 77' lang='lat' dir='ltr'>physicam</span> <span class='ocrx_word' id='word_1_352' title='bbox 493 3470 623 3541; x_wconf 85' lang='lat' dir='ltr'>aliquam,</span> <span class='ocrx_word' id='word_1_353' title='bbox 641 3485 675 3525; x_wconf 88' lang='lat' dir='ltr'>an</span> <span class='ocrx_word' id='word_1_354' title='bbox 690 3470 780 3542; x_wconf 90' lang='lat' dir='ltr'>potius</span> <span class='ocrx_word' id='word_1_355' title='bbox 795 3485 843 3542; x_wconf 89' lang='grc' dir='ltr'>ρει</span> <span class='ocrx_word' id='word_1_356' title='bbox 858 3469 916 3526; x_wconf 80' lang='grc' dir='ltr'><strong>ιιι-</strong></span> 
     </span>
     <span class='ocr_line' id='line_1_51' title="bbox 121 3557 664 3630; baseline -0.009 -12"><span class='ocrx_word' id='word_1_357' title='bbox 121 3569 206 3618; x_wconf 89' lang='lat' dir='ltr'>tutem</span> <span class='ocrx_word' id='word_1_358' title='bbox 222 3559 270 3614; x_wconf 83' lang='lat' dir='ltr'>ltei</span> <span class='ocrx_word' id='word_1_359' title='bbox 285 3557 355 3614; x_wconf 86' lang='lat' dir='ltr'>lacta</span> <span class='ocrx_word' id='word_1_360' title='bbox 370 3557 468 3613; x_wconf 88' lang='lat' dir='ltr'>luerint</span> <span class='ocrx_word' id='word_1_361' title='bbox 484 3558 664 3630; x_wconf 85' lang='lat' dir='ltr'>inquiramus.</span> 
     </span>
    </p>
   </div>
   <div class='ocr_carea' id='block_1_21' title="bbox 121 3663 917 3989">
    <p class='ocr_par' dir='ltr' id='par_1_24' title="bbox 121 3663 917 3989">
     <span class='ocr_line' id='line_1_52' title="bbox 157 3663 917 3736; baseline -0.003 -14"><span class='ocrx_word' id='word_1_362' title='bbox 157 3669 280 3722; x_wconf 79' lang='lat' dir='ltr'>bloi-sas.</span> <span class='ocrx_word' id='word_1_363' title='bbox 296 3663 460 3719; x_wconf 77' lang='lat' dir='ltr'>benedicis.</span> <span class='ocrx_word' id='word_1_364' title='bbox 486 3664 520 3718; x_wconf 84' lang='lat' dir='ltr'>lit</span> <span class='ocrx_word' id='word_1_365' title='bbox 534 3680 587 3736; x_wconf 75' lang='lat' dir='ltr'>ego</span> <span class='ocrx_word' id='word_1_366' title='bbox 608 3665 689 3720; x_wconf 89' lang='lat' dir='ltr'>etiam</span> <span class='ocrx_word' id='word_1_367' title='bbox 704 3666 738 3722; x_wconf 91' lang='lat' dir='ltr'>de</span> <span class='ocrx_word' id='word_1_368' title='bbox 765 3664 917 3722; x_wconf 82' lang='lat' dir='ltr'>minoribus</span> 
     </span>
     <span class='ocr_line' id='line_1_53' title="bbox 123 3750 917 3827; baseline -0.004 -16"><span class='ocrx_word' id='word_1_369' title='bbox 123 3753 294 3827; x_wconf 80' lang='lat' dir='ltr'>inquirendis</span> <span class='ocrx_word' id='word_1_370' title='bbox 308 3750 422 3807; x_wconf 90' lang='lat' dir='ltr'>multum</span> <span class='ocrx_word' id='word_1_371' title='bbox 436 3768 492 3807; x_wconf 90' lang='lat' dir='ltr'>nou</span> <span class='ocrx_word' id='word_1_372' title='bbox 506 3769 581 3809; x_wconf 91' lang='lat' dir='ltr'>curo.</span> <span class='ocrx_word' id='word_1_373' title='bbox 598 3753 626 3808; x_wconf 89' lang='lat' dir='ltr'>Si</span> <span class='ocrx_word' id='word_1_374' title='bbox 653 3754 727 3809; x_wconf 88' lang='lat' dir='ltr'>enirn</span> <span class='ocrx_word' id='word_1_375' title='bbox 754 3755 788 3810; x_wconf 92' lang='lat' dir='ltr'>de</span> <span class='ocrx_word' id='word_1_376' title='bbox 802 3753 917 3825; x_wconf 88' lang='lat' dir='ltr'>majori·</span> 
     </span>
     <span class='ocr_line' id='line_1_54' title="bbox 123 3840 917 3912; baseline -0.005 -12"><span class='ocrx_word' id='word_1_377' title='bbox 123 3847 175 3900; x_wconf 90' lang='lat' dir='ltr'>bus</span> <span class='ocrx_word' id='word_1_378' title='bbox 187 3841 347 3910; x_wconf 82' lang='lat' dir='ltr'>ostendetis,</span> <span class='ocrx_word' id='word_1_379' title='bbox 362 3840 435 3912; x_wconf 94' lang='lat' dir='ltr'>quod</span> <span class='ocrx_word' id='word_1_380' title='bbox 448 3857 498 3911; x_wconf 88' lang='grc' dir='ltr'>ρει</span> <span class='ocrx_word' id='word_1_381' title='bbox 524 3840 651 3897; x_wconf 81' lang='lat' dir='ltr'>virtutem</span> <span class='ocrx_word' id='word_1_382' title='bbox 668 3842 717 3899; x_wconf 85' lang='lat' dir='ltr'>llei</span> <span class='ocrx_word' id='word_1_383' title='bbox 746 3842 818 3898; x_wconf 87' lang='lat' dir='ltr'>lacta</span> <span class='ocrx_word' id='word_1_384' title='bbox 843 3848 917 3907; x_wconf 88' lang='lat' dir='ltr'>sunt,</span> 
     </span>
     <span class='ocr_line' id='line_1_55' title="bbox 121 3929 550 3989; baseline -0.007 -1"><span class='ocrx_word' id='word_1_385' title='bbox 121 3935 155 3989; x_wconf 90' lang='lat' dir='ltr'>do</span> <span class='ocrx_word' id='word_1_386' title='bbox 171 3930 323 3987; x_wconf 90' lang='lat' dir='ltr'>minoribus</span> <span class='ocrx_word' id='word_1_387' title='bbox 341 3945 394 3985; x_wconf 90' lang='lat' dir='ltr'>uon</span> <span class='ocrx_word' id='word_1_388' title='bbox 409 3929 550 3985; x_wconf 83' lang='lat' dir='ltr'>dubitabo.</span> 
     </span>
    </p>
   </div>
   <div class='ocr_carea' id='block_1_22' title="bbox 121 4035 919 4197">
    <p class='ocr_par' dir='ltr' id='par_1_25' title="bbox 121 4035 919 4197">
     <span class='ocr_line' id='line_1_56' title="bbox 157 4035 919 4108; baseline -0.004 -13"><span class='ocrx_word' id='word_1_389' title='bbox 157 4041 275 4095; x_wconf 73' lang='lat' dir='ltr'>l’ntncs</span> <span class='ocrx_word' id='word_1_390' title='bbox 287 4035 571 4108; x_wconf 88' lang='lat' dir='ltr'>Sapienterloqueris.</span> <span class='ocrx_word' id='word_1_391' title='bbox 583 4036 617 4091; x_wconf 82' lang='lat' dir='ltr'>lit</span> <span class='ocrx_word' id='word_1_392' title='bbox 626 4053 691 4108; x_wconf 74' lang='lat' dir='ltr'>ego,</span> <span class='ocrx_word' id='word_1_393' title='bbox 706 4044 733 4092; x_wconf 91' lang='lat' dir='ltr'>ut</span> <span class='ocrx_word' id='word_1_394' title='bbox 748 4036 831 4102; x_wconf 89' lang='lat' dir='ltr'>dicis,</span> <span class='ocrx_word' id='word_1_395' title='bbox 845 4037 919 4094; x_wconf 87' lang='lat' dir='ltr'>itaet</span> 
     </span>
     <span class='ocr_line' id='line_1_57' title="bbox 121 4124 881 4197; baseline -0.007 -12"><span class='ocrx_word' id='word_1_396' title='bbox 121 4127 254 4193; x_wconf 90' lang='lat' dir='ltr'>concedo,</span> <span class='ocrx_word' id='word_1_397' title='bbox 270 4141 354 4197; x_wconf 90' lang='lat' dir='ltr'>quare</span> <span class='ocrx_word' id='word_1_398' title='bbox 368 4124 403 4181; x_wconf 92' lang='lat' dir='ltr'>de</span> <span class='ocrx_word' id='word_1_399' title='bbox 417 4124 538 4196; x_wconf 92' lang='lat' dir='ltr'>quolibet</span> <span class='ocrx_word' id='word_1_400' title='bbox 551 4124 671 4195; x_wconf 89' lang='lat' dir='ltr'>primum</span> <span class='ocrx_word' id='word_1_401' title='bbox 695 4125 833 4197; x_wconf 86' lang='lat' dir='ltr'>inquirito.</span> <span class='ocrx_word' id='word_1_402' title='bbox 873 4125 881 4135; x_wconf 84' lang='lat'>‘</span> 
     </span>
    </p>
   </div>
   <div class='ocr_carea' id='block_1_23' title="bbox 124 4237 918 4398">
    <p class='ocr_par' dir='ltr' id='par_1_26' title="bbox 124 4237 918 4398">
     <span class='ocr_line' id='line_1_58' title="bbox 158 4237 917 4311; baseline -0.001 -16"><span class='ocrx_word' id='word_1_403' title='bbox 158 4243 280 4295; x_wconf 79' lang='lat' dir='ltr'>blotsus.</span> <span class='ocrx_word' id='word_1_404' title='bbox 291 4238 411 4292; x_wconf 81' lang='lat' dir='ltr'>l‘timuut</span> <span class='ocrx_word' id='word_1_405' title='bbox 426 4237 546 4293; x_wconf 89' lang='lat' dir='ltr'>omnium</span> <span class='ocrx_word' id='word_1_406' title='bbox 562 4237 638 4306; x_wconf 90' lang='lat' dir='ltr'>mihi,</span> <span class='ocrx_word' id='word_1_407' title='bbox 653 4238 689 4294; x_wconf 90' lang='lat' dir='ltr'>de</span> <span class='ocrx_word' id='word_1_408' title='bbox 717 4237 834 4310; x_wconf 83' lang='lat' dir='ltr'>leprosis</span> <span class='ocrx_word' id='word_1_409' title='bbox 848 4255 917 4311; x_wconf 89' lang='lat' dir='ltr'>qua-</span> 
     </span>
     <span class='ocr_line' id='line_1_59' title="bbox 124 4325 918 4398; baseline -0.004 -13"><span class='ocrx_word' id='word_1_410' title='bbox 124 4329 186 4385; x_wconf 87' lang='lat' dir='ltr'>liter</span> <span class='ocrx_word' id='word_1_411' title='bbox 201 4325 323 4382; x_wconf 88' lang='lat' dir='ltr'>mundati</span> <span class='ocrx_word' id='word_1_412' title='bbox 351 4333 413 4381; x_wconf 83' lang='lat' dir='ltr'>suut</span> <span class='ocrx_word' id='word_1_413' title='bbox 428 4327 539 4393; x_wconf 84' lang='lat' dir='ltr'>(llaltlr.</span> <span class='ocrx_word' id='word_1_414' title='bbox 554 4343 605 4380; x_wconf 81' lang='lat' dir='ltr'>rin</span> <span class='ocrx_word' id='word_1_415' title='bbox 623 4341 630 4395; x_wconf 89' lang='lat'>;</span> <span class='ocrx_word' id='word_1_416' title='bbox 647 4329 813 4398; x_wconf 79' lang='lat' dir='ltr'>lac,xt·t1),</span> <span class='ocrx_word' id='word_1_417' title='bbox 835 4336 860 4382; x_wconf 93' lang='grc' dir='ltr'>ει</span> <span class='ocrx_word' id='word_1_418' title='bbox 883 4327 918 4382; x_wconf 86' lang='lat' dir='ltr'>dc</span> 
     </span>
    </p>
   </div>
   <div class='ocr_carea' id='block_1_24' title="bbox 966 1815 1759 2069">
    <p class='ocr_par' dir='ltr' id='par_1_27' title="bbox 966 1815 1759 2069">
     <span class='ocr_line' id='line_1_60' title="bbox 1001 1815 1757 1889; baseline -0.004 -14"><span class='ocrx_word' id='word_1_419' title='bbox 1001 1822 1116 1875; x_wconf 80' lang='lat' dir='ltr'>l’uraus.</span> <span class='ocrx_word' id='word_1_420' title='bbox 1133 1819 1232 1875; x_wconf 84' lang='lat' dir='ltr'>Verum</span> <span class='ocrx_word' id='word_1_421' title='bbox 1259 1819 1382 1889; x_wconf 86' lang='lat' dir='ltr'>prolecto</span> <span class='ocrx_word' id='word_1_422' title='bbox 1402 1825 1453 1883; x_wconf 88' lang='lat' dir='ltr'>est,</span> <span class='ocrx_word' id='word_1_423' title='bbox 1482 1816 1554 1888; x_wconf 87' lang='lat' dir='ltr'>quia,</span> <span class='ocrx_word' id='word_1_424' title='bbox 1583 1816 1655 1871; x_wconf 85' lang='lat' dir='ltr'>sieut</span> <span class='ocrx_word' id='word_1_425' title='bbox 1683 1815 1757 1872; x_wconf 86' lang='lat' dir='ltr'>dieis.</span> 
     </span>
     <span class='ocr_line' id='line_1_61' title="bbox 966 1903 1759 1975; baseline -0.005 -11"><span class='ocrx_word' id='word_1_426' title='bbox 966 1910 1078 1964; x_wconf 77' lang='lat' dir='ltr'>Assitlta</span> <span class='ocrx_word' id='word_1_427' title='bbox 1095 1916 1217 1962; x_wconf 86' lang='lat' dir='ltr'>testatur.</span> <span class='ocrx_word' id='word_1_428' title='bbox 1243 1907 1297 1963; x_wconf 88' lang='lat' dir='ltr'>Sed</span> <span class='ocrx_word' id='word_1_429' title='bbox 1320 1908 1390 1963; x_wconf 86' lang='lat' dir='ltr'>inter</span> <span class='ocrx_word' id='word_1_430' title='bbox 1403 1905 1453 1961; x_wconf 88' lang='lat' dir='ltr'>Del</span> <span class='ocrx_word' id='word_1_431' title='bbox 1467 1921 1537 1975; x_wconf 89' lang='lat' dir='ltr'>opus</span> <span class='ocrx_word' id='word_1_432' title='bbox 1551 1913 1579 1959; x_wconf 90' lang='lat' dir='ltr'>et</span> <span class='ocrx_word' id='word_1_433' title='bbox 1593 1904 1661 1959; x_wconf 91' lang='lat' dir='ltr'>illud</span> <span class='ocrx_word' id='word_1_434' title='bbox 1689 1903 1759 1975; x_wconf 91' lang='lat' dir='ltr'>quod</span> 
     </span>
     <span class='ocr_line' id='line_1_62' title="bbox 967 1993 1759 2069; baseline -0.005 -17"><span class='ocrx_word' id='word_1_435' title='bbox 967 2006 1115 2068; x_wconf 81' lang='lat' dir='ltr'>petentem</span> <span class='ocrx_word' id='word_1_436' title='bbox 1132 1996 1269 2069; x_wconf 78' lang='lat' dir='ltr'>magicam</span> <span class='ocrx_word' id='word_1_437' title='bbox 1298 1995 1339 2060; x_wconf 81' lang='lat' dir='ltr'>fu,</span> <span class='ocrx_word' id='word_1_438' title='bbox 1371 1995 1398 2049; x_wconf 92' lang='lat' dir='ltr'>in</span> <span class='ocrx_word' id='word_1_439' title='bbox 1413 1993 1625 2049; x_wconf 79' lang='lat' dir='ltr'>resuscitatione</span> <span class='ocrx_word' id='word_1_440' title='bbox 1640 2001 1759 2048; x_wconf 87' lang='lat' dir='ltr'>mortuo-</span> 
     </span>
    </p>
   </div>
   <div class='ocr_carea' id='block_1_25' title="bbox 967 2093 1759 2256">
    <p class='ocr_par' dir='ltr' id='par_1_28' title="bbox 967 2093 1759 2256">
     <span class='ocr_line' id='line_1_63' title="bbox 967 2093 1759 2167; baseline -0.005 -19"><span class='ocrx_word' id='word_1_441' title='bbox 967 2113 1038 2159; x_wconf 84' lang='lat' dir='ltr'>rum,</span> <span class='ocrx_word' id='word_1_442' title='bbox 1059 2096 1186 2150; x_wconf 88' lang='lat' dir='ltr'>distantia</span> <span class='ocrx_word' id='word_1_443' title='bbox 1214 2096 1313 2167; x_wconf 83' lang='lat' dir='ltr'>ingens</span> <span class='ocrx_word' id='word_1_444' title='bbox 1338 2093 1466 2151; x_wconf 86' lang='lat' dir='ltr'>habetur.</span> <span class='ocrx_word' id='word_1_445' title='bbox 1495 2094 1593 2150; x_wconf 90' lang='lat' dir='ltr'>lllortui</span> <span class='ocrx_word' id='word_1_446' title='bbox 1615 2093 1688 2147; x_wconf 90' lang='lat' dir='ltr'>enim</span> <span class='ocrx_word' id='word_1_447' title='bbox 1714 2105 1759 2162; x_wconf 90' lang='grc' dir='ltr'>ρει</span> 
     </span>
     <span class='ocr_line' id='line_1_64' title="bbox 967 2182 1758 2256; baseline -0.006 -19"><span class='ocrx_word' id='word_1_448' title='bbox 967 2201 1076 2255; x_wconf 78' lang='lat' dir='ltr'>tuugum</span> <span class='ocrx_word' id='word_1_449' title='bbox 1101 2186 1219 2256; x_wconf 89' lang='lat' dir='ltr'>aliquem</span> <span class='ocrx_word' id='word_1_450' title='bbox 1248 2184 1380 2248; x_wconf 65' lang='lat' dir='ltr'>suscitati,</span> <span class='ocrx_word' id='word_1_451' title='bbox 1410 2185 1482 2240; x_wconf 83' lang='lat' dir='ltr'>ultra</span> <span class='ocrx_word' id='word_1_452' title='bbox 1513 2198 1596 2256; x_wconf 89' lang='lat' dir='ltr'>quam</span> <span class='ocrx_word' id='word_1_453' title='bbox 1626 2182 1758 2253; x_wconf 76' lang='lat' dir='ltr'>longeest</span> 
     </span>
    </p>
   </div>
   <div class='ocr_carea' id='block_1_26' title="bbox 968 2279 1759 2353">
    <p class='ocr_par' dir='ltr' id='par_1_29' title="bbox 968 2279 1759 2353">
     <span class='ocr_line' id='line_1_65' title="bbox 968 2279 1759 2353; baseline -0.005 -16"><span class='ocrx_word' id='word_1_454' title='bbox 968 2283 1063 2337; x_wconf 87' lang='lat' dir='ltr'>umbra</span> <span class='ocrx_word' id='word_1_455' title='bbox 1078 2299 1125 2337; x_wconf 90' lang='lat' dir='ltr'>sua</span> <span class='ocrx_word' id='word_1_456' title='bbox 1140 2282 1281 2338; x_wconf 88' lang='lat' dir='ltr'>ambulare</span> <span class='ocrx_word' id='word_1_457' title='bbox 1295 2297 1350 2337; x_wconf 90' lang='lat' dir='ltr'>nou</span> <span class='ocrx_word' id='word_1_458' title='bbox 1379 2289 1504 2353; x_wconf 82' lang='lat' dir='ltr'>possunt,</span> <span class='ocrx_word' id='word_1_459' title='bbox 1516 2281 1565 2337; x_wconf 89' lang='lat' dir='ltr'>sed</span> <span class='ocrx_word' id='word_1_460' title='bbox 1575 2296 1640 2337; x_wconf 91' lang='lat' dir='ltr'>cum</span> <span class='ocrx_word' id='word_1_461' title='bbox 1655 2280 1689 2336; x_wconf 85' lang='lat' dir='ltr'>ad</span> <span class='ocrx_word' id='word_1_462' title='bbox 1703 2279 1759 2348; x_wconf 82' lang='lat' dir='ltr'>ejus</span> 
     </span>
    </p>
   </div>
   <div class='ocr_carea' id='block_1_27' title="bbox 968 2376 1761 2893">
    <p class='ocr_par' dir='ltr' id='par_1_30' title="bbox 968 2376 1761 2893">
     <span class='ocr_line' id='line_1_66' title="bbox 968 2376 1760 2450; baseline -0.003 -16"><span class='ocrx_word' id='word_1_463' title='bbox 968 2379 1050 2436; x_wconf 89' lang='lat' dir='ltr'>linem</span> <span class='ocrx_word' id='word_1_464' title='bbox 1061 2379 1194 2446; x_wconf 85' lang='lat' dir='ltr'>venerint,</span> <span class='ocrx_word' id='word_1_465' title='bbox 1210 2379 1354 2435; x_wconf 85' lang='lat' dir='ltr'>interram</span> <span class='ocrx_word' id='word_1_466' title='bbox 1370 2379 1468 2434; x_wconf 89' lang='lat' dir='ltr'>mortui</span> <span class='ocrx_word' id='word_1_467' title='bbox 1481 2379 1618 2443; x_wconf 84' lang='lat' dir='ltr'>recidunt,</span> <span class='ocrx_word' id='word_1_468' title='bbox 1640 2376 1688 2450; x_wconf 89' lang='lat' dir='ltr'>qui</span> <span class='ocrx_word' id='word_1_469' title='bbox 1713 2392 1760 2432; x_wconf 88' lang='lat' dir='ltr'>au·</span> 
     </span>
     <span class='ocr_line' id='line_1_67' title="bbox 969 2467 1761 2540; baseline -0.004 -16"><span class='ocrx_word' id='word_1_470' title='bbox 969 2479 1022 2524; x_wconf 82' lang='lat' dir='ltr'>tem</span> <span class='ocrx_word' id='word_1_471' title='bbox 1038 2468 1151 2540; x_wconf 77' lang='lat' dir='ltr'>perlici</span> <span class='ocrx_word' id='word_1_472' title='bbox 1167 2469 1333 2524; x_wconf 88' lang='lat' dir='ltr'>suscitantur</span> <span class='ocrx_word' id='word_1_473' title='bbox 1349 2467 1485 2533; x_wconf 87' lang='lat' dir='ltr'>virtutem,</span> <span class='ocrx_word' id='word_1_474' title='bbox 1502 2467 1597 2522; x_wconf 90' lang='lat' dir='ltr'>bibunt</span> <span class='ocrx_word' id='word_1_475' title='bbox 1626 2481 1659 2523; x_wconf 88' lang='lat' dir='ltr'>tte</span> <span class='ocrx_word' id='word_1_476' title='bbox 1678 2480 1761 2523; x_wconf 88' lang='lat' dir='ltr'>come·</span> 
     </span>
     <span class='ocr_line' id='line_1_68' title="bbox 968 2555 1761 2629; baseline -0.006 -17"><span class='ocrx_word' id='word_1_477' title='bbox 968 2558 1045 2624; x_wconf 89' lang='lat' dir='ltr'>dunt,</span> <span class='ocrx_word' id='word_1_478' title='bbox 1063 2558 1183 2629; x_wconf 89' lang='lat' dir='ltr'>quolibet</span> <span class='ocrx_word' id='word_1_479' title='bbox 1196 2565 1223 2611; x_wconf 91' lang='lat' dir='ltr'>et</span> <span class='ocrx_word' id='word_1_480' title='bbox 1237 2555 1435 2628; x_wconf 88' lang='lat' dir='ltr'>quantumlibet</span> <span class='ocrx_word' id='word_1_481' title='bbox 1461 2556 1600 2622; x_wconf 85' lang='lat' dir='ltr'>incedunt,</span> <span class='ocrx_word' id='word_1_482' title='bbox 1623 2562 1661 2621; x_wconf 87' lang='lat' dir='ltr'>et,</span> <span class='ocrx_word' id='word_1_483' title='bbox 1676 2569 1761 2626; x_wconf 85' lang='lat' dir='ltr'>quan·</span> 
     </span>
     <span class='ocr_line' id='line_1_69' title="bbox 969 2642 1760 2715; baseline -0.008 -14"><span class='ocrx_word' id='word_1_484' title='bbox 969 2645 1081 2701; x_wconf 88' lang='lat' dir='ltr'>diuDei</span> <span class='ocrx_word' id='word_1_485' title='bbox 1108 2645 1237 2715; x_wconf 88' lang='lat' dir='ltr'>placitum</span> <span class='ocrx_word' id='word_1_486' title='bbox 1265 2653 1316 2710; x_wconf 86' lang='lat' dir='ltr'>est,</span> <span class='ocrx_word' id='word_1_487' title='bbox 1346 2652 1375 2698; x_wconf 91' lang='lat' dir='ltr'>ut</span> <span class='ocrx_word' id='word_1_488' title='bbox 1403 2643 1635 2700; x_wconf 77' lang='lat' dir='ltr'>amterilaomines</span> <span class='ocrx_word' id='word_1_489' title='bbox 1663 2642 1760 2705; x_wconf 79' lang='lat' dir='ltr'>vitant,</span> 
     </span>
     <span class='ocr_line' id='line_1_70' title="bbox 970 2729 1761 2805; baseline -0.008 -16"><span class='ocrx_word' id='word_1_490' title='bbox 970 2734 1039 2790; x_wconf 88' lang='lat' dir='ltr'>sicut</span> <span class='ocrx_word' id='word_1_491' title='bbox 1054 2733 1090 2787; x_wconf 91' lang='lat' dir='ltr'>illi</span> <span class='ocrx_word' id='word_1_492' title='bbox 1110 2748 1181 2805; x_wconf 86' lang='lat' dir='ltr'>quos</span> <span class='ocrx_word' id='word_1_493' title='bbox 1196 2740 1223 2787; x_wconf 92' lang='lat' dir='ltr'>ct</span> <span class='ocrx_word' id='word_1_494' title='bbox 1238 2732 1344 2787; x_wconf 87' lang='lat' dir='ltr'>Eliseus</span> <span class='ocrx_word' id='word_1_495' title='bbox 1360 2738 1386 2787; x_wconf 91' lang='grc' dir='ltr'>ει</span> <span class='ocrx_word' id='word_1_496' title='bbox 1401 2731 1474 2786; x_wconf 82' lang='lat' dir='ltr'>Elias</span> <span class='ocrx_word' id='word_1_497' title='bbox 1489 2731 1629 2788; x_wconf 84' lang='lat' dir='ltr'>suscitarit</span> <span class='ocrx_word' id='word_1_498' title='bbox 1643 2741 1671 2787; x_wconf 89' lang='lat' dir='ltr'>et</span> <span class='ocrx_word' id='word_1_499' title='bbox 1685 2729 1761 2786; x_wconf 84' lang='lat' dir='ltr'>Chri·</span> 
     </span>
     <span class='ocr_line' id='line_1_71' title="bbox 970 2821 1607 2893; baseline -0.005 -16"><span class='ocrx_word' id='word_1_500' title='bbox 970 2831 1027 2877; x_wconf 85' lang='lat' dir='ltr'>stus</span> <span class='ocrx_word' id='word_1_501' title='bbox 1038 2823 1091 2884; x_wconf 86' lang='lat' dir='ltr'>(lll</span> <span class='ocrx_word' id='word_1_502' title='bbox 1103 2822 1255 2893; x_wconf 72' lang='lat' dir='ltr'>Bepara:</span> <span class='ocrx_word' id='word_1_503' title='bbox 1272 2821 1306 2877; x_wconf 84' lang='lat' dir='ltr'><em>W</em></span> <span class='ocrx_word' id='word_1_504' title='bbox 1317 2823 1379 2892; x_wconf 77' lang='lat' dir='ltr'>Rrp.</span> <span class='ocrx_word' id='word_1_505' title='bbox 1396 2836 1426 2874; x_wconf 84' lang='lat' dir='ltr'>tv</span> <span class='ocrx_word' id='word_1_506' title='bbox 1439 2837 1446 2884; x_wconf 88' lang='lat'><strong>;</strong></span> <span class='ocrx_word' id='word_1_507' title='bbox 1460 2821 1528 2877; x_wconf 84' lang='lat' dir='ltr'>Lac.</span> <span class='ocrx_word' id='word_1_508' title='bbox 1545 2821 1607 2889; x_wconf 79' lang='grc' dir='ltr'><strong>ιιι).</strong></span> 
     </span>
    </p>
   </div>
   <div class='ocr_carea' id='block_1_28' title="bbox 969 2922 1763 3356">
    <p class='ocr_par' dir='ltr' id='par_1_31' title="bbox 969 2922 1763 3356">
     <span class='ocr_line' id='line_1_72' title="bbox 1006 2922 1763 2997; baseline -0.007 -13"><span class='ocrx_word' id='word_1_509' title='bbox 1006 2930 1132 2985; x_wconf 83' lang='lat' dir='ltr'>llorsns.</span> <span class='ocrx_word' id='word_1_510' title='bbox 1158 2927 1224 2983; x_wconf 90' lang='lat' dir='ltr'>Cum</span> <span class='ocrx_word' id='word_1_511' title='bbox 1240 2926 1292 2982; x_wconf 86' lang='lat' dir='ltr'>huo</span> <span class='ocrx_word' id='word_1_512' title='bbox 1305 2943 1392 2997; x_wconf 87' lang='lat' dir='ltr'>nsque</span> <span class='ocrx_word' id='word_1_513' title='bbox 1407 2926 1473 2981; x_wconf 86' lang='lat' dir='ltr'>satis</span> <span class='ocrx_word' id='word_1_514' title='bbox 1492 2934 1632 2981; x_wconf 81' lang='lat' dir='ltr'>ostensum</span> <span class='ocrx_word' id='word_1_515' title='bbox 1647 2923 1683 2980; x_wconf 90' lang='lat' dir='ltr'>sit</span> <span class='ocrx_word' id='word_1_516' title='bbox 1697 2922 1763 2997; x_wconf 86' lang='lat' dir='ltr'>quod</span> 
     </span>
     <span class='ocr_line' id='line_1_73' title="bbox 969 3014 1763 3088; baseline -0.005 -16"><span class='ocrx_word' id='word_1_517' title='bbox 969 3017 1095 3088; x_wconf 86' lang='lat' dir='ltr'>nibilper</span> <span class='ocrx_word' id='word_1_518' title='bbox 1124 3024 1210 3071; x_wconf 87' lang='lat' dir='ltr'>artem</span> <span class='ocrx_word' id='word_1_519' title='bbox 1238 3015 1382 3087; x_wconf 71' lang='lat' dir='ltr'>ntagicam,</span> <span class='ocrx_word' id='word_1_520' title='bbox 1408 3014 1466 3069; x_wconf 88' lang='lat' dir='ltr'>imo</span> <span class='ocrx_word' id='word_1_521' title='bbox 1482 3031 1533 3084; x_wconf 82' lang='lat' dir='ltr'>pet·</span> <span class='ocrx_word' id='word_1_522' title='bbox 1563 3014 1612 3070; x_wconf 86' lang='lat' dir='ltr'>Dei</span> <span class='ocrx_word' id='word_1_523' title='bbox 1633 3014 1763 3079; x_wconf 76' lang='lat' dir='ltr'>uirtutem,</span> 
     </span>
     <span class='ocr_line' id='line_1_74' title="bbox 969 3102 1763 3178; baseline -0.008 -17"><span class='ocrx_word' id='word_1_524' title='bbox 969 3117 998 3162; x_wconf 92' lang='lat' dir='ltr'>ut</span> <span class='ocrx_word' id='word_1_525' title='bbox 1012 3106 1153 3178; x_wconf 79' lang='lat' dir='ltr'>propltctre</span> <span class='ocrx_word' id='word_1_526' title='bbox 1164 3104 1221 3169; x_wconf 90' lang='lat' dir='ltr'>alii,</span> <span class='ocrx_word' id='word_1_527' title='bbox 1241 3105 1322 3159; x_wconf 88' lang='lat' dir='ltr'>homo</span> <span class='ocrx_word' id='word_1_528' title='bbox 1338 3103 1383 3159; x_wconf 91' lang='lat' dir='ltr'>ille</span> <span class='ocrx_word' id='word_1_529' title='bbox 1397 3111 1495 3160; x_wconf 88' lang='lat' dir='ltr'>cuncta</span> <span class='ocrx_word' id='word_1_530' title='bbox 1510 3102 1669 3173; x_wconf 77' lang='lat' dir='ltr'>patraverit,</span> <span class='ocrx_word' id='word_1_531' title='bbox 1684 3102 1763 3165; x_wconf 89' lang='lat' dir='ltr'>dicas,</span> 
     </span>
     <span class='ocr_line' id='line_1_75' title="bbox 970 3190 1763 3264; baseline -0.008 -13"><span class='ocrx_word' id='word_1_532' title='bbox 970 3197 1042 3263; x_wconf 83' lang='lat' dir='ltr'>volu,</span> <span class='ocrx_word' id='word_1_533' title='bbox 1052 3210 1101 3250; x_wconf 90' lang='lat' dir='ltr'>cur</span> <span class='ocrx_word' id='word_1_534' title='bbox 1115 3210 1145 3248; x_wconf 88' lang='lat' dir='ltr'>se</span> <span class='ocrx_word' id='word_1_535' title='bbox 1160 3209 1213 3247; x_wconf 95' lang='lat' dir='ltr'>non</span> <span class='ocrx_word' id='word_1_536' title='bbox 1228 3193 1400 3264; x_wconf 81' lang='lat' dir='ltr'>proplietam,</span> <span class='ocrx_word' id='word_1_537' title='bbox 1428 3191 1476 3248; x_wconf 86' lang='lat' dir='ltr'>sed</span> <span class='ocrx_word' id='word_1_538' title='bbox 1493 3190 1546 3245; x_wconf 88' lang='lat' dir='ltr'>Dei</span> <span class='ocrx_word' id='word_1_539' title='bbox 1557 3190 1654 3245; x_wconf 81' lang='lat' dir='ltr'>Filium</span> <span class='ocrx_word' id='word_1_540' title='bbox 1670 3205 1763 3247; x_wconf 77' lang='lat' dir='ltr'>uocare</span> 
     </span>
     <span class='ocr_line' id='line_1_76' title="bbox 970 3280 1183 3356; baseline -0.023 -17"><span class='ocrx_word' id='word_1_541' title='bbox 970 3280 1183 3356; x_wconf 75' lang='lat' dir='ltr'>presumpserit.</span> 
     </span>
    </p>
   </div>
   <div class='ocr_carea' id='block_1_29' title="bbox 970 3390 1767 3825">
    <p class='ocr_par' dir='ltr' id='par_1_32' title="bbox 970 3390 1767 3825">
     <span class='ocr_line' id='line_1_77' title="bbox 1007 3390 1767 3467; baseline -0.004 -15"><span class='ocrx_word' id='word_1_542' title='bbox 1007 3399 1126 3452; x_wconf 77' lang='lat' dir='ltr'>Pennas.</span> <span class='ocrx_word' id='word_1_543' title='bbox 1143 3395 1209 3451; x_wconf 92' lang='lat' dir='ltr'>ldeo</span> <span class='ocrx_word' id='word_1_544' title='bbox 1224 3410 1293 3450; x_wconf 85' lang='lat' dir='ltr'>saue</span> <span class='ocrx_word' id='word_1_545' title='bbox 1308 3393 1381 3458; x_wconf 89' lang='lat' dir='ltr'>lecit,</span> <span class='ocrx_word' id='word_1_546' title='bbox 1398 3395 1462 3467; x_wconf 90' lang='lat' dir='ltr'>quia</span> <span class='ocrx_word' id='word_1_547' title='bbox 1476 3393 1614 3449; x_wconf 81' lang='lat' dir='ltr'>veraciter</span> <span class='ocrx_word' id='word_1_548' title='bbox 1628 3390 1767 3450; x_wconf 85' lang='lat' dir='ltr'>Filiusllei</span> 
     </span>
     <span class='ocr_line' id='line_1_78' title="bbox 970 3482 1766 3555; baseline -0.006 -14"><span class='ocrx_word' id='word_1_549' title='bbox 970 3486 1032 3541; x_wconf 86' lang='lat' dir='ltr'>luit.</span> <span class='ocrx_word' id='word_1_550' title='bbox 1051 3484 1130 3555; x_wconf 78' lang='lat' dir='ltr'>Quod</span> <span class='ocrx_word' id='word_1_551' title='bbox 1146 3499 1208 3539; x_wconf 88' lang='lat' dir='ltr'>curn</span> <span class='ocrx_word' id='word_1_552' title='bbox 1224 3483 1350 3553; x_wconf 81' lang='lat' dir='ltr'>superius</span> <span class='ocrx_word' id='word_1_553' title='bbox 1365 3482 1569 3538; x_wconf 85' lang='lat' dir='ltr'>auctoritaiibus</span> <span class='ocrx_word' id='word_1_554' title='bbox 1579 3482 1673 3537; x_wconf 91' lang='lat' dir='ltr'>multis</span> <span class='ocrx_word' id='word_1_555' title='bbox 1681 3486 1766 3538; x_wconf 88' lang='lat' dir='ltr'>osten·</span> 
     </span>
     <span class='ocr_line' id='line_1_79' title="bbox 971 3570 1766 3644; baseline -0.006 -16"><span class='ocrx_word' id='word_1_556' title='bbox 971 3574 1102 3640; x_wconf 75' lang='lat' dir='ltr'>decimus,</span> <span class='ocrx_word' id='word_1_557' title='bbox 1136 3589 1200 3629; x_wconf 90' lang='lat' dir='ltr'>cum</span> <span class='ocrx_word' id='word_1_558' title='bbox 1215 3571 1250 3629; x_wconf 90' lang='lat' dir='ltr'>de</span> <span class='ocrx_word' id='word_1_559' title='bbox 1271 3571 1332 3644; x_wconf 91' lang='lat' dir='ltr'>ipso</span> <span class='ocrx_word' id='word_1_560' title='bbox 1346 3570 1419 3644; x_wconf 94' lang='lat' dir='ltr'>quod</span> <span class='ocrx_word' id='word_1_561' title='bbox 1448 3570 1523 3626; x_wconf 84' lang='lat' dir='ltr'>Deus</span> <span class='ocrx_word' id='word_1_562' title='bbox 1537 3579 1563 3626; x_wconf 91' lang='lat' dir='ltr'>et</span> <span class='ocrx_word' id='word_1_563' title='bbox 1578 3570 1662 3627; x_wconf 89' lang='lat' dir='ltr'>homo</span> <span class='ocrx_word' id='word_1_564' title='bbox 1687 3570 1766 3626; x_wconf 86' lang='lat' dir='ltr'>luerit</span> 
     </span>
     <span class='ocr_line' id='line_1_80' title="bbox 971 3658 1767 3736; baseline -0.006 -18"><span class='ocrx_word' id='word_1_565' title='bbox 971 3678 1116 3736; x_wconf 75' lang='lat' dir='ltr'>ageremus</span> <span class='ocrx_word' id='word_1_566' title='bbox 1149 3664 1245 3732; x_wconf 74' lang='lat' dir='ltr'>(lana.</span> <span class='ocrx_word' id='word_1_567' title='bbox 1270 3665 1300 3729; x_wconf 89' lang='lat' dir='ltr'>t),</span> <span class='ocrx_word' id='word_1_568' title='bbox 1324 3659 1381 3729; x_wconf 89' lang='lat' dir='ltr'>jam</span> <span class='ocrx_word' id='word_1_569' title='bbox 1403 3658 1431 3714; x_wconf 91' lang='lat' dir='ltr'>id</span> <span class='ocrx_word' id='word_1_570' title='bbox 1444 3658 1556 3714; x_wconf 86' lang='lat' dir='ltr'>ulterius</span> <span class='ocrx_word' id='word_1_571' title='bbox 1582 3661 1705 3731; x_wconf 85' lang='lat' dir='ltr'>probare</span> <span class='ocrx_word' id='word_1_572' title='bbox 1718 3673 1767 3715; x_wconf 91' lang='lat' dir='ltr'>non</span> 
     </span>
     <span class='ocr_line' id='line_1_81' title="bbox 971 3746 1766 3825; baseline -0.006 -19"><span class='ocrx_word' id='word_1_573' title='bbox 971 3751 1137 3825; x_wconf 81' lang='lat' dir='ltr'>indigemus.</span> <span class='ocrx_word' id='word_1_574' title='bbox 1167 3749 1246 3819; x_wconf 89' lang='lat' dir='ltr'>Quod</span> <span class='ocrx_word' id='word_1_575' title='bbox 1261 3748 1284 3803; x_wconf 92' lang='lat' dir='ltr'>si</span> <span class='ocrx_word' id='word_1_576' title='bbox 1298 3748 1378 3803; x_wconf 86' lang='lat' dir='ltr'>etiarn</span> <span class='ocrx_word' id='word_1_577' title='bbox 1394 3747 1473 3814; x_wconf 84' lang='lat' dir='ltr'>velis,</span> <span class='ocrx_word' id='word_1_578' title='bbox 1491 3746 1518 3802; x_wconf 91' lang='lat' dir='ltr'>in</span> <span class='ocrx_word' id='word_1_579' title='bbox 1537 3755 1687 3819; x_wconf 75' lang='lat' dir='ltr'>augustant</span> <span class='ocrx_word' id='word_1_580' title='bbox 1708 3746 1766 3802; x_wconf 84' lang='lat' dir='ltr'>iude</span> 
     </span>
    </p>
   </div>
   <div class='ocr_carea' id='block_1_30' title="bbox 971 3844 1765 4092">
    <p class='ocr_par' dir='ltr' id='par_1_33' title="bbox 971 3844 1765 4092">
     <span class='ocr_line' id='line_1_82' title="bbox 971 3844 1765 3920; baseline -0.01 -16"><span class='ocrx_word' id='word_1_581' title='bbox 971 3848 1181 3920; x_wconf 87' lang='lat' dir='ltr'>disputationem</span> <span class='ocrx_word' id='word_1_582' title='bbox 1197 3845 1349 3912; x_wconf 79' lang='lat' dir='ltr'>veniamus,</span> <span class='ocrx_word' id='word_1_583' title='bbox 1374 3853 1400 3900; x_wconf 90' lang='lat' dir='ltr'>et</span> <span class='ocrx_word' id='word_1_584' title='bbox 1428 3860 1482 3919; x_wconf 75' lang='lat' dir='ltr'>epo</span> <span class='ocrx_word' id='word_1_585' title='bbox 1506 3844 1555 3899; x_wconf 90' lang='lat' dir='ltr'>tibi</span> <span class='ocrx_word' id='word_1_586' title='bbox 1570 3860 1623 3916; x_wconf 89' lang='lat' dir='ltr'>per</span> <span class='ocrx_word' id='word_1_587' title='bbox 1638 3844 1765 3899; x_wconf 87' lang='lat' dir='ltr'>rationem</span> 
     </span>
     <span class='ocr_line' id='line_1_83' title="bbox 971 3932 1764 4008; baseline -0.01 -15"><span class='ocrx_word' id='word_1_588' title='bbox 971 3938 1111 3993; x_wconf 78' lang='lat' dir='ltr'>ostendam</span> <span class='ocrx_word' id='word_1_589' title='bbox 1128 3935 1211 4008; x_wconf 87' lang='lat' dir='ltr'>quod,</span> <span class='ocrx_word' id='word_1_590' title='bbox 1237 3952 1297 3991; x_wconf 89' lang='lat' dir='ltr'>cum</span> <span class='ocrx_word' id='word_1_591' title='bbox 1313 3951 1342 3990; x_wconf 88' lang='lat' dir='ltr'>se</span> <span class='ocrx_word' id='word_1_592' title='bbox 1367 3933 1415 3990; x_wconf 86' lang='lat' dir='ltr'>Dei</span> <span class='ocrx_word' id='word_1_593' title='bbox 1431 3932 1527 3989; x_wconf 80' lang='lat' dir='ltr'>Filium</span> <span class='ocrx_word' id='word_1_594' title='bbox 1554 3933 1665 3989; x_wconf 73' lang='lat' dir='ltr'>vocarit</span> <span class='ocrx_word' id='word_1_595' title='bbox 1679 3934 1764 4003; x_wconf 74' lang='lat' dir='ltr'>(toan.</span> 
     </span>
     <span class='ocr_line' id='line_1_84' title="bbox 973 4022 1362 4092; baseline -0.015 -10"><span class='ocrx_word' id='word_1_596' title='bbox 973 4030 1021 4092; x_wconf 82' lang='lat' dir='ltr'>tul,</span> <span class='ocrx_word' id='word_1_597' title='bbox 1033 4025 1171 4082; x_wconf 80' lang='lat' dir='ltr'>toritatem</span> <span class='ocrx_word' id='word_1_598' title='bbox 1186 4023 1292 4078; x_wconf 86' lang='lat' dir='ltr'>locutus</span> <span class='ocrx_word' id='word_1_599' title='bbox 1306 4022 1362 4076; x_wconf 84' lang='lat' dir='ltr'>suit.</span> 
     </span>
    </p>
   </div>
   <div class='ocr_carea' id='block_1_31' title="bbox 1007 4126 1244 4183">
    <p class='ocr_par' dir='ltr' id='par_1_34' title="bbox 1007 4126 1244 4183">
     <span class='ocr_line' id='line_1_85' title="bbox 1007 4126 1244 4183; baseline -0.008 0"><span class='ocrx_word' id='word_1_600' title='bbox 1007 4131 1131 4183; x_wconf 72' lang='lat' dir='ltr'>llut&#39;stts.</span> <span class='ocrx_word' id='word_1_601' title='bbox 1145 4126 1244 4182; x_wconf 82' lang='lat' dir='ltr'>Placet.</span> 
     </span>
    </p>
   </div>
   <div class='ocr_carea' id='block_1_32' title="bbox 972 4228 1762 4393">
    <p class='ocr_par' dir='ltr' id='par_1_35' title="bbox 972 4228 1762 4393">
     <span class='ocr_line' id='line_1_86' title="bbox 1008 4228 1762 4302; baseline -0.009 -13"><span class='ocrx_word' id='word_1_602' title='bbox 1008 4236 1125 4289; x_wconf 78' lang='lat' dir='ltr'>Pennus.</span> <span class='ocrx_word' id='word_1_603' title='bbox 1142 4231 1194 4300; x_wconf 83' lang='lat' dir='ltr'>Qui</span> <span class='ocrx_word' id='word_1_604' title='bbox 1213 4231 1305 4302; x_wconf 90' lang='lat' dir='ltr'>itaque</span> <span class='ocrx_word' id='word_1_605' title='bbox 1332 4245 1380 4302; x_wconf 97' lang='grc' dir='ltr'>ρει</span> <span class='ocrx_word' id='word_1_606' title='bbox 1407 4230 1532 4285; x_wconf 83' lang='lat' dir='ltr'>virtutem</span> <span class='ocrx_word' id='word_1_607' title='bbox 1565 4236 1695 4300; x_wconf 88' lang='lat' dir='ltr'>operatur</span> <span class='ocrx_word' id='word_1_608' title='bbox 1709 4228 1762 4293; x_wconf 85' lang='lat' dir='ltr'>Dei,</span> 
     </span>
     <span class='ocr_line' id='line_1_87' title="bbox 972 4316 1762 4393; baseline -0.006 -16"><span class='ocrx_word' id='word_1_609' title='bbox 972 4330 1099 4393; x_wconf 87' lang='lat' dir='ltr'>potestne</span> <span class='ocrx_word' id='word_1_610' title='bbox 1115 4317 1375 4393; x_wconf 87' lang='lat' dir='ltr'>quidquamabsque</span> <span class='ocrx_word' id='word_1_611' title='bbox 1390 4316 1476 4388; x_wconf 88' lang='lat' dir='ltr'>ipsius</span> <span class='ocrx_word' id='word_1_612' title='bbox 1491 4317 1541 4372; x_wconf 90' lang='lat' dir='ltr'>Dei</span> <span class='ocrx_word' id='word_1_613' title='bbox 1553 4317 1695 4373; x_wconf 81' lang='lat' dir='ltr'>voluntate</span> <span class='ocrx_word' id='word_1_614' title='bbox 1705 4329 1762 4388; x_wconf 73' lang='lat' dir='ltr'>ope</span> 
     </span>
    </p>
   </div>
   <div class='ocr_carea' id='block_1_33' title="bbox 123 4406 1054 4496">
    <p class='ocr_par' dir='ltr' id='par_1_36' title="bbox 123 4406 1054 4496">
     <span class='ocr_line' id='line_1_88' title="bbox 123 4406 1054 4496; baseline -0.005 -15"><span class='ocrx_word' id='word_1_615' title='bbox 123 4425 204 4481; x_wconf 84' lang='lat' dir='ltr'>caecis</span> <span class='ocrx_word' id='word_1_616' title='bbox 232 4421 346 4494; x_wconf 87' lang='lat' dir='ltr'>qualiter</span> <span class='ocrx_word' id='word_1_617' title='bbox 371 4420 513 4477; x_wconf 88' lang='lat' dir='ltr'>illuminati</span> <span class='ocrx_word' id='word_1_618' title='bbox 543 4424 625 4493; x_wconf 85' lang='lat' dir='ltr'>(Luc.</span> <span class='ocrx_word' id='word_1_619' title='bbox 646 4426 736 4494; x_wconf 83' lang='grc' dir='ltr'><strong>ιιιιι),</strong></span> <span class='ocrx_word' id='word_1_620' title='bbox 758 4423 917 4496; x_wconf 89' lang='lat' dir='ltr'>responderi</span> <span class='ocrx_word' id='word_1_621' title='bbox 932 4426 958 4488; x_wconf 85' lang='lat' dir='ltr'>D</span> <span class='ocrx_word' id='word_1_622' title='bbox 975 4406 1054 4462; x_wconf 64' lang='lat' dir='ltr'>lali?</span> 
     </span>
    </p>
   </div>
   <div class='ocr_carea' id='block_1_34' title="bbox 126 4522 201 4577">
    <p class='ocr_par' dir='ltr' id='par_1_37' title="bbox 126 4522 201 4577">
     <span class='ocr_line' id='line_1_89' title="bbox 126 4522 201 4577; baseline 0.013 -2"><span class='ocrx_word' id='word_1_623' title='bbox 126 4522 201 4577; x_wconf 82' lang='lat' dir='ltr'>rol0.</span> 
     </span>
    </p>
   </div>
   <div class='ocr_carea' id='block_1_35' title="bbox 159 4624 916 4700">
    <p class='ocr_par' dir='ltr' id='par_1_38' title="bbox 159 4624 916 4700">
     <span class='ocr_line' id='line_1_90' title="bbox 159 4624 916 4700; baseline -0.003 -17"><span class='ocrx_word' id='word_1_624' title='bbox 159 4629 278 4683; x_wconf 76' lang='lat' dir='ltr'>earnes.</span> <span class='ocrx_word' id='word_1_625' title='bbox 294 4624 381 4692; x_wconf 88' lang='lat' dir='ltr'>Scias,</span> <span class='ocrx_word' id='word_1_626' title='bbox 411 4624 474 4696; x_wconf 91' lang='lat' dir='ltr'>quia</span> <span class='ocrx_word' id='word_1_627' title='bbox 488 4624 564 4697; x_wconf 88' lang='lat' dir='ltr'>lepra</span> <span class='ocrx_word' id='word_1_628' title='bbox 583 4625 718 4682; x_wconf 85' lang='lat' dir='ltr'>ullatenus</span> <span class='ocrx_word' id='word_1_629' title='bbox 742 4627 820 4685; x_wconf 86' lang='lat' dir='ltr'>aliter</span> <span class='ocrx_word' id='word_1_630' title='bbox 835 4644 916 4700; x_wconf 88' lang='lat' dir='ltr'>quarn</span> 
     </span>
    </p>
   </div>
   <div class='ocr_carea' id='block_1_36' title="bbox 122 4720 918 5142">
    <p class='ocr_par' dir='ltr' id='par_1_39' title="bbox 122 4720 918 5142">
     <span class='ocr_line' id='line_1_91' title="bbox 124 4720 917 4795; baseline -0.005 -13"><span class='ocrx_word' id='word_1_631' title='bbox 124 4725 166 4783; x_wconf 88' lang='lat' dir='ltr'>vel</span> <span class='ocrx_word' id='word_1_632' title='bbox 181 4740 232 4795; x_wconf 91' lang='grc' dir='ltr'>ρει</span> <span class='ocrx_word' id='word_1_633' title='bbox 256 4721 427 4786; x_wconf 88' lang='lat' dir='ltr'>medicinam,</span> <span class='ocrx_word' id='word_1_634' title='bbox 444 4720 486 4776; x_wconf 87' lang='lat' dir='ltr'>rel</span> <span class='ocrx_word' id='word_1_635' title='bbox 500 4722 609 4792; x_wconf 79' lang='lat' dir='ltr'>perlici</span> <span class='ocrx_word' id='word_1_636' title='bbox 625 4721 747 4778; x_wconf 85' lang='lat' dir='ltr'>virtutem</span> <span class='ocrx_word' id='word_1_637' title='bbox 757 4723 849 4779; x_wconf 87' lang='lat' dir='ltr'>curari</span> <span class='ocrx_word' id='word_1_638' title='bbox 863 4739 917 4778; x_wconf 92' lang='lat' dir='ltr'>uon</span> 
     </span>
     <span class='ocr_line' id='line_1_92' title="bbox 124 4810 918 4887; baseline -0.005 -17"><span class='ocrx_word' id='word_1_639' title='bbox 124 4823 228 4887; x_wconf 88' lang='lat' dir='ltr'>potest.</span> <span class='ocrx_word' id='word_1_640' title='bbox 261 4811 340 4879; x_wconf 78' lang='lat' dir='ltr'>Quod</span> <span class='ocrx_word' id='word_1_641' title='bbox 361 4810 384 4864; x_wconf 91' lang='lat' dir='ltr'>si</span> <span class='ocrx_word' id='word_1_642' title='bbox 410 4825 461 4880; x_wconf 88' lang='grc' dir='ltr'><strong>ρει·</strong></span> <span class='ocrx_word' id='word_1_643' title='bbox 476 4810 647 4876; x_wconf 85' lang='lat' dir='ltr'>medicinam,</span> <span class='ocrx_word' id='word_1_644' title='bbox 671 4813 713 4868; x_wconf 84' lang='lat' dir='ltr'>vel</span> <span class='ocrx_word' id='word_1_645' title='bbox 729 4829 779 4884; x_wconf 91' lang='lat' dir='ltr'>per</span> <span class='ocrx_word' id='word_1_646' title='bbox 792 4813 918 4885; x_wconf 88' lang='lat' dir='ltr'>potiones</span> 
     </span>
     <span class='ocr_line' id='line_1_93' title="bbox 123 4897 917 4971; baseline -0.003 -14"><span class='ocrx_word' id='word_1_647' title='bbox 123 4901 250 4965; x_wconf 88' lang='lat' dir='ltr'>interius,</span> <span class='ocrx_word' id='word_1_648' title='bbox 272 4915 323 4971; x_wconf 88' lang='lat' dir='ltr'>per</span> <span class='ocrx_word' id='word_1_649' title='bbox 356 4897 503 4954; x_wconf 80' lang='lat' dir='ltr'>unctiones</span> <span class='ocrx_word' id='word_1_650' title='bbox 527 4909 658 4970; x_wconf 74' lang='lat' dir='ltr'>purgatur</span> <span class='ocrx_word' id='word_1_651' title='bbox 699 4901 833 4956; x_wconf 85' lang='lat' dir='ltr'>exterius.</span> <span class='ocrx_word' id='word_1_652' title='bbox 850 4901 917 4956; x_wconf 88' lang='lat' dir='ltr'>Cum</span> 
     </span>
     <span class='ocr_line' id='line_1_94' title="bbox 122 4987 917 5060; baseline -0.005 -13"><span class='ocrx_word' id='word_1_653' title='bbox 122 5001 211 5047; x_wconf 90' lang='lat' dir='ltr'>autem</span> <span class='ocrx_word' id='word_1_654' title='bbox 227 4987 387 5043; x_wconf 88' lang='lat' dir='ltr'>medicinam</span> <span class='ocrx_word' id='word_1_655' title='bbox 402 4987 522 5058; x_wconf 90' lang='lat' dir='ltr'>aliquam</span> <span class='ocrx_word' id='word_1_656' title='bbox 549 4987 655 5060; x_wconf 84' lang='lat' dir='ltr'>operari</span> <span class='ocrx_word' id='word_1_657' title='bbox 670 4989 704 5044; x_wconf 89' lang='lat' dir='ltr'>ab</span> <span class='ocrx_word' id='word_1_658' title='bbox 718 5005 752 5045; x_wconf 91' lang='grc' dir='ltr'><strong>εο</strong></span> <span class='ocrx_word' id='word_1_659' title='bbox 766 4990 848 5044; x_wconf 88' lang='lat' dir='ltr'>ltomo</span> <span class='ocrx_word' id='word_1_660' title='bbox 862 5004 917 5044; x_wconf 95' lang='lat' dir='ltr'>non</span> 
     </span>
     <span class='ocr_line' id='line_1_95' title="bbox 124 5076 917 5142; baseline -0.004 -7"><span class='ocrx_word' id='word_1_661' title='bbox 124 5078 232 5142; x_wconf 80' lang='lat' dir='ltr'>uiderit,</span> <span class='ocrx_word' id='word_1_662' title='bbox 253 5077 302 5131; x_wconf 88' lang='lat' dir='ltr'>sed</span> <span class='ocrx_word' id='word_1_663' title='bbox 317 5091 364 5131; x_wconf 85' lang='lat' dir='ltr'>eos</span> <span class='ocrx_word' id='word_1_664' title='bbox 379 5076 465 5132; x_wconf 80' lang='lat' dir='ltr'>verbo</span> <span class='ocrx_word' id='word_1_665' title='bbox 479 5083 581 5132; x_wconf 89' lang='lat' dir='ltr'>tantum</span> <span class='ocrx_word' id='word_1_666' title='bbox 592 5086 620 5133; x_wconf 90' lang='lat' dir='ltr'>et</span> <span class='ocrx_word' id='word_1_667' title='bbox 638 5077 665 5132; x_wconf 95' lang='lat' dir='ltr'>in</span> <span class='ocrx_word' id='word_1_668' title='bbox 680 5086 818 5134; x_wconf 86' lang='lat' dir='ltr'>momento</span> <span class='ocrx_word' id='word_1_669' title='bbox 832 5093 917 5134; x_wconf 83' lang='lat' dir='ltr'>cura·</span> 
     </span>
    </p>
   </div>
   <div class='ocr_carea' id='block_1_37' title="bbox 123 5171 917 5420">
    <p class='ocr_par' dir='ltr' id='par_1_40' title="bbox 123 5171 917 5420">
     <span class='ocr_line' id='line_1_96' title="bbox 124 5171 871 5246; baseline -0.001 -16"><span class='ocrx_word' id='word_1_670' title='bbox 124 5174 204 5240; x_wconf 83' lang='lat' dir='ltr'>verit,</span> <span class='ocrx_word' id='word_1_671' title='bbox 218 5171 339 5243; x_wconf 90' lang='lat' dir='ltr'>prolecto</span> <span class='ocrx_word' id='word_1_672' title='bbox 353 5171 426 5246; x_wconf 93' lang='lat' dir='ltr'>quod</span> <span class='ocrx_word' id='word_1_673' title='bbox 438 5188 486 5244; x_wconf 88' lang='lat' dir='ltr'>per</span> <span class='ocrx_word' id='word_1_674' title='bbox 500 5176 630 5231; x_wconf 85' lang='lat' dir='ltr'>virtutem</span> <span class='ocrx_word' id='word_1_675' title='bbox 645 5174 696 5230; x_wconf 88' lang='lat' dir='ltr'>Dei</span> <span class='ocrx_word' id='word_1_676' title='bbox 711 5179 810 5231; x_wconf 87' lang='lat' dir='ltr'>lactum</span> <span class='ocrx_word' id='word_1_677' title='bbox 826 5174 871 5229; x_wconf 90' lang='lat' dir='ltr'>sit.</span> 
     </span>
     <span class='ocr_line' id='line_1_97' title="bbox 158 5260 917 5336; baseline 0.007 -21"><span class='ocrx_word' id='word_1_678' title='bbox 158 5262 281 5315; x_wconf 73' lang='lat' dir='ltr'>blomne.</span> <span class='ocrx_word' id='word_1_679' title='bbox 296 5260 392 5315; x_wconf 88' lang='lat' dir='ltr'>Nonne</span> <span class='ocrx_word' id='word_1_680' title='bbox 419 5260 454 5315; x_wconf 87' lang='lat' dir='ltr'>dc</span> <span class='ocrx_word' id='word_1_681' title='bbox 474 5261 596 5319; x_wconf 80' lang='lat' dir='ltr'>Firmino</span> <span class='ocrx_word' id='word_1_682' title='bbox 610 5278 691 5336; x_wconf 75' lang='lat' dir='ltr'>mago</span> <span class='ocrx_word' id='word_1_683' title='bbox 705 5262 822 5336; x_wconf 74' lang='lat' dir='ltr'>legimus</span> <span class='ocrx_word' id='word_1_684' title='bbox 844 5263 917 5335; x_wconf 90' lang='lat' dir='ltr'>quod</span> 
     </span>
     <span class='ocr_line' id='line_1_98' title="bbox 123 5347 574 5420; baseline 0 -15"><span class='ocrx_word' id='word_1_685' title='bbox 123 5348 261 5420; x_wconf 85' lang='lat' dir='ltr'>leprosum</span> <span class='ocrx_word' id='word_1_686' title='bbox 277 5364 358 5402; x_wconf 90' lang='lat' dir='ltr'>unum</span> <span class='ocrx_word' id='word_1_687' title='bbox 377 5347 574 5405; x_wconf 86' lang='lat' dir='ltr'>mundaveriti</span> 
     </span>
    </p>
   </div>
   <div class='ocr_carea' id='block_1_38' title="bbox 121 5450 917 5797">
    <p class='ocr_par' dir='ltr' id='par_1_41' title="bbox 121 5450 917 5797">
     <span class='ocr_line' id='line_1_99' title="bbox 160 5450 914 5527; baseline 0.005 -18"><span class='ocrx_word' id='word_1_688' title='bbox 160 5456 286 5509; x_wconf 74' lang='lat' dir='ltr'>Parnes.</span> <span class='ocrx_word' id='word_1_689' title='bbox 304 5450 413 5506; x_wconf 79' lang='lat' dir='ltr'>Falsum</span> <span class='ocrx_word' id='word_1_690' title='bbox 428 5466 494 5509; x_wconf 86' lang='lat' dir='ltr'>sane</span> <span class='ocrx_word' id='word_1_691' title='bbox 509 5463 554 5510; x_wconf 87' lang='lat' dir='ltr'>eut</span> <span class='ocrx_word' id='word_1_692' title='bbox 582 5458 655 5527; x_wconf 92' lang='lat' dir='ltr'>quod</span> <span class='ocrx_word' id='word_1_693' title='bbox 669 5474 733 5513; x_wconf 91' lang='lat' dir='ltr'>eum</span> <span class='ocrx_word' id='word_1_694' title='bbox 753 5457 893 5514; x_wconf 82' lang='lat' dir='ltr'>curaverit</span> <span class='ocrx_word' id='word_1_695' title='bbox 907 5471 914 5527; x_wconf 87' lang='lat'><strong>;</strong></span> 
     </span>
     <span class='ocr_line' id='line_1_100' title="bbox 121 5538 916 5615; baseline 0.003 -15"><span class='ocrx_word' id='word_1_696' title='bbox 121 5543 180 5615; x_wconf 90' lang='lat' dir='ltr'>ipse</span> <span class='ocrx_word' id='word_1_697' title='bbox 195 5557 262 5598; x_wconf 85' lang='lat' dir='ltr'>reto</span> <span class='ocrx_word' id='word_1_698' title='bbox 277 5555 325 5611; x_wconf 89' lang='lat' dir='ltr'>per</span> <span class='ocrx_word' id='word_1_699' title='bbox 353 5538 488 5611; x_wconf 75' lang='lat' dir='ltr'>magicam</span> <span class='ocrx_word' id='word_1_700' title='bbox 508 5551 592 5599; x_wconf 86' lang='lat' dir='ltr'>artem</span> <span class='ocrx_word' id='word_1_701' title='bbox 607 5562 684 5601; x_wconf 90' lang='lat' dir='ltr'>suam</span> <span class='ocrx_word' id='word_1_702' title='bbox 713 5547 810 5603; x_wconf 88' lang='lat' dir='ltr'>oeulos</span> <span class='ocrx_word' id='word_1_703' title='bbox 825 5547 916 5602; x_wconf 90' lang='lat' dir='ltr'>ltomi·</span> 
     </span>
     <span class='ocr_line' id='line_1_101' title="bbox 122 5627 914 5702; baseline 0.003 -13"><span class='ocrx_word' id='word_1_704' title='bbox 122 5650 187 5689; x_wconf 92' lang='lat' dir='ltr'>num</span> <span class='ocrx_word' id='word_1_705' title='bbox 201 5629 319 5702; x_wconf 85' lang='lat' dir='ltr'>decepit,</span> <span class='ocrx_word' id='word_1_706' title='bbox 335 5636 362 5684; x_wconf 89' lang='lat' dir='ltr'>et</span> <span class='ocrx_word' id='word_1_707' title='bbox 377 5627 451 5699; x_wconf 90' lang='lat' dir='ltr'>quod</span> <span class='ocrx_word' id='word_1_708' title='bbox 467 5628 494 5683; x_wconf 92' lang='lat' dir='ltr'>in</span> <span class='ocrx_word' id='word_1_709' title='bbox 522 5649 549 5687; x_wconf 88' lang='lat' dir='ltr'>re</span> <span class='ocrx_word' id='word_1_710' title='bbox 565 5648 618 5686; x_wconf 92' lang='lat' dir='ltr'>non</span> <span class='ocrx_word' id='word_1_711' title='bbox 644 5641 701 5689; x_wconf 86' lang='lat' dir='ltr'>erat</span> <span class='ocrx_word' id='word_1_712' title='bbox 715 5636 801 5690; x_wconf 86' lang='lat' dir='ltr'>videri</span> <span class='ocrx_word' id='word_1_713' title='bbox 815 5635 914 5692; x_wconf 85' lang='lat' dir='ltr'>ellecit.</span> 
     </span>
     <span class='ocr_line' id='line_1_102' title="bbox 122 5719 917 5797; baseline -0.001 -16"><span class='ocrx_word' id='word_1_714' title='bbox 122 5723 204 5797; x_wconf 82' lang='lat' dir='ltr'>Cujus</span> <span class='ocrx_word' id='word_1_715' title='bbox 217 5719 256 5778; x_wconf 87' lang='lat' dir='ltr'>rei</span> <span class='ocrx_word' id='word_1_716' title='bbox 270 5725 461 5794; x_wconf 72' lang='lat' dir='ltr'>argumentum</span> <span class='ocrx_word' id='word_1_717' title='bbox 477 5727 528 5788; x_wconf 90' lang='lat' dir='ltr'>est,</span> <span class='ocrx_word' id='word_1_718' title='bbox 544 5722 616 5794; x_wconf 87' lang='lat' dir='ltr'>quod</span> <span class='ocrx_word' id='word_1_719' title='bbox 637 5738 711 5794; x_wconf 73' lang='lat' dir='ltr'>eger</span> <span class='ocrx_word' id='word_1_720' title='bbox 725 5732 786 5794; x_wconf 88' lang='lat' dir='ltr'>post</span> <span class='ocrx_word' id='word_1_721' title='bbox 804 5724 917 5797; x_wconf 85' lang='lat' dir='ltr'>aliquod</span> 
     </span>
    </p>
   </div>
   <div class='ocr_carea' id='block_1_39' title="bbox 972 4507 1764 4666">
    <p class='ocr_par' dir='ltr' id='par_1_42' title="bbox 972 4507 1764 4666">
     <span class='ocr_line' id='line_1_103' title="bbox 1009 4507 1763 4580; baseline -0.011 -13"><span class='ocrx_word' id='word_1_722' title='bbox 1009 4514 1130 4567; x_wconf 79' lang='lat' dir='ltr'>ltmses.</span> <span class='ocrx_word' id='word_1_723' title='bbox 1149 4512 1269 4566; x_wconf 83' lang='lat' dir='ltr'>Necesse</span> <span class='ocrx_word' id='word_1_724' title='bbox 1283 4518 1334 4575; x_wconf 89' lang='lat' dir='ltr'>est,</span> <span class='ocrx_word' id='word_1_725' title='bbox 1364 4508 1428 4564; x_wconf 90' lang='lat' dir='ltr'>mibi</span> <span class='ocrx_word' id='word_1_726' title='bbox 1441 4507 1559 4573; x_wconf 84' lang='lat' dir='ltr'>ridetur,</span> <span class='ocrx_word' id='word_1_727' title='bbox 1576 4508 1651 4580; x_wconf 95' lang='lat' dir='ltr'>quod</span> <span class='ocrx_word' id='word_1_728' title='bbox 1661 4507 1706 4580; x_wconf 94' lang='lat' dir='ltr'>qui</span> <span class='ocrx_word' id='word_1_729' title='bbox 1720 4520 1763 4578; x_wconf 87' lang='grc' dir='ltr'>ρει</span> 
     </span>
     <span class='ocr_line' id='line_1_104' title="bbox 972 4590 1764 4666; baseline -0.009 -14"><span class='ocrx_word' id='word_1_730' title='bbox 972 4597 1098 4652; x_wconf 81' lang='lat' dir='ltr'>virtutem</span> <span class='ocrx_word' id='word_1_731' title='bbox 1115 4595 1244 4651; x_wconf 70' lang='lat' dir='ltr'>bellica</span> <span class='ocrx_word' id='word_1_732' title='bbox 1262 4593 1374 4666; x_wconf 86' lang='lat' dir='ltr'>aliquid,</span> <span class='ocrx_word' id='word_1_733' title='bbox 1395 4592 1550 4647; x_wconf 85' lang='lat' dir='ltr'>nullatenus</span> <span class='ocrx_word' id='word_1_734' title='bbox 1564 4590 1618 4646; x_wconf 88' lang='lat' dir='ltr'>nisi</span> <span class='ocrx_word' id='word_1_735' title='bbox 1634 4591 1764 4646; x_wconf 76' lang='lat' dir='ltr'>uoluntate</span> 
     </span>
    </p>
   </div>
   <div class='ocr_carea' id='block_1_40' title="bbox 972 4691 1389 4763">
    <p class='ocr_par' dir='ltr' id='par_1_43' title="bbox 972 4691 1389 4763">
     <span class='ocr_line' id='line_1_105' title="bbox 972 4691 1389 4763; baseline -0.012 -14"><span class='ocrx_word' id='word_1_736' title='bbox 972 4695 1094 4763; x_wconf 85' lang='lat' dir='ltr'>ejusdem</span> <span class='ocrx_word' id='word_1_737' title='bbox 1110 4693 1159 4748; x_wconf 90' lang='lat' dir='ltr'>Dei</span> <span class='ocrx_word' id='word_1_738' title='bbox 1175 4691 1240 4747; x_wconf 90' lang='lat' dir='ltr'>illud</span> <span class='ocrx_word' id='word_1_739' title='bbox 1253 4699 1389 4762; x_wconf 86' lang='lat' dir='ltr'>operetur.</span> 
     </span>
    </p>
   </div>
   <div class='ocr_carea' id='block_1_41' title="bbox 970 4789 1763 5042">
    <p class='ocr_par' dir='ltr' id='par_1_44' title="bbox 970 4789 1763 5042">
     <span class='ocr_line' id='line_1_106' title="bbox 1008 4789 1763 4866; baseline -0.008 -15"><span class='ocrx_word' id='word_1_740' title='bbox 1008 4799 1125 4851; x_wconf 79' lang='lat' dir='ltr'>Pennus.</span> <span class='ocrx_word' id='word_1_741' title='bbox 1141 4795 1175 4849; x_wconf 78' lang='lat' dir='ltr'>lit</span> <span class='ocrx_word' id='word_1_742' title='bbox 1189 4794 1235 4865; x_wconf 91' lang='lat' dir='ltr'>qui</span> <span class='ocrx_word' id='word_1_743' title='bbox 1249 4810 1298 4866; x_wconf 90' lang='lat' dir='ltr'>pet</span> <span class='ocrx_word' id='word_1_744' title='bbox 1312 4794 1439 4851; x_wconf 87' lang='lat' dir='ltr'>virtutem</span> <span class='ocrx_word' id='word_1_745' title='bbox 1463 4791 1524 4859; x_wconf 88' lang='lat' dir='ltr'>Dei,</span> <span class='ocrx_word' id='word_1_746' title='bbox 1541 4798 1568 4846; x_wconf 89' lang='lat' dir='ltr'>et</span> <span class='ocrx_word' id='word_1_747' title='bbox 1590 4789 1653 4864; x_wconf 84' lang='lat' dir='ltr'>ejus</span> <span class='ocrx_word' id='word_1_748' title='bbox 1668 4804 1763 4865; x_wconf 85' lang='lat' dir='ltr'>opem·</span> 
     </span>
     <span class='ocr_line' id='line_1_107' title="bbox 972 4876 1763 4954; baseline -0.01 -12"><span class='ocrx_word' id='word_1_749' title='bbox 972 4895 1015 4942; x_wconf 90' lang='lat' dir='ltr'>tur</span> <span class='ocrx_word' id='word_1_750' title='bbox 1041 4885 1217 4950; x_wconf 87' lang='lat' dir='ltr'>voluntatem,</span> <span class='ocrx_word' id='word_1_751' title='bbox 1241 4881 1364 4954; x_wconf 82' lang='lat' dir='ltr'>tranquid</span> <span class='ocrx_word' id='word_1_752' title='bbox 1383 4897 1436 4938; x_wconf 93' lang='lat' dir='ltr'>non</span> <span class='ocrx_word' id='word_1_753' title='bbox 1461 4879 1593 4953; x_wconf 75' lang='lat' dir='ltr'>sequitur,</span> <span class='ocrx_word' id='word_1_754' title='bbox 1622 4879 1695 4953; x_wconf 92' lang='lat' dir='ltr'>quod</span> <span class='ocrx_word' id='word_1_755' title='bbox 1718 4876 1763 4934; x_wconf 85' lang='lat' dir='ltr'>bet</span> 
     </span>
     <span class='ocr_line' id='line_1_108' title="bbox 970 4970 1492 5042; baseline -0.013 -12"><span class='ocrx_word' id='word_1_756' title='bbox 970 4974 1084 5042; x_wconf 84' lang='lat' dir='ltr'>auricus,</span> <span class='ocrx_word' id='word_1_757' title='bbox 1100 4981 1125 5028; x_wconf 87' lang='lat' dir='ltr'>et</span> <span class='ocrx_word' id='word_1_758' title='bbox 1138 4970 1226 5027; x_wconf 83' lang='lat' dir='ltr'>tidelis</span> <span class='ocrx_word' id='word_1_759' title='bbox 1241 4972 1299 5041; x_wconf 86' lang='lat' dir='ltr'>ejus</span> <span class='ocrx_word' id='word_1_760' title='bbox 1314 4971 1349 5025; x_wconf 92' lang='lat' dir='ltr'>sit</span> <span class='ocrx_word' id='word_1_761' title='bbox 1368 4971 1492 5026; x_wconf 77' lang='lat' dir='ltr'>servus?</span> 
     </span>
    </p>
   </div>
   <div class='ocr_carea' id='block_1_42' title="bbox 970 5071 1762 5592">
    <p class='ocr_par' dir='ltr' id='par_1_45' title="bbox 970 5071 1762 5592">
     <span class='ocr_line' id='line_1_109' title="bbox 1006 5071 1762 5149; baseline -0.009 -14"><span class='ocrx_word' id='word_1_762' title='bbox 1006 5082 1130 5135; x_wconf 78' lang='lat' dir='ltr'>Morsus.</span> <span class='ocrx_word' id='word_1_763' title='bbox 1146 5077 1243 5149; x_wconf 83' lang='lat' dir='ltr'>Utique</span> <span class='ocrx_word' id='word_1_764' title='bbox 1273 5074 1406 5148; x_wconf 88' lang='lat' dir='ltr'>sequitur.</span> <span class='ocrx_word' id='word_1_765' title='bbox 1422 5074 1493 5130; x_wconf 87' lang='lat' dir='ltr'>Nam</span> <span class='ocrx_word' id='word_1_766' title='bbox 1508 5073 1562 5131; x_wconf 88' lang='lat' dir='ltr'>boc</span> <span class='ocrx_word' id='word_1_767' title='bbox 1588 5071 1709 5146; x_wconf 75' lang='lat' dir='ltr'>legendo</span> <span class='ocrx_word' id='word_1_768' title='bbox 1723 5071 1762 5128; x_wconf 89' lang='lat' dir='ltr'>in·</span> 
     </span>
     <span class='ocr_line' id='line_1_110' title="bbox 971 5161 1762 5237; baseline -0.01 -14"><span class='ocrx_word' id='word_1_769' title='bbox 971 5168 1105 5233; x_wconf 78' lang='lat' dir='ltr'>uenimus,</span> <span class='ocrx_word' id='word_1_770' title='bbox 1114 5165 1186 5237; x_wconf 91' lang='lat' dir='ltr'>quod</span> <span class='ocrx_word' id='word_1_771' title='bbox 1201 5164 1288 5221; x_wconf 90' lang='lat' dir='ltr'>sancti</span> <span class='ocrx_word' id='word_1_772' title='bbox 1300 5164 1452 5235; x_wconf 81' lang='lat' dir='ltr'>prophetae,</span> <span class='ocrx_word' id='word_1_773' title='bbox 1464 5161 1510 5234; x_wconf 93' lang='lat' dir='ltr'>qui</span> <span class='ocrx_word' id='word_1_774' title='bbox 1526 5162 1664 5219; x_wconf 89' lang='lat' dir='ltr'>miracula</span> <span class='ocrx_word' id='word_1_775' title='bbox 1678 5176 1762 5235; x_wconf 92' lang='lat' dir='ltr'>quon-</span> 
     </span>
     <span class='ocr_line' id='line_1_111' title="bbox 971 5246 1762 5322; baseline -0.009 -12"><span class='ocrx_word' id='word_1_776' title='bbox 971 5256 1031 5310; x_wconf 88' lang='lat' dir='ltr'>dam</span> <span class='ocrx_word' id='word_1_777' title='bbox 1048 5256 1179 5321; x_wconf 87' lang='lat' dir='ltr'>iecerunt,</span> <span class='ocrx_word' id='word_1_778' title='bbox 1195 5253 1254 5308; x_wconf 88' lang='lat' dir='ltr'>Deo</span> <span class='ocrx_word' id='word_1_779' title='bbox 1268 5250 1359 5307; x_wconf 90' lang='lat' dir='ltr'>dilecti</span> <span class='ocrx_word' id='word_1_780' title='bbox 1374 5249 1455 5322; x_wconf 87' lang='lat' dir='ltr'>eique</span> <span class='ocrx_word' id='word_1_781' title='bbox 1470 5247 1567 5305; x_wconf 84' lang='lat' dir='ltr'>fideles</span> <span class='ocrx_word' id='word_1_782' title='bbox 1582 5248 1699 5317; x_wconf 85' lang='lat' dir='ltr'>luerunt,</span> <span class='ocrx_word' id='word_1_783' title='bbox 1713 5246 1762 5305; x_wconf 82' lang='lat' dir='ltr'>aic-</span> 
     </span>
     <span class='ocr_line' id='line_1_112' title="bbox 970 5333 1762 5415; baseline -0.015 -16"><span class='ocrx_word' id='word_1_784' title='bbox 970 5353 1000 5399; x_wconf 93' lang='lat' dir='ltr'>ut</span> <span class='ocrx_word' id='word_1_785' title='bbox 1015 5346 1136 5415; x_wconf 83' lang='lat' dir='ltr'>lloyses,</span> <span class='ocrx_word' id='word_1_786' title='bbox 1152 5341 1239 5408; x_wconf 86' lang='lat' dir='ltr'>Elias,</span> <span class='ocrx_word' id='word_1_787' title='bbox 1255 5348 1281 5394; x_wconf 90' lang='lat' dir='ltr'>et</span> <span class='ocrx_word' id='word_1_788' title='bbox 1304 5339 1422 5404; x_wconf 82' lang='lat' dir='ltr'>Eliseus,</span> <span class='ocrx_word' id='word_1_789' title='bbox 1446 5336 1579 5408; x_wconf 87' lang='lat' dir='ltr'>multique</span> <span class='ocrx_word' id='word_1_790' title='bbox 1594 5337 1649 5403; x_wconf 88' lang='lat' dir='ltr'>aiii,</span> <span class='ocrx_word' id='word_1_791' title='bbox 1667 5335 1712 5408; x_wconf 94' lang='lat' dir='ltr'>qui</span> <span class='ocrx_word' id='word_1_792' title='bbox 1737 5333 1762 5388; x_wconf 90' lang='lat' dir='ltr'>in</span> 
     </span>
     <span class='ocr_line' id='line_1_113' title="bbox 971 5426 1761 5500; baseline -0.013 -14"><span class='ocrx_word' id='word_1_793' title='bbox 971 5434 1023 5487; x_wconf 78' lang='lat' dir='ltr'>uita</span> <span class='ocrx_word' id='word_1_794' title='bbox 1040 5449 1087 5486; x_wconf 89' lang='lat' dir='ltr'>sua</span> <span class='ocrx_word' id='word_1_795' title='bbox 1115 5428 1251 5486; x_wconf 85' lang='lat' dir='ltr'>miracula</span> <span class='ocrx_word' id='word_1_796' title='bbox 1278 5427 1359 5500; x_wconf 85' lang='lat' dir='ltr'>plura</span> <span class='ocrx_word' id='word_1_797' title='bbox 1386 5433 1531 5497; x_wconf 84' lang='lat' dir='ltr'>patrarunt</span> <span class='ocrx_word' id='word_1_798' title='bbox 1546 5426 1650 5495; x_wconf 70' lang='lat' dir='ltr'>(deod.</span> <span class='ocrx_word' id='word_1_799' title='bbox 1665 5440 1695 5492; x_wconf 90' lang='grc' dir='ltr'>ιι,</span> <span class='ocrx_word' id='word_1_800' title='bbox 1711 5435 1761 5489; x_wconf 87' lang='grc' dir='ltr'><strong>ιιι;</strong></span> 
     </span>
     <span class='ocr_line' id='line_1_114' title="bbox 971 5509 1761 5592; baseline -0.014 -15"><span class='ocrx_word' id='word_1_801' title='bbox 971 5522 1011 5577; x_wconf 86' lang='grc' dir='ltr'>ιιι</span> <span class='ocrx_word' id='word_1_802' title='bbox 1022 5523 1090 5592; x_wconf 82' lang='lat' dir='ltr'>ltep.</span> <span class='ocrx_word' id='word_1_803' title='bbox 1111 5535 1164 5575; x_wconf 85' lang='grc' dir='ltr'><strong>ιιιι</strong></span> <span class='ocrx_word' id='word_1_804' title='bbox 1179 5523 1206 5573; x_wconf 84' lang='grc' dir='ltr'>ει</span> <span class='ocrx_word' id='word_1_805' title='bbox 1222 5532 1286 5572; x_wconf 86' lang='grc' dir='ltr'><strong>ιιιιι</strong></span> <span class='ocrx_word' id='word_1_806' title='bbox 1301 5531 1307 5585; x_wconf 89' lang='grc'>;</span> <span class='ocrx_word' id='word_1_807' title='bbox 1327 5517 1416 5572; x_wconf 79' lang='lat' dir='ltr'>Eccle.</span> <span class='ocrx_word' id='word_1_808' title='bbox 1429 5524 1530 5583; x_wconf 59' lang='lat' dir='ltr'>aarum</span> <span class='ocrx_word' id='word_1_809' title='bbox 1546 5509 1664 5585; x_wconf 76' lang='lat' dir='ltr'>Wllcp.</span> <span class='ocrx_word' id='word_1_810' title='bbox 1679 5528 1709 5581; x_wconf 89' lang='lat' dir='ltr'>tt,</span> <span class='ocrx_word' id='word_1_811' title='bbox 1722 5526 1761 5577; x_wconf 82' lang='lat' dir='ltr'>tv,</span> 
     </span>
    </p>
   </div>
   <div class='ocr_carea' id='block_1_43' title="bbox 971 5620 1762 5797">
    <p class='ocr_par' dir='ltr' id='par_1_46' title="bbox 971 5620 1762 5797">
     <span class='ocr_line' id='line_1_115' title="bbox 971 5620 1062 5679; baseline -0.033 -12"><span class='ocrx_word' id='word_1_812' title='bbox 971 5627 996 5674; x_wconf 88' lang='lat' dir='ltr'>r,</span> <span class='ocrx_word' id='word_1_813' title='bbox 1013 5620 1062 5679; x_wconf 77' lang='grc' dir='ltr'><strong>ιιι.</strong></span> 
     </span>
     <span class='ocr_line' id='line_1_116' title="bbox 1006 5712 1762 5797; baseline -0.004 -19"><span class='ocrx_word' id='word_1_814' title='bbox 1006 5725 1126 5781; x_wconf 74' lang='lat' dir='ltr'>bernes.</span> <span class='ocrx_word' id='word_1_815' title='bbox 1146 5725 1177 5780; x_wconf 86' lang='lat' dir='ltr'>Et</span> <span class='ocrx_word' id='word_1_816' title='bbox 1192 5723 1238 5797; x_wconf 92' lang='lat' dir='ltr'>qui</span> <span class='ocrx_word' id='word_1_817' title='bbox 1253 5722 1356 5780; x_wconf 90' lang='lat' dir='ltr'>amicus</span> <span class='ocrx_word' id='word_1_818' title='bbox 1376 5719 1426 5778; x_wconf 89' lang='lat' dir='ltr'>Dei</span> <span class='ocrx_word' id='word_1_819' title='bbox 1436 5727 1463 5777; x_wconf 89' lang='lat' dir='ltr'>et</span> <span class='ocrx_word' id='word_1_820' title='bbox 1477 5716 1567 5776; x_wconf 82' lang='lat' dir='ltr'>tidelis</span> <span class='ocrx_word' id='word_1_821' title='bbox 1581 5718 1703 5791; x_wconf 81' lang='lat' dir='ltr'>ejuseat,</span> <span class='ocrx_word' id='word_1_822' title='bbox 1729 5712 1762 5775; x_wconf 80' lang='lat' dir='ltr'>dc</span> 
     </span>
    </p>
   </div>
   <div class='ocr_carea' id='block_1_44' title="bbox 0 0 1897 6038">
    <p class='ocr_par' dir='ltr' id='par_1_47' title="bbox 0 0 1897 6038">
     <span class='ocr_line' id='line_1_117' title="bbox 0 0 1897 6038; baseline 0 0"><span class='ocrx_word' id='word_1_823' title='bbox 0 0 1897 6038; x_wconf 95' lang='lat' dir='ltr'> </span> 
     </span>
    </p>
   </div>
  </div>
 </body>
</html>
