3780 6038
65 210 68 215 ’
80 218 148 275 taes

575 213 763 271 htfflttbts
782 211 900 272 cottff.
920 215 999 273 viti
1021 216 1067 272 ET
1084 203 1226 272 ulrich.

1581 190 1586 197 ’
1643 186 1729 275 'taes

78 342 223 417 quiescens
238 339 358 398 ecclesia
367 337 460 395 multis
471 345 497 396 at
507 341 615 412 mugnis
626 340 766 398 miraculis
777 355 875 397 corus·
889 343 918 409 Α
930 347 1012 415 plene
1028 340 1217 414 rescripserim
1232 340 1384 411 veritatem,
1401 343 1547 416 quia,licet
1562 345 1642 403 nohis
1652 362 1728 420 quae·

77 442 168 508 cabat,
195 446 351 495 sanctorum
377 436 503 511 cahlogo
526 436 664 494 ascribere
686 437 875 509 deberemus;

77 555 140 607 uos,
156 554 192 594 ne
206 537 232 592 iu
248 543 325 592 tanto
339 535 450 606 negotio
465 534 625 592 videremur
638 544 667 590 ut
691 535 785 608 aliqua
807 536 877 593 levi·

76 636 143 695 tate,
159 636 215 683 tam
231 627 265 681 de
278 625 334 679 vita
348 624 444 695 ipsius,
462 640 542 694 quam
556 623 750 692 demiraculis,
766 640 874 696 perve-

77 722 217 780 nerubiles
232 720 328 777 iratres
342 727 453 777 nostros
475 718 676 793 lingonensem
700 728 728 775 et
757 720 876 776 Valenti·

77 828 192 869 oensem
207 810 364 882 episcopos,
381 808 572 864 mandavimus
586 808 697 879 inquiri,
713 824 776 865 cum
793 810 828 864 nd
849 809 877 865 id

76 919 106 966 ut
121 909 219 982 aliquis
233 908 364 963 habentur
379 914 408 963 ut
423 914 533 962 sanctus
547 906 574 961 in
587 906 710 963 Ecclesia
730 907 867 974 militanti,

78 1014 198 1056 necasse
213 998 258 1062 sit,
279 1004 349 1053 utet
364 1012 435 1052 verse
451 995 524 1063 hdei,
548 1012 608 1068 quae
631 1012 681 1068 per
704 995 877 1053 dilectionem

78 1104 216 1171 operetur,
239 1096 334 1152 merita
357 1112 419 1153 cum
443 1095 648 1167 perseverantie
670 1094 744 1151 finali
771 1112 876 1168 praece·

78 1189 156 1255 dant,
172 1196 200 1243 et
213 1186 288 1243 clara
302 1185 385 1240 etiam
400 1185 528 1240 miracula
542 1185 743 1256 subsequantur
757 1203 764 1249 ;
787 1201 877 1259 neque

78 1277 132 1333 alia
146 1275 207 1332 siue
221 1275 281 1330 aliis
296 1274 377 1344 pleue
393 1271 531 1329 sulirciant
545 1273 580 1327 ad
594 1272 725 1330 iudicium
747 1274 876 1331 sanctita·

929 439 992 496 dam
1007 437 1216 511 miraculaque
1231 448 1421 512 postmortem
1437 440 1540 498 iecerat
1553 441 1725 513 intimarunt,

929 535 964 592 de
976 536 1019 591 his
1029 543 1121 591 mmeu
1131 552 1192 608 quae
1202 535 1228 589 in
1240 535 1295 592 vita
1306 535 1404 593 iecisse
1414 537 1525 605 dicitur,
1537 536 1619 594 tidem
1629 541 1729 612 plena-

930 625 998 680 riom
1010 639 1062 680 non
1074 624 1197 681 lecerunt
1209 643 1215 679 :
1227 641 1279 680 uos
1287 641 1321 680 ne
1331 626 1458 697 precibus
1467 628 1564 683 vestris
1574 627 1730 686 videremur

930 713 1041 769 omuino
1056 713 1166 780 deesse,
1182 713 1360 770 concedimus
1371 715 1461 783 vobis,
1479 723 1508 770 ut
1522 732 1584 771 eum
1598 724 1726 790 tauquam

931 819 1054 866 sanctum
1069 810 1098 865 iu
1112 819 1203 866 vestra
1218 812 1338 868 ecclesia
1362 821 1535 880 venerantes,
1568 814 1626 883 ejus
1653 816 1727 887 apud

931 901 1017 955 Deum
1034 898 1165 970 suffragia
1180 898 1341 956 fiducialiter
1354 901 1517 971 imploretis.
1534 903 1632 958 Datum
1646 905 1728 961 Lute-

930 988 1033 1055 rani,v1
1044 986 1108 1044 ldus
1120 988 1423 1060 ianuariipoutificatus
1435 992 1521 1046 nostri
1533 1008 1604 1049 arruo
1614 1002 1701 1049 serto.
1715 1018 1728 1044 s

931 1087 985 1141 llas
1001 1086 1103 1141 litteras
1119 1103 1149 1140 se
1164 1102 1196 1141 ex
1214 1087 1342 1143 Vaticano
1356 1088 1499 1160 decerptas
1511 1089 1639 1146 babuisse
1650 1092 1728 1147 Mau·

930 1176 1024 1248 riquez
1039 1174 1075 1229 ait
1093 1193 1101 1243 ;
1116 1175 1256 1246 additque,
1274 1176 1326 1231 hoe
1341 1175 1438 1233 eodem
1455 1193 1528 1234 anno
1542 1185 1588 1233 ant
1602 1177 1678 1235 initio
1685 1195 1728 1236 se·

932 1264 1050 1338 quentis,
1066 1280 1128 1321 curn
1144 1262 1182 1329 id,
1200 1264 1274 1336 quod
1288 1264 1376 1335 primo
1389 1281 1519 1336 processu
1533 1267 1635 1338 deerat,
1660 1285 1728 1339 sup-

78 1375 112 1432 ris
125 1392 132 1439 ;
147 1390 182 1430 eo
197 1373 270 1447 quod
283 1371 407 1428 nonnulli
425 1370 525 1427 iaciunt
539 1386 625 1442 opera
640 1386 700 1437 sua,
716 1379 746 1427 ῃι
759 1371 876 1428 videm.
930 1362 1031 1436 pletum
1048 1362 1152 1429 luisset,
1169 1361 1197 1419 S.
1210 1361 1359 1418 liebertum
1372 1363 1496 1421 absolute
1507 1373 1661 1422 sanctorum
1677 1382 1728 1423 ca·

76 1473 122 1522 tur
135 1464 171 1520 ab
184 1461 361 1529 hominibus;
378 1469 405 1517 et
426 1473 623 1533 nonuunquam
642 1459 757 1535 angelus
768 1461 878 1520 Satanae
930 1459 994 1516 noni
1010 1458 1162 1531 ascriptum
1178 1458 1272 1526 luisse,
1287 1459 1485 1532 decretumque
1500 1462 1528 1516 in
1541 1463 1668 1536 generali
1678 1480 1727 1522 ca·

79 1560 277 1634 transfigurans
305 1575 335 1614 se
368 1557 397 1614 in
434 1559 565 1630 angelum
601 1558 681 1628 lucis,
720 1559 877 1616 homiuibus
930 1560 1014 1634 pitulo
1029 1560 1222 1618 cisterciensis
1234 1560 1344 1618 lumilise
1371 1569 1400 1617 ut
1415 1561 1512 1619 laetum
1535 1564 1594 1632 ejus
1613 1564 1726 1637 quinto·

78 1650 234 1724 frequenter
248 1648 347 1715 illudit,
361 1646 432 1704 sicut
447 1646 580 1719 demagis
591 1647 692 1719 legitur
708 1646 874 1704 Pharaonis.
889 1695 916 1755 B
929 1656 1039 1713 decimo
1054 1655 1194 1712 Kalendas
1208 1655 1271 1712 itali
1287 1672 1348 1713 cum
1365 1656 1455 1716 officio
1469 1658 1624 1716 duodecim
1637 1659 1729 1718 testie

78 1749 149 1806 Cum
165 1749 257 1821 itaque
270 1745 446 1820 inquisitores
468 1744 593 1818 predicti
615 1745 695 1802 nohis
721 1762 806 1819 super
833 1746 875 1802 his
929 1760 995 1802 uum
1008 1761 1061 1817 per
1074 1744 1231 1802 uuiversum
1248 1744 1344 1802 orbem
1359 1746 1508 1803 solemnius
1521 1746 1722 1807 celebraretur.

82 1934 504 1951 ffl—

82 1956 504 1973 Μ

506 2087 560 2192 S.
621 2089 898 2196 ROBERTI
947 2088 1293 2194 EPISTOLAE.

319 2334 490 2391 aristote
523 2333 642 2390 Phtttt.

338 2446 376 2488 Ab
390 2446 505 2490 ΟῠΟΝΒΙ
519 2446 626 2489 DUOBU-

116 2527 373 2586 lllustrissimoduei
393 2528 496 2598 Onom,
517 2530 669 2587 Rosunrus
683 2529 769 2586 abbas
782 2530 876 2586 hlolis-

83 2600 186 2656 mensis
199 2598 341 2664 Ecclesia,
357 2608 384 2656 et
399 2601 520 2673 quicum
535 2615 568 2657 eo
586 2601 694 2656 Domini
713 2601 876 2674 obsequium

81 2671 288 2742 concupiscunt,
305 2672 421 2727 salutem
437 2679 463 2728 et
477 2671 642 2728 felicitatem.

115 2742 243 2797 Pietatem
258 2750 285 2797 et
307 2743 424 2815 gratiam
451 2743 581 2799 donatam
608 2742 688 2800 vobis
716 2758 733 2798 a
759 2743 875 2800 Domino

77 2821 269 2894 agnoscentes,
287 2815 414 2870 uolumus
437 2814 541 2886 absque
571 2813 741 2884 heneplacito
766 2815 876 2870 celsitu·

78 2883 261 2939 druisvestrte
274 2884 377 2957 aliquid
399 2887 554 2952 innovare;
580 2886 703 2958 quamvis
734 2885 875 2959 antiquum

79 2954 114 3010 sit
127 2960 155 3010 et
169 2970 223 3010 nou
237 2970 337 3011 novum
360 2957 387 3010 in
410 2957 519 3011 virtutis
542 2972 576 3027 ap
597 2957 787 3013 reheusionem
811 2972 876 3012 cur·

79 3041 151 3081 rere.
166 3025 338 3098 Quapropter
353 3026 494 3096 noveritis,
510 3027 545 3082 da
560 2973 712 3099 aliquorum
737 3027 874 3084 sociorum

79 3104 234 3152 nostrorum
249 3112 396 3168 consensu,
414 3099 509 3170 quihus
524 3098 588 3153 duta
612 3106 654 3153 est
703 3099 770 3154 retia
788 3114 874 3172 agno-

78 3168 173 3248 scendi
188 3169 305 3240 seipsos,
319 3169 396 3238 juxta
410 3168 589 3226 sanctissime
603 3115 716 3241 llegufae
727 3179 874 3241 precepta,

77 3255 105 3292 m
122 3254 187 3294 vera
201 3248 361 3310 paupertate
376 3247 402 3295 et
414 3241 588 3297 conscientiae
602 3241 759 3296 sinceritate
781 3241 874 3298 vivere

79 3310 220 3366 statuisse.
239 3310 273 3365 Et
292 3310 354 3382 quin
371 3311 490 3384 reliquos
509 3311 537 3365 iu
562 3311 684 3367 eamdem
708 3312 874 3368 seutentiam

79 3381 214 3436 adducere
228 3397 283 3436 non
295 3382 443 3452 potuimus,
459 3394 485 3438 et
501 3384 611 3438 eosdem
631 3391 658 3437 et
679 3398 775 3439 eorum
801 3383 874 3455 regi·

78 3467 143 3506 mcu
158 3450 304 3519 dimittere,
320 3460 419 3508 etcum
434 3453 476 3508 his
491 3453 537 3524 qui
552 3453 667 3535 vestigia
688 3461 793 3519 nostra,
818 3454 873 3509 imo

79 3521 168 3593 potios
183 3524 267 3579 sancti
284 3522 378 3579 Putris
392 3523 533 3579 Benedicti
561 3540 639 3598 sequi
663 3524 808 3590 voluerint,
837 3524 873 3580 nd

79 3608 198 3675 eremum
213 3593 334 3666 migrare
349 3594 533 3650 decrevimus.
550 3593 618 3664 Quia
634 3610 700 3651 vero
714 3603 834 3651 vestrum
845 3595 872 3650 in

80 3677 131 3720 nos
153 3679 273 3721 animum
301 3666 454 3735 sepissime
481 3666 586 3736 experti
614 3681 720 3731 sumus
747 3674 773 3721 et
801 3680 874 3723 nuno

78 3742 172 3791 contra
187 3736 364 3810 insurgentes
378 3735 515 3808 procellas
543 3736 663 3807 experiri
691 3744 809 3808 oportet,
839 3736 873 3793 de

78 3805 206 3861 omnibus
222 3822 271 3862 vos
285 3806 416 3863 certiores
438 3807 564 3872 lecimus,
593 3815 701 3863 orantes
728 3808 873 3864 Dominum

79 3885 106 3933 et
120 3885 227 3948 patrem
242 3879 393 3948 gratiarum
409 3877 481 3950 quod
496 3892 545 3934 vos
568 3885 595 3934 et
618 3877 727 3935 domum
756 3887 873 3936 vestram

79 3946 235 4005 incolumes
249 3956 404 4006 conservet.
418 3951 514 4006 Amen.

365 4043 531 4103 artstoaa
548 4047 585 4104 tt.

304 4160 407 4202 ononis
425 4160 460 4201 nn
480 4161 640 4202 uouemus.

933 2335 1008 2398 seda,
1026 2333 1158 2407 quidquid
1171 2333 1312 2392 volueritis
1340 2333 1503 2407 impetrabo.
1533 2335 1636 2393 Locum
1665 2337 1729 2396 soli·

931 2405 1033 2462 tudinis
1047 2414 1144 2462 vestrae
1158 2404 1261 2476 eligite,
1276 2414 1303 2462 et
1317 2421 1368 2478 pro
1382 2422 1427 2463 me
1441 2407 1556 2464 assidue
1580 2407 1728 2466 Dominmn

931 2486 1016 2535 orate.
1034 2479 1159 2533 Vestrum
1172 2476 1356 2534 sinceritatem
1372 2477 1506 2537 Dominus
1520 2488 1675 2550 conservat,
1700 2489 1728 2538 et

930 2564 1025 2620 puram
1040 2548 1217 2604 intentionem
1228 2556 1337 2622 augeat.

1209 2668 1381 2729 urtsrotn
1395 2671 1444 2728 lll.

1106 2794 1142 2835 sn
1165 2793 1292 2836 rutnans
1316 2793 1542 2836 crsruncrvrssas.

965 2887 1115 2954 Fratribus,
1133 2887 1179 2959 qul
1198 2886 1226 2942 iu
1241 2885 1379 2942 montibus
1394 2885 1516 2943 cistercii
1539 2886 1574 2943 ad
1602 2896 1725 2947 montem

929 2959 1108 3032 perfeetionis
1123 2958 1320 3024 conscendunt,
1336 2958 1497 3022 bonactus,
1513 2974 1609 3015 eorum
1631 2976 1726 3033 quon-

929 3032 991 3087 dam
1006 3030 1109 3095 socius,
1124 3045 1197 3085 nunc
1212 3029 1355 3085 invallem
1369 3029 1545 3085 miserarium
1568 3029 1721 3101 demersus,

928 3111 990 3175 post
1005 3116 1150 3158 ascensum
1163 3100 1295 3173 palmam,
1310 3109 1337 3157 et
1349 3101 1390 3156 sui
1405 3100 1433 3155 in
1447 3101 1623 3158 ascendendo
1633 3117 1725 3160 recor·

927 3174 1073 3231 dationem.

964 3245 993 3300 Si
1005 3245 1043 3299 lin
1083 3258 1099 3298 a
1113 3241 1217 3312 calami,
1233 3240 1366 3315 lacrymae
1380 3241 1534 3310 atramenti,
1551 3257 1599 3299 cor
1624 3244 1723 3317 papyri

928 3316 1003 3372 vices
1019 3332 1049 3369 su
1070 3315 1110 3369 ire
1125 3322 1247 3385 possent,
1279 3312 1348 3369 lorte
1377 3313 1500 3371 calamus
1527 3329 1616 3381 aures,
1645 3328 1721 3371 atru-

929 3394 1050 3443 mentum
1064 3386 1169 3453 ocutos,
1191 3400 1311 3456 papyrus
1331 3383 1499 3454 affectiones,
1519 3392 1546 3440 et
1567 3384 1659 3443 omnia
1683 3385 1721 3442 si·

927 3458 994 3521 mul,
1010 3456 1089 3513 simul
1104 3462 1132 3510 et
1144 3472 1194 3511 vos
1208 3471 1306 3511 omnes
1326 3456 1361 3510 ad
1389 3454 1514 3512 affectum
1543 3458 1720 3513 commisera-

928 3528 1008 3585 tionis
1033 3526 1255 3584 commovissent.
1281 3528 1427 3598 Postqusm
1458 3526 1531 3582 enim
1561 3526 1638 3584 robis
1663 3543 1720 3586 non
1788 3538 1792 3545 '

927 3598 1044 3662 adhaesi,
1064 3598 1179 3654 adhesit
1192 3597 1486 3670 lingoumeaiaucibus
1498 3595 1567 3652 meis
1578 3616 1585 3654 :
1596 3613 1658 3656 cum
1668 3612 1732 3657 sos‘

927 3687 982 3728 uon
997 3669 1122 3725 viderunt
1135 3669 1209 3725 oculi
1234 3668 1297 3737 mei,
1320 3668 1412 3725 lumen
1431 3668 1574 3725 oculorum
1594 3683 1720 3727 meorum

927 3749 955 3796 rt
968 3741 1057 3823 ipsum
1071 3755 1126 3796 uon
1141 3748 1183 3795 est
1203 3754 1321 3796 mecum.
1345 3741 1417 3796 Ilum
1440 3754 1490 3796 cor
1511 3739 1635 3808 arabis,
1656 3740 1680 3797 si
1702 3756 1721 3799 a

929 3813 1005 3869 vobis
1024 3827 1143 3884 uuquam
1173 3811 1282 3882 poterit,
1309 3809 1360 3866 luit
1387 3809 1523 3878 avulsum,
1548 3810 1651 3867 lactum
1678 3820 1721 3868 est

927 3892 1056 3957 tanquam
1070 3898 1136 3940 cera
1150 3882 1305 3954 liquescens
1318 3882 1345 3936 iu
1360 3881 1450 3937 medio
1464 3880 1568 3937 ventris
1578 3882 1645 3937 mei.
1664 3882 1721 3939 Sed

926 3971 944 4012 a
960 3954 1037 4011 vobis
1052 3954 1149 4009 avulso
1163 3968 1219 4010 non
1233 3960 1324 4007 tamen
1339 3967 1502 4024 quemquam
1518 3966 1550 4006 er
1566 3951 1648 4007 vobis
1667 3951 1720 4008 ista

928 4025 1063 4098 separavit
1077 4023 1180 4079 avulsio
1196 4043 1203 4090 ;
1220 4038 1289 4093 quos
1304 4023 1376 4077 enim
1396 4021 1489 4093 jungit
1509 4021 1629 4078 charitas
1651 4022 1720 4080 lesu

928 4096 1038 4161 Christi,
1054 4095 1154 4150 frustra
1178 4092 1303 4148 dividunt
1324 4101 1457 4149 terrarum
1483 4092 1583 4164 spatia.
1615 4093 1722 4150 Habeat

929 4166 1070 4223 llolismus
1083 4164 1254 4237 presentiam
1269 4163 1404 4233 corporis,
1428 4162 1536 4245 legibus
1560 4161 1723 4221 obedieutiae

117 4238 177 4294 Odo
192 4240 355 4313 Burgundiae
368 4241 432 4307 dux,
457 4252 521 4310 etc,
547 4241 698 4297 venerabili
721 4240 793 4295 Patri
816 4240 874 4295 lto-
888 4226 915 4287 D
929 4237 1077 4302 astrictam,
1093 4235 1242 4291 dummodo
1257 4234 1417 4291 cistercium
1438 4249 1537 4289 anrmae
1560 4233 1723 4291 desiderium

82 4322 171 4363 sauro
187 4308 278 4364 abbati
295 4311 471 4377 llolismeusi,
489 4317 516 4367 et
538 4312 655 4382 reliquis
682 4312 728 4382 qui
755 4326 816 4366 cum
844 4324 877 4366 eo
931 4307 1079 4380 possideat.
1094 4307 1152 4362 lloc
1173 4305 1309 4386 disposuit
1329 4304 1595 4388 Altissimus,·crrjus
1619 4305 1724 4363 inscru-

80 4395 162 4434 uuum
177 4381 279 4435 suntin
294 4381 423 4445 Domino,
439 4397 491 4450 pax
507 4389 612 4437 reterns
633 4382 659 4436 in
684 4391 787 4438 aeterno
809 4382 876 4436 Deo.
931 4378 1024 4434 tabilia
1036 4386 1100 4433 sunt
1114 4386 1229 4442 secreta,
1245 4384 1274 4432 ut
1292 4390 1321 4430 ιιι
1348 4377 1458 4457 diversa
1482 4376 1641 4458 distractus,
1671 4392 1724 4434 nec

119 4450 214 4506 hllatae
229 4458 292 4505 sunt
307 4451 387 4506 nobis
402 4453 498 4507 littere
523 4452 689 4509 sinceritatis
712 4460 808 4508 vestra
829 4467 879 4522 per
931 4451 1021 4507 anima
1035 4465 1085 4520 per
1098 4448 1225 4518 corporis
1240 4455 1474 4503 conversationem
1488 4446 1661 4511 distrahetur,
1672 4463 1726 4505 nec

81 4537 179 4576 manus
195 4522 389 4578 modestissimi
404 4523 453 4577 viri
469 4524 601 4594 Stephani
618 4524 684 4580 socii
700 4522 802 4582 vastrl;
820 4523 880 4595 qui·
933 4536 1035 4592 corpus
1048 4520 1209 4576 distractum
1223 4525 1276 4573 tam
1299 4527 1395 4599 sancta
1417 4517 1625 4599 conversatione
1649 4515 1726 4593 [non]

82 4593 133 4648 bus
148 4593 224 4661 visis,
237 4603 262 4648 et
278 4594 457 4650 intentionem
471 4595 622 4666 probamus
637 4603 760 4666 etopus.
787 4593 879 4649 Facite
933 4592 1037 4647 truatur
1053 4606 1059 4646 :
1074 4605 1125 4662 pro
1138 4591 1230 4646 anima
1244 4588 1384 4671 vobiscum
1394 4588 1514 4671 degente
1523 4597 1661 4646 orationes
1669 4589 1729 4671 lun·

82 4663 154 4747 qnod
169 4663 286 4735 Spiritus
298 4664 387 4734 jubet,
403 4681 459 4737 ego
473 4681 527 4721 non
537 4665 623 4722 deero
651 4665 738 4733 vobis,
769 4664 817 4720 sed
844 4663 880 4719 ab
933 4663 1003 4729 dite;
1019 4678 1128 4734 corpus,
1139 4661 1220 4732 cujus
1231 4673 1350 4716 ammam
1360 4660 1730 4732 possidetistanqusmoptr·

82 4737 220 4808 episcopis
234 4736 460 4809 provincialibus,
476 4744 504 4791 et
518 4737 541 4793 si
559 4737 880 4810 oportueritallomaua
934 4750 985 4790 ruse
1000 4735 1085 4805 partis
1099 4749 1155 4789 sooe
1169 4746 1358 4806 possessores,
1374 4747 1423 4788 vos
1437 4730 1580 4787 salutatio
1599 4730 1726 4788 Domino.
1819 4766 1822 4771 -

707 5055 784 5098 ᾸΝΝΟ
805 5054 906 5098 Domi
924 5052 1112 5098 lthVt-ttcxv

359 5205 862 5359 MATHlLDlS
925 5202 1440 5357 COMlTlSSAE

568 5436 723 5544 mvn
760 5438 843 5541 nv
879 5435 1252 5571 urruouuvn

359 5628 441 5705 (Vide
454 5630 622 5705 Pstrotopiu
635 5636 702 5688 tom
717 5627 864 5700 cxhvlll,
879 5626 934 5688 col.
950 5629 1014 5697 ιιι,
1029 5626 1059 5685 in
1071 5628 1266 5689 rmsnrnttr
1281 5627 1490 5704 crecere.)

731 5760 1117 5801 ..a-...-
