3780 6038
179 234 231 288 tta
687 220 877 277 llllllLGOllll
897 219 1122 275 adeberone.
1144 220 1303 275 arentur.
1775 222 1830 278 tat

178 354 312 412 habentur
325 352 352 405 in
367 349 438 404 villis
453 348 543 404 Sancti
558 346 628 401 Petri
656 346 732 400 multi
761 344 893 409 advocati,
919 343 973 397 imo
987 342 1015 403 Α
1029 342 1113 398 sionis
1126 343 1206 399 villas
1228 344 1347 415 qualibet
1365 346 1508 403 occasione
1522 346 1829 417 invadant,omnemquc

177 452 308 515 raptores,
324 438 352 493 in
366 437 500 508 aliquibus
514 436 642 507 quinque,
655 434 682 488 in
697 434 830 503 aliquibus
848 440 971 502 quatuor,
1027 449 1161 488 annonam
1177 449 1238 487 cum
1265 432 1413 489 redditibus
1427 436 1525 490 exinde
1552 437 1631 493 uobis
1660 436 1828 508 provenien-

178 533 205 587 in
220 529 353 600 aliquibus
368 536 429 593 tres,
461 526 488 579 iu
516 524 649 594 aliquibus
677 524 757 578 etiam
784 530 907 593 septem;
927 521 972 590 qui
1028 519 1097 575 tibus
1129 530 1174 575 aut
1193 538 1241 592 pro
1269 538 1299 577 se
1331 523 1473 593 accipiant,
1502 533 1546 580 aut
1574 524 1667 580 tandiu
1695 523 1829 579 violenter

177 629 275 691 prater
291 627 343 672 tres
357 615 517 687 principales
544 613 685 685 generales
713 611 825 683 placitos
840 610 973 680 'quando-
1026 609 1172 673 detinoant,
1188 610 1274 665 alonec
1288 610 1394 679 majora
1421 628 1502 683 quam
1533 613 1606 684 prius
1634 613 1769 684 petierunt
1792 612 1827 666 ab

178 724 284 779 cunque
299 706 391 761 volunt
405 704 443 757 ibi
466 702 604 773 sigillatim
633 700 776 772 placitant:
807 706 970 771 precaturas,

178 798 234 853 imo
249 795 366 867 rapinas,
383 808 449 863 quas
464 792 550 845 nullas
571 790 681 844 omuino
696 788 795 844 babere
823 788 923 843 debent
937 787 971 842 de

176 901 272 950 avena,
287 884 320 937 de
336 881 504 943 multacibus,
520 878 553 934 de
568 879 694 942 denariis,
710 878 743 932 tle
764 877 889 932 enantibus
902 894 971 945 pene

177 985 322 1042 mobilibus
341 990 434 1037 coutm
461 979 625 1035 voluntatum
654 993 812 1048 pauperum,
828 991 883 1030 non
906 990 971 1046 pre-

175 1075 272 1142 cando,
285 1073 332 1127 sed
347 1070 465 1127 tollendo
494 1068 594 1123 iaciunt
621 1066 729 1137 saepius,
758 1065 803 1119 ubi
832 1064 970 1135 sigillatim

175 1173 305 1220 nocturno
319 1159 476 1215 diverticulo
496 1156 612 1226 jarrendo
628 1171 759 1227 paauperes
777 1152 972 1209 mansionarios

176 1250 339 1308 omnimodis
352 1246 476 1320 affigunt.
496 1246 524 1298 ln
539 1244 643 1316 placitis
671 1251 768 1314 prater
789 1242 925 1297 bincinam
945 1249 972 1295 et

177 1342 296 1396 testeiam
312 1354 365 1392 non
378 1335 459 1391 debat
471 1332 571 1390 babere
586 1333 732 1389 advocatus
747 1331 797 1387 nisi
814 1340 866 1387 tres
888 1330 970 1386 dena-

175 1431 239 1494 rios,
255 1424 485 1489 etalicubiduos‚
515 1422 597 1476 modo
624 1421 645 1475 si
674 1420 770 1489 aliquis
798 1436 851 1475 non
872 1420 970 1491 placito

174 1517 345 1575 scabinorum
373 1514 462 1568 banno
492 1510 570 1565 luerit
610 1509 729 1565 devictus
756 1508 813 1563 sine
840 1517 970 1579 potestate

175 1605 308 1669 advocati,
325 1603 469 1658 advocatus
482 1599 536 1654 vult
561 1596 659 1652 babere
675 1597 779 1650 tertium
809 1597 968 1660 denarium3

1027 698 1118 752 invitis
1130 698 1251 769 exigant.
1267 698 1503 756 Crebrescentibus
1517 702 1558 756 bis
1572 702 1645 773 apud
1670 715 1721 755 uos
1748 700 1828 754 malis

1023 787 1081 857 jam
1099 786 1207 859 triginta
1216 787 1303 855 annis,
1320 788 1346 841 iu
1361 790 1411 843 hoc
1426 789 1565 844 biennium
1581 789 1705 861 pervenit
1714 788 1825 860 gladius

1025 891 1109 945 usquo
1138 875 1172 930 ed
1199 875 1328 945 animam,
1358 885 1384 931 et
1412 878 1476 932 dum
1505 879 1539 934 ab
1563 888 1629 934 aestu
1646 876 1827 933 tribulationis

1026 972 1170 1042 quaerimus
1198 973 1316 1028 noudum
1337 973 1474 1030 iuventam
1497 976 1600 1045 requiei
1623 975 1759 1043 umbram,
1780 975 1825 1028 in-

1025 1061 1156 1115 currimus
1174 1062 1329 1117 succisionis
1348 1063 1445 1118 ialcem
1465 1071 1492 1118 ct
1516 1064 1648 1132 lanceam,
1678 1079 1760 1133 quarn
1781 1063 1825 1116 in-

1025 1150 1114 1204 tulisse
1134 1150 1214 1206 uobis
1234 1151 1388 1223 plangimus
1406 1152 1553 1209 lloatensis
1579 1153 1724 1209 comitisse
1749 1152 1827 1206 mili-

1026 1239 1099 1305 tiam,
1117 1256 1176 1309 quae
1191 1239 1219 1293 in
1232 1241 1433 1296 succensionem
1449 1241 1519 1313 ignis
1534 1249 1559 1297 et
1583 1241 1825 1313 depredationem,

1024 1336 1052 1384 et
1064 1327 1246 1398 captivitatem
1261 1335 1287 1384 et
1302 1336 1417 1385 mortem
1431 1328 1537 1401 redegit
1560 1336 1644 1385 totam
1656 1328 1727 1398 juris
1740 1330 1826 1385 nostri

1024 1416 1160 1471 viciniam.
1192 1417 1222 1470 ln
1249 1417 1291 1471 bis
1318 1418 1444 1471 oninibus
1469 1435 1522 1473 uon
1551 1426 1591 1473 est
1618 1436 1728 1473 aversus
1752 1418 1829 1474 luror

1024 1504 1092 1575 ejus,
1112 1505 1159 1560 sed
1178 1505 1266 1560 adbuc
1294 1522 1389 1560 manus
1414 1507 1473 1575 ejus
1500 1515 1636 1562 extensa:
1668 1523 1826 1578 quanquam

1024 1593 1166 1664 probibeat
1179 1593 1300 1666 gladium
1329 1596 1509 1667 asanguine,
1539 1595 1653 1651 excessit
1683 1597 1762 1651 terris
1775 1595 1825 1665 ju-

175 1695 246 1766 quod
262 1693 335 1747 nullo
350 1690 431 1745 modo
450 1688 530 1742 debet
554 1685 623 1761 liceri,
640 1686 690 1739 nisi
718 1685 828 1740 omnino
843 1686 968 1739 resistens
983 1699 1009 1758 Β
1023 1682 1104 1737 stitia.

174 1780 510 1839 devictuslueritcensura
533 1774 669 1831 advocati.
702 1776 732 1827 ln
761 1774 834 1839 loris,
851 1773 877 1827 in
906 1791 971 1828 san-

173 1872 263 1947 guinis
277 1869 377 1936 fusura,
393 1867 420 1921 in
448 1864 660 1931 manumissuris,
692 1862 717 1916 in
748 1861 856 1915 licentia
885 1863 970 1917 mari-

174 1960 258 2026 tandi,
274 1960 301 2014 iu
315 1964 420 2013 mortua
434 1971 525 2019 manu,
543 1953 608 2008 nibil
623 1952 703 2007 debet
727 1950 826 2006 habere
851 1951 971 2007 advoca-

174 2060 225 2119 tus,
241 2048 291 2104 nisi
318 2045 440 2101 minister
466 2042 556 2098 abbati
578 2040 770 2096 declamaverit
793 2039 864 2111 apud
893 2058 969 2108 eum,

174 2148 201 2197 at
227 2139 286 2210 ipse
310 2135 455 2191 advocatus
475 2132 500 2187 ei
523 2130 694 2186 redemerit:
716 2128 797 2183 modo
826 2128 971 2198 aliquando

173 2228 278 2285 tertiana
292 2230 394 2297 purtem
409 2228 436 2276 et
450 2219 594 2290 aliquando
609 2224 677 2273 totas
704 2224 757 2271 tres
785 2222 876 2287 partes
901 2215 970 2270 diri·

174 2316 273 2392 piendo
287 2312 338 2367 sibi
352 2310 498 2366 vindicant.

211 2431 357 2505 Legitimus
371 2427 516 2482 advocatus
530 2430 612 2480 totam
630 2421 760 2477 familiam
774 2421 865 2477 altaris
879 2420 970 2477 Sancti

173 2521 245 2581 Petri
258 2518 338 2575 debet
354 2524 442 2574 tenere
471 2515 498 2569 in
527 2530 607 2568 manu
636 2529 701 2568 sua:
732 2528 802 2565 nuvrc
818 2512 860 2565 bis
876 2520 902 2566 et
917 2511 971 2565 illis

174 2616 327 2683 perpartes
342 2606 369 2660 iu
393 2602 555 2660 benetie-ium
582 2601 708 2655 distracta
736 2600 916 2671 depraedatur,
944 2608 972 2654 et

175 2698 338 2757 antrihilatur
369 2710 423 2750 non
456 2693 544 2756 unius,
574 2691 621 2745 sed
658 2690 801 2744 multomm
832 2688 968 2743 violentia.

174 2788 331 2857 Ubicunque
353 2783 381 2838 iu
408 2781 494 2837 radiis
521 2779 667 2835 advocatus
696 2778 802 2833 tertium
830 2777 970 2831 denarium

174 2877 255 2933 debet
268 2873 378 2939 babere,
394 2869 573 2927 communiter
586 2868 707 2922 minister
729 2866 845 2932 abbatis,
860 2872 888 2921 et
915 2865 970 2919 mi-

174 2965 256 3020 nister
269 2960 392 3019 advooati
420 2959 528 3015 vadium
556 2957 655 3012 debent
683 2954 857 3026 oppretiare:
889 2953 969 3008 modo

1062 1796 1118 1851 Sub
1133 1797 1175 1851 bis
1189 1797 1284 1853 diebus
1298 1797 1430 1866 Eidertus,
1446 1798 1545 1854 nobilis
1565 1798 1733 1863 adolescens,
1764 1797 1825 1853 bel-

1026 1885 1077 1941 lioo
1095 1886 1149 1940 ictu
1167 1886 1221 1941 vita
1234 1886 1377 1954 decedens,
1393 1887 1421 1941 in
1436 1888 1535 1961 agonia
1551 1887 1653 1959 positus
1668 1887 1697 1942 S.
1715 1888 1825 1941 Petrum

1024 1983 1200 2044 sanctumque
1214 1976 1368 2031 Uramarum
1384 1976 1492 2032 devovit
1519 1975 1569 2031 sibi
1597 1976 1746 2043 haeredem,
1762 1976 1826 2045 qui·

1024 2069 1181 2126 busomnia
1200 2070 1270 2140 juris
1283 2071 1323 2126 sui
1352 2072 1501 2144 possessiva
1527 2071 1635 2142 reliquit
1663 2069 1698 2126 ad
1722 2070 1766 2126 sui
1779 2087 1825 2126 ro·

1025 2159 1125 2231 quiem.
1143 2160 1205 2215 l‘ost
1219 2159 1361 2214 triennium
1389 2159 1478 2215 obitus
1505 2160 1564 2231 ejus
1587 2157 1691 2231 perlato
1710 2176 1824 2232 corpora

1024 2248 1104 2319 hujus
1131 2250 1161 2303 ll.
1191 2249 1296 2319 patroni
1317 2249 1399 2304 nostri
1428 2249 1556 2315 litamen,
1581 2249 1674 2304 omnia
1702 2249 1824 2321 legib'me

1024 2336 1206 2409 pervadimus,
1222 2352 1269 2392 seu
1284 2336 1443 2393 mnostrum
1464 2337 1660 2410 possessionem
1685 2337 1823 2392 converti·

1022 2431 1093 2492 inus,
1110 2425 1230 2497 legitimo
1243 2425 1317 2495 jurc;
1347 2425 1394 2479 sed
1417 2426 1583 2497 praecipuum
1612 2424 1679 2480 illud
1693 2424 1822 2481 allodium

1023 2516 1116 2586 bsgmp
1131 2514 1310 2591 nominatum,
1326 2530 1380 2569 non
1395 2523 1435 2569 est
1448 2515 1548 2570 veritus
1571 2522 1663 2569 sancto
1693 2513 1822 2584 uobisque

1023 2604 1205 2661 contradicere
1232 2604 1409 2659 consobrinus
1437 2604 1508 2659 illius
1535 2604 1595 2659 lieet
1610 2603 1710 2673 injuste
1724 2603 1822 2658 ilenri-

1023 2710 1070 2749 cus
1085 2693 1233 2758 llarbusive
1251 2708 1299 2764 pro
1323 2709 1377 2763 quo
1401 2701 1496 2748 vestrae
1514 2693 1654 2765 diguitatis
1683 2693 1822 2748 excelleu-

1024 2782 1088 2836 tiam
1116 2798 1163 2835 seu
1191 2781 1361 2835 clementiam
1393 2781 1580 2850 implommus,
1610 2788 1744 2850 quatenus
1767 2781 1824 2851 ejus

1024 2869 1223 2938 excellentiam,
1253 2886 1314 2940 quae
1341 2868 1429 2925 adhue
1468 2869 1546 2924 nobis
1579 2869 1689 2937 resistit,
1715 2886 1751 2925 ex
1775 2871 1823 2926 boc

1024 2959 1140 3014 coerceri
1169 2958 1355 3030 impetremus.
1370 2958 1410 3013 De
1433 2965 1541 3023 caetero,
1563 2975 1596 3012 ae
1623 2967 1716 3014 nostra
1744 2975 1823 3013 exse·

173 3053 295 3110 advocati
324 3051 386 3105 hino
413 3065 442 3103 sc
469 3054 605 3118 separant,
621 3043 810 3100 elsecundum
827 3043 1133 3122 arbitriumccrunini
1149 3046 1326 3116 multiloquia,
1355 3044 1401 3101 liat
1428 3046 1606 3116 querimoniae
1633 3048 1822 3104 nostmclau·

176 3142 337 3212 suumlegoa
350 3155 412 3194 suas
426 3151 462 3191 ert
485 3136 590 3207 integro
618 3133 762 3202 accipiunt.
794 3134 893 3186 Proeter
912 3133 969 3187 brec

174 3246 239 3288 vero
253 3246 314 3299 quae
339 3227 467 3292 uinmus,
487 3223 523 3279 ita
543 3222 621 3278 nobis
648 3221 757 3292 quidam
786 3222 882 3275 borum
909 3228 970 3274 sunt

173 3318 274 3392 iniusti,
291 3324 320 3371 ut
334 3315 384 3370 nisi
398 3313 540 3383 quotannis
562 3310 698 3382 quidpiam
723 3311 841 3364 muneris
856 3309 889 3363 ad
904 3309 970 3364 libi·

175 3417 231 3464 tum
245 3422 324 3461 suurn
338 3421 354 3459 a
368 3403 447 3458 nobis
456 3400 615 3472 acceperint,
633 3400 712 3454 etiam
724 3398 796 3469 ipsas
809 3415 865 3454 suaa
878 3398 971 3453 delen·

1023 3137 1094 3192 sula.
1114 3138 1176 3192 Fiat
1186 3137 1286 3208 peria
1298 3137 1404 3191 virtute
1420 3137 1478 3200 lar,
1495 3136 1572 3191 etsie
1587 3136 1637 3190 erit
1660 3136 1688 3190 in
1701 3136 1817 3191 turribus

1023 3225 1121 3281 uostris
1135 3224 1308 3293 abundantia,
1329 3224 1427 3295 quibus
1454 3225 1567 3297 siugulis
1589 3223 1668 3280 annis
1696 3223 1823 3282 deliciunt

1024 3314 1106 3371 etiarn
1120 3314 1256 3370 victualia.

188 3581 1823 3641 Μ

829 3748 912 3791 tnrttt
931 3748 1028 3790 ANNU!
1046 3748 1159 3791 tte-lton

294 3900 881 4058 ADELGORIUS
949 3958 1079 4052 stru
1148 3897 1701 4049 ADELGOTUS

680 4206 952 4267 ARClEPlSCOPUS
980 4204 1299 4263 HAGDEBURGENSIS

341 4556 931 4702 aenaeam!
972 4552 1113 4695 E'l'
1153 4548 1656 4693 natabunt

843 4815 1157 4922 netsroua

265 5048 311 5103 ab
330 5042 519 5104 EPlSCOPOS
535 5037 707 5108 SUONIAE,
727 5036 886 5094 FllllNClAE
911 5032 1176 5103 terraemota,
1199 5032 1242 5088 ΕΤ
1262 5030 1381 5088 OMNES
1400 5030 1538 5088 cuntsrt
1557 5029 1716 5088 Flentes.

400 5197 551 5253 Auxilium
559 5198 662 5268 petunt
676 5193 809 5249 aduersas
822 5205 946 5263 paqunor
962 5191 1020 5262 ‚qui
1035 5188 1209 5247 clarirtianot
1220 5184 1413 5243 crudelissime
1428 5183 1584 5242 cadebant.

360 5344 461 5419 (Edidit
473 5347 544 5403 Dom
558 5346 693 5403 llanrnrur
711 5344 808 5418 Ampl.
829 5342 943 5400 Collect.
956 5349 978 5414 t.
995 5340 1018 5411 1,
1038 5341 1091 5399 col.
1108 5343 1170 5410 626,
1185 5356 1220 5395 ex
1239 5354 1290 5394 ms.
1306 5336 1398 5394 codice
1413 5332 1631 5405 Graffchatensi.)

919 5498 1074 5518 β·-

210 5664 397 5728 llnanconms,
414 5658 464 5717 bei
476 5661 563 5736 gratia
585 5655 843 5734 liugadaburgensis
860 5655 947 5717 orobi-
999 5650 1231 5731 Nuenburgensis,
1256 5650 1427 5711 narramus
1445 5643 1596 5717 llisaensia,
1611 5644 1701 5731 llam
1719 5640 1823 5705 liubal-

176 5736 328 5808 cpiacopus,
341 5738 482 5792 maumas
500 5733 738 5805 ltorseburgees'u,
753 5746 946 5788 wenerannus
999 5730 1149 5803 bergom,
1187 5730 1355 5785 flaammru
1388 5722 1649 5793 brandeburgensis,
1676 5718 1755 5777 Ono
1772 5733 1822 5777 ao·
