3780 6038
98 214 160 272 -illl
622 217 788 273 Gotttntnt
806 216 950 272 nnbnTtS
973 216 1250 273 t‘titnocmENSts

1709 218 1763 272 “lli

147 345 236 416 dulfo,
248 344 289 400 stc
301 345 425 402 transtra
439 343 571 416 perbona
588 343 757 415 temporalia
766 346 800 399 ut
813 357 909 401 conee-
922 344 949 406 Α
964 341 1106 411 religionis
1120 341 1179 396 sine
1193 339 1344 399 offensione
1359 351 1386 400 et
1397 353 1462 400 nota
1473 344 1592 401 infamiae
1601 340 1700 399 mutari
1708 356 1764 396 non

148 437 255 504 quatur
266 438 385 489 (eterno.

150 547 257 604 Scimus
273 546 400 620 quoniam
423 547 618 603 monasterium
641 555 776 614 nostrum,
793 547 866 620 qnod
884 549 912 603 iu

116 637 221 692 honore
237 645 263 692 et
277 637 387 691 nomine
402 644 503 692 sanctae
518 636 656 691 Trinitatis
683 635 855 693 constitutum
872 644 913 692 est

116 725 259 797 periteret
285 733 430 793 sacratum,
462 730 518 781 toto
547 725 631 782 corde
658 724 782 798 diligitis.
799 726 833 779 Et
860 740 913 781 nos

116 814 204 885 ipsam
221 814 327 868 beatam
343 813 511 883 Trinitatem,
526 815 668 869 Patremet
680 813 776 868 Filium
792 813 913 884 etSpiri-

118 911 174 957 tum
184 910 317 967 sanctum,
333 917 384 973 pro
398 903 475 971 cujus
484 917 578 957 amore
591 900 915 969 boniscitis,totomentis

117 990 215 1046 affectu
243 990 427 1062 imploramus,
451 998 586 1062 quatenus
613 1006 715 1057 corpus
749 998 775 1046 ct
797 990 914 1046 animem

118 1087 236 1135 vestram
251 1079 279 1133 in
290 1079 419 1150 praesenti
441 1079 476 1134 eb
491 1078 566 1134 omni
596 1079 792 1150 impedimento
820 1088 915 1135 custo-

118 1167 182 1236 diat,
200 1175 226 1223 et
240 1167 266 1221 in
278 1167 366 1222 futuro
381 1166 461 1223 vitem
477 1167 555 1222 vobis
570 1167 694 1224 conferet
709 1167 913 1239 sempiternam,

119 1264 200 1328 etque
215 1255 336 1310 animam
350 1255 436 1327 patris
466 1255 560 1321 vestri,
576 1256 611 1311 dn
626 1272 680 1329 quo
701 1255 848 1328 plurimum
863 1272 915 1312 uos

120 1343 264 1400 sollicitum
280 1360 342 1399 esse
367 1343 570 1416 cognoscimus,
596 1360 645 1399 sue
659 1343 789 1400 ineffabili
804 1344 914 1414 pietate,

120 1440 147 1487 et
161 1431 282 1506 gloriose
295 1433 325 1487 B.
344 1431 433 1489 llariae
444 1448 556 1505 semper
576 1433 696 1506 Virginis
707 1433 914 1501 intercessione,

965 437 1065 502 potest.
1081 429 1114 485 Si
1127 430 1187 502 quis
1201 430 1303 500 objicit,
1318 433 1392 503 quod
1406 434 1527 505 episcopi
1542 442 1568 490 et
1582 433 1695 489 abbates
1710 430 1765 485 Ro-

967 534 1039 573 mam
1048 535 1121 590 saepe
1133 519 1220 574 ierunt
1229 527 1306 575 veste
1317 528 1428 589 mutata,
1437 523 1507 592 scire
1516 524 1587 592 267
1597 523 1689 589 debet,
1700 525 1766 595 quie

967 606 1032 662 illud
1046 607 1161 677 cogebat
1174 623 1234 680 quae
1249 608 1369 665 Domino
1380 626 1458 680 pupae
1467 610 1584 666 debetur
1597 610 1763 666 obedientia.

968 696 1018 750 Pro
1032 697 1163 765 temporis
1177 697 1341 753 necessitate
1354 714 1455 754 novum
1470 699 1765 772 deditltominuspepa

968 784 1131 840 obedientius
1145 783 1314 856 preceptum
1332 806 1338 852 ;
1355 787 1446 843 iubae
1463 797 1556 844 vestre
1579 788 1764 860 postulatione

968 888 1080 941 novum,
1096 880 1124 928 ut
1134 873 1171 928 ita
1181 874 1305 942 dixerim,
1321 875 1402 930 audio
1419 876 1574 947 cupiditatis
1602 884 1759 947 peccatum.

969 960 1068 1016 lterum
1083 960 1105 1016 si
1117 961 1206 1017 dicitis
1218 979 1280 1018 eum
1297 964 1416 1019 nondum
1432 965 1530 1021 fecisse
1553 965 1763 1036 professionem,
1811 1029 1813 1033 y

969 1049 1090 1105 nondum
1106 1051 1233 1105 monachi
1257 1052 1384 1107 babuisse
1400 1053 1626 1119 benedictionem,
1652 1052 1766 1109 tirmiter

969 1138 1072 1193 credite
1088 1146 1114 1193 et
1129 1139 1262 1195 veraciter
1276 1141 1428 1211 agnoscite,
1443 1157 1494 1198 nec
1508 1142 1689 1212 professione,
1715 1157 1766 1197 nec

969 1226 1158 1283 benedictione
1172 1227 1321 1298 perlectum
1333 1231 1496 1286 monachum
1511 1230 1572 1286 sire
1584 1231 1765 1286 Christianum

969 1331 1051 1386 posse
1063 1314 1121 1370 fieri
1135 1316 1193 1371 siue
1208 1317 1301 1373 cordis
1327 1318 1484 1374 devotione.
1499 1321 1535 1374 Et
1557 1319 1603 1375 ubi
1618 1327 1661 1376 est
1673 1319 1766 1375 cordis

969 1403 1088 1470 devotio,
1104 1404 1140 1458 ibi
1155 1411 1250 1461 sancte
1266 1406 1421 1463 benedictio
1435 1407 1532 1463 deesse
1555 1424 1610 1464 non
1624 1417 1724 1479 potest,
1739 1415 1768 1462 et

119 1520 152 1574 ab
167 1520 240 1576 omni
261 1521 369 1576 vincum
392 1528 569 1593 peccatorum
585 1529 609 1577 e,
637 1521 779 1578 criminum
803 1538 916 1578 suorum
970 1508 1033 1549 vera
1048 1492 1192 1563 professio.
1210 1494 1295 1566 Igitur
1317 1495 1339 1549 si
1356 1497 1594 1552 consuetudinaria
1621 1496 1765 1569 professio,

120 1608 253 1676 absolvet,
270 1616 296 1664 et
308 1609 398 1680 ipsum
414 1626 492 1664 suum
507 1617 534 1665 et
548 1609 670 1665 omnium
677 1611 803 1667 ileumcc
819 1609 916 1666 Domi·

119 1713 183 1751 rrum
198 1696 292 1754 videre
308 1706 334 1753 et
353 1698 455 1754 hebere
470 1698 559 1754 valcat
571 1699 617 1770 qui
643 1706 683 1754 est
698 1698 825 1755 remissio
851 1714 915 1770 pec·
928 1705 954 1765 Β

971 1598 1031 1651 qum
1046 1578 1073 1635 tlt
1090 1581 1243 1650 visibiliter,
1261 1592 1287 1639 et
1297 1583 1452 1640 benedictio
1466 1583 1551 1650 illum,
1582 1586 1651 1641 sicut
1665 1585 1764 1654 dicitis,

970 1684 1024 1724 non
1035 1675 1109 1724 tenet
1123 1670 1246 1741 ligatum,
1269 1672 1406 1743 proposita
1421 1673 1530 1729 devotio
1558 1673 1708 1746 religionis,
1738 1673 1766 1728 in

118 1794 251 1857 catorum,
267 1794 294 1843 et
307 1803 420 1843 suornm
434 1803 540 1843 merces
555 1797 582 1844 et
603 1787 743 1844 retributio
762 1802 913 1845 servorum.
970 1774 1023 1830 ‘¹¹¹³
1035 1757 1124 1813 adhuc
1139 1767 1306 1829 peffievemt
1328 1761 1432 1816 ΝΜΟ
1454 1762 1642 1832 ⁸¹¹¹P15¹¹⁵¹¹⁰⁰
1670 1761 1767 1832 pamm

119 1875 244 1946 Rogastis
268 1874 389 1943 fratrem,
418 1876 585 1948 quinoviter
612 1877 685 1933 venit
712 1877 748 1931 ad
774 1876 912 1944 ordinem,

118 1973 194 2020 veste
204 1963 343 2036 religionis
357 1972 460 2020 mutate
484 1964 585 2021 remitti
601 1965 761 2036 perentibus
788 1965 858 2031 suis,
884 1972 914 2020 ut

117 2051 161 2108 vel
177 2053 353 2109 sicdamnum
367 2060 481 2125 possent
494 2069 662 2126 recuperare
676 2061 826 2110 terrenum.
857 2053 913 2108 Pro

116 2157 209 2198 nniore
220 2148 312 2198 vestro
332 2142 433 2199 remitti
455 2141 565 2214 quidem
577 2149 667 2216 potest
684 2161 690 2207 ;
708 2142 794 2199 restis
822 2149 914 2198 autem

969 1860 1030 1901 esse
1050 1844 1182 1914 solutum,
1207 1848 1358 1917 presertim
1385 1865 1446 1903 cum
1462 1848 1536 1903 illam
1564 1849 1765 1920 professionem

969 1949 1019 1989 sua
1047 1932 1184 1989 voluntate
1204 1936 1259 2003 jum
1283 1936 1400 2002 lecisset,
1432 1946 1458 1992 et
1487 1937 1655 2009 suscepisset
1677 1939 1764 1993 bene-

968 2021 1125 2092 dictionem,
1141 2023 1165 2077 si
1179 2039 1230 2095 per
1244 2040 1294 2081 uos
1310 2025 1352 2080 eis
1367 2024 1478 2082 dilatum
1490 2042 1546 2083 nnn
1560 2027 1719 2084 exstitisset.

589 2293 752 2351 MONlTUlf
771 2295 808 2349 lN
828 2292 1023 2351 EPISTOLdll
1043 2293 1267 2363 SEQUENTEM.

152 2389 307 2447 Gollridum
321 2391 571 2450 confratemitetem
601 2401 628 2450 et
652 2393 844 2465 suffragiorum
859 2392 1016 2450 societatem
1038 2392 1132 2448 iniisse
1157 2408 1219 2448 cum
1248 2393 1484 2460 cluniacensibus,
1508 2398 1624 2449 testatur
1649 2392 1767 2465 epistola

116 2461 201 2532 ipsius
211 2462 326 2518 Gollridi
340 2479 357 2519 e
369 2465 473 2522 Joanne
493 2465 650 2521 lfabilionio
664 2465 724 2521 viro
743 2464 896 2522 clarissimo
910 2471 976 2518 tom.
995 2464 1030 2518 lll
1042 2465 1233 2521 analectorum
1249 2466 1331 2529 edite,
1344 2481 1427 2538 quem
1441 2466 1494 2522 boc
1516 2464 1578 2522 loco
1592 2465 1766 2536 apponimus,

117 2549 151 2588 ne
164 2533 231 2589 illud
242 2533 357 2591 Goffridi
370 2536 500 2609 scriptum
515 2536 651 2594 desideret
665 2550 736 2592 nova
750 2537 808 2592 herc
823 2535 907 2607 ipsius
923 2533 1044 2606 Operum
1059 2535 1155 2591 editio.

567 2687 735 2746 (sormunt
754 2687 924 2744 aristoni
943 2688 993 2743 ΑΙ)
1013 2686 1294 2744 cthtnctattstsS.

621 2787 663 2843 rid
681 2786 838 2843 ineunda-m
856 2786 1057 2858 suffragiorum
1075 2787 1250 2843 societatem.

152 2912 211 2981 Ego
231 2910 316 2966 freter
340 2910 492 2978 Gollridus,
522 2910 734 2967 vindocinensis
756 2910 914 2966 monasterii
929 2910 953 2974 C
968 2910 1053 2966 crevit
1066 2909 1189 2982 generali
1205 2917 1342 2981 praecepto
1371 2916 1409 2976 ut,
1426 2908 1544 2980 quandiu
1561 2910 1667 2977 vixero,
1684 2912 1709 2967 si
1738 2912 1767 2966 in

116 3000 313 3073 qualiscunque
328 3000 424 3068 abbas,
450 2999 563 3056 veniens
578 3008 640 3056 ente
665 3000 836 3071 presentiam
863 2999 910 3054 do·

115 3088 171 3142 mni
184 3089 317 3160 lingonis,
330 3087 483 3144 venerandi
505 3087 695 3144 cluniacensis
704 3087 818 3154 abbatis,
849 3088 914 3158 petii

116 3178 151 3231 eb
167 3176 215 3231 illo
231 3177 289 3231 dari
303 3176 369 3231 mihi
393 3176 552 3233 societatem
579 3184 607 3232 et
620 3176 674 3232 loci
702 3175 914 3232 confraternita-

117 3273 170 3320 tem
185 3265 226 3319 sui
241 3265 375 3336 totiusque
390 3265 483 3336 gregis
497 3266 579 3320 clleo
588 3264 640 3320 sibi
648 3264 788 3320 commissi
798 3272 850 3331 :ut,
868 3263 914 3336 qui

114 3352 149 3407 de
164 3353 272 3422 propria
292 3352 458 3423 perfectione
481 3352 572 3407 minus
593 3352 805 3423 praesumebam,
820 3369 913 3408 eorum

114 3439 251 3513 suffragiis
256 3449 385 3496 aeternam
393 3440 516 3497 valerem
526 3440 670 3513 ,acquirere
680 3439 859 3504 vitemQuod
870 3441 916 3498 ille

116 3527 266 3584 clementer
288 3528 451 3600 suscipiens,
468 3538 494 3585 et
509 3529 687 3586 libentissime
701 3529 853 3600 complens,
869 3530 916 3586 de-

969 3001 1027 3068 ejus
1042 2999 1169 3054 absentia
1182 3014 1283 3054 renero
1298 2997 1468 3063 cluniacum,
1482 2998 1600 3070 capitulo
1609 3008 1637 3055 et
1651 3017 1765 3067 mense,

968 3089 1071 3158 totique
1086 3087 1174 3143 ordini
1189 3088 1249 3143 rice
1276 3087 1350 3141 illius
1361 3087 1471 3158 praesim
1488 3102 1494 3142 :
1511 3094 1609 3143 etcum
1636 3088 1689 3146 hec
1705 3088 1767 3146 luce

969 3177 1138 3249 migravero,
1163 3177 1200 3230 ita
1212 3191 1262 3247 per
1282 3176 1374 3231 ornnis
1389 3177 1416 3230 in
1443 3175 1504 3246 ipso
1517 3176 1578 3233 loco
1593 3192 1645 3247 pro
1670 3177 1766 3249 requie

969 3265 1068 3321 oriimae
1083 3281 1151 3319 rucae
1167 3274 1266 3335 egetur
1289 3264 1317 3319 in
1332 3264 1500 3321 orationibus
1515 3273 1542 3320 et
1570 3264 1765 3337 eleemosynis,

970 3352 1040 3408 sicut
1052 3368 1100 3423 pro
1110 3370 1162 3407 nno
1173 3353 1270 3408 abbate
1285 3353 1394 3408 illorum
1423 3353 1548 3423 professo
1561 3353 1605 3408 vel
1619 3355 1764 3424 monacho,

970 3457 1032 3497 cnm
1047 3441 1201 3510 adjectione
1216 3441 1356 3497 tricenarii
1378 3441 1524 3496 missarum
1540 3459 1546 3496 :
1563 3441 1686 3500 brorium
1702 3458 1767 3516 que

971 3547 1024 3602 que
1038 3528 1170 3585 missione
1185 3544 1217 3585 nc
1231 3530 1334 3602 regule
1348 3529 1540 3587 adnotatione.

659 3836 1206 3988 GOFFRlDl

491 4120 638 4177 tatutis
656 4118 933 4176 VINDOCINENSIS
953 4120 985 4174 ll.
1007 4118 1141 4175 PRISCAE
1160 4119 1374 4179 ceanthcts

744 4294 1117 4408 OPUSCULA.

855 4519 1023 4532 ——-

501 4653 525 4708 l.

930 4647 1051 4720 Dpanis
1066 4655 1090 4703 et
1118 4646 1210 4704 vinum
1237 4663 1320 4717 super
1347 4648 1433 4703 altere
1455 4653 1611 4718 ponuntnr;
1628 4645 1678 4702 sed
1701 4645 1773 4702 sicut

121 4743 308 4814 268.269
329 4756 489 4800 unierirus
515 4757 551 4798 na
578 4757 704 4798 cosroes
723 4756 759 4797 ar
778 4754 919 4796 sanent-ta
972 4754 1035 4801 ente
1061 4744 1298 4802 consecrationem
1321 4744 1387 4800 nihil
1411 4744 1484 4801 aliud
1513 4753 1616 4815 preter
1633 4745 1772 4818 propriam

354 4848 455 4889 neuim
474 4845 539 4889 tasu
558 4847 678 4888 curusrt.

119 4926 219 4981 Frater
244 4922 387 4996 Goffrtdas
410 4927 549 4996 peccator,
574 4920 762 4993 inpraesenti
787 4922 916 4975 tractatu

156 5012 315 5069 catholicus
325 5015 457 5086 scriptor,
473 5011 603 5069 omnibus
616 5009 785 5067 Christianis
805 5008 837 5064 de
852 5022 916 5063 cor-

155 5116 222 5172 pore
245 5109 273 5156 ct
296 5103 435 5174 rartpuine
463 5101 577 5156 Domini
595 5099 718 5169 fideliter
740 5096 865 5162 credere,
888 5099 916 5152 ct

159 5190 263 5263 ipsum,
280 5189 362 5262 cujus
386 5205 487 5262 corpus
511 5193 539 5245 ef
557 5189 724 5260 sanguinem
740 5187 915 5258 percipiunt,

159 5278 303 5336 Christum
314 5279 463 5335 Dominum
473 5277 566 5334 nidere
580 5278 690 5349 pariter
700 5279 728 5332 et
744 5274 857 5331 bcbcrc,

157 5377 199 5432 De
211 5390 324 5446 corpore
335 5384 361 5430 et
375 5373 510 5444 sanguiue
524 5373 574 5429 Dei
589 5381 616 5429 et
631 5373 739 5429 Domini
750 5373 836 5428 nostri
853 5371 918 5427 lesu

121 5464 230 5531 Christi,
247 5465 312 5519 dum
324 5479 341 5518 e
355 5461 482 5519 fidelibus
495 5462 540 5532 pie
550 5462 679 5534 queritur
698 5462 772 5534 quod
782 5460 917 5517 veraciter

120 5553 268 5611 dicendum
282 5561 323 5609 est
347 5561 373 5609 et
388 5550 502 5607 firmiter
521 5550 693 5618 credendum,
722 5551 783 5624 ipso
808 5549 917 5605 Christo

975 4844 1058 4914 270
1075 4843 1152 4914 penis
1167 4848 1193 4896 et
1208 4841 1262 4896 vini
1278 4848 1402 4897 naturam
1417 4841 1528 4907 babent,
1544 4841 1581 4896 ita
1596 4849 1658 4914 post
1669 4857 1771 4898 conse·

970 4945 1121 5001 cretionem
1135 4942 1237 4998 nullnm
1256 4951 1390 5007 naturam,
1403 4943 1505 4999 nullam
1525 4943 1667 4998 materiem
1692 4943 1773 5015 penis

971 5043 1014 5099 rel
1030 5041 1083 5098 vini
1094 5042 1221 5108 retinent,
1238 5040 1430 5114 nisiqusntum
1445 5041 1479 5095 ud
1494 5056 1631 5112 saporem,
1648 5040 1770 5112 speciem

970 5151 997 5198 et
1012 5142 1123 5198 odorem
1141 5142 1310 5210 ,hoctamen
1320 5138 1770 5211 propterinfirmitatembominum

971 5248 997 5295 et
1011 5238 1231 5294 imbecillitatem.
1243 5238 1312 5292 Nam
1327 5237 1351 5293 si
1363 5238 1410 5293 illa
1425 5236 1626 5309 gloriosissima
1651 5251 1728 5305 cero,
1743 5243 1771 5291 et

971 5336 1172 5393 secretissimus
1187 5334 1231 5390 ille
1240 5333 1420 5406 sengnisnon
1433 5332 1461 5388 in
1473 5333 1565 5404 specie
1575 5332 1691 5404 puniset
1701 5331 1769 5395 vini,

971 5435 1018 5489 sed
1040 5434 1066 5487 in
1092 5450 1140 5488 sun
1161 5432 1270 5503 propria
1286 5439 1385 5487 natura
1411 5429 1569 5487 hominibus
1586 5436 1768 5503 apparerent,

970 5548 1027 5604 prae
1042 5531 1082 5585 sni
1099 5530 1296 5604 magnitudine,
1307 5529 1432 5583 homines
1443 5528 1490 5583 ills
1501 5527 1570 5584 ferre
1579 5543 1636 5584 non
1644 5534 1768 5600 possent.

120 5646 180 5701 Deo
194 5651 220 5698 et
234 5642 350 5698 Domino
366 5639 585 5698 nostrodnnante
600 5638 712 5707 dicetur,
725 5639 791 5695 utin
809 5639 918 5695 illorum
970 5627 1051 5697 Q¹¹0d
1078 5627 1101 5682 Si
1117 5625 1174 5682 fieti
1187 5632 1290 5698 posset,
1309 5623 1376 5681 fidel
1400 5624 1528 5681 “terbum
1551 5640 1607 5680 110ss
1622 5624 1767 5682 haberent·

119 5733 248 5792 cordibus
260 5733 391 5790 dubitatio
419 5729 495 5789 nulla
510 5728 685 5802 relinquatur.
716 5728 794 5786 Prius
808 5728 916 5800 quidem
970 5725 1025 5782 Sed
1039 5724 1062 5781 si
1076 5724 1166 5782 sancti
1180 5721 1295 5795 apostoli
1320 5723 1431 5791 Petrus,
1460 5720 1621 5780 Jecobusct
1643 5722 1768 5782 locanes
