3780 6038
115 258 185 313 lili
667 248 837 307 wuuuuttt
860 244 1003 305 tantus
1034 244 1068 303 S.
1092 244 1203 303 cussit
1707 242 1769 297 tola

116 380 243 443 Domini:
259 394 351 436 morea
375 385 467 435 autem
479 374 627 432 dissimiles
642 373 671 431 in
686 389 719 432 eo
743 375 816 447 quod
840 372 877 429 ait
906 387 912 427 :
927 369 1044 432 Anatio
1053 370 1088 427 de
1102 370 1314 444 superponendo
1323 371 1415 445 gladio
1424 369 1573 439 materiali,
1591 369 1685 425 sinon
1700 367 1771 423 sulli-

117 492 129 519 ·
146 469 223 525 liris
238 484 292 535 me,
304 467 368 541 quia
381 468 464 523 bomo
474 472 604 538 peccator
617 480 689 521 sum.
706 463 862 519 »Dominus
872 470 915 519 ta·
967 468 1004 525 cit
1017 467 1162 541 spiritalis.
1181 470 1232 527 llic
1245 477 1338 526 umen
1352 470 1428 529 canis
1443 470 1509 526 lune
1524 467 1672 525 tenendus
1681 474 1731 533 est,
1742 482 1771 522 ne

114 574 178 615 men
193 574 248 614 non
262 556 379 614 recessit
393 557 429 612 ab
444 571 486 625 eo,
503 555 576 628 qnod
603 552 738 627 significat
758 552 915 624 spirituales
967 557 1120 627 impetuose
1133 558 1277 625 discurrat,
1299 558 1362 630 quia
1389 559 1488 615 dandae
1502 566 1569 614 sunt
1587 556 1719 625 induciae,
1735 555 1771 612 ia-

117 647 192 703 viros
205 662 261 702 non
276 647 378 703 debere
388 644 558 701 commoveri
582 643 702 715 peccatis
730 640 871 696 turbarum
886 647 916 696 ut
968 646 1083 716 ciendae,
1103 647 1262 703 vocationes
1277 662 1327 718 pro
1341 648 1422 704 modo
1438 648 1514 713 lacti,
1530 646 1708 720 etdignitate
1718 662 1773 717 per·

116 741 245 799 deserant
261 758 360 797 munus
374 740 604 797 ecclesiasticum.

156 863 167 888 ι
183 841 218 896 Ει
232 840 268 895 ait
284 840 318 894 ad
333 839 492 894 Simonem:
518 836 580 892 Noli
595 837 708 892 timere.
728 836 772 890 lix
793 835 846 890 boc
857 834 915 904 jam

119 929 249 985 homines
263 928 318 984 eris
331 928 456 999 capiens.
477 925 606 981 Carnales
621 923 796 981 confortandi
813 930 875 978 sunt
902 939 916 977 a

120 1025 310 1098 spiritualibus
324 1042 359 1080 ne
374 1025 408 1080 de
424 1023 595 1080 conscientia
610 1022 698 1093 culpae
710 1038 767 1077 suae
780 1021 916 1087 timentes,

120 1122 148 1170 et
162 1115 280 1170 aliorum
294 1114 448 1170 innocentia
462 1119 613 1182 stupentes,
630 1110 783 1166 sanctitatis
795 1110 845 1165 iter
858 1109 918 1164 lor-

119 1204 225 1261 mident
253 1202 382 1275 aggredi.
405 1200 484 1271 Quod
510 1207 599 1255 autem
624 1199 746 1269 sequitur
761 1216 767 1253 :
782 1220 793 1250 ι
808 1199 852 1254 Ex
868 1200 920 1254 boc

119 1304 176 1374 jam
190 1302 315 1358 homines
344 1302 399 1356 eris
416 1300 556 1372 capiens»
573 1299 607 1354 ad
633 1300 742 1354 Petrum
764 1298 919 1370 specialiter

119 1390 237 1464 pertinet
254 1407 261 1445 :
280 1389 324 1445 cui
339 1388 471 1445 Dominus
499 1388 611 1458 exponit
639 1388 712 1460 quod
737 1396 851 1460 nuptura
878 1386 919 1458 pi·

121 1479 208 1536 scium
219 1476 391 1549 significabat
404 1484 542 1548 capturam
557 1476 696 1531 bominum
712 1492 761 1548 per
775 1492 847 1531 cum.

160 1590 172 1616 ι
190 1568 223 1621 Et
238 1566 414 1623 crediderunt
428 1565 455 1620 in
472 1582 533 1621 eum
549 1565 675 1637 discipuli
690 1565 760 1634 ejus.
771 1564 918 1620 Etsubdu-

121 1663 175 1721 etis
187 1663 221 1718 ad
237 1670 339 1718 terram
361 1662 479 1717 navibus
493 1662 595 1719 relictis
609 1661 736 1717 omnibus
756 1661 842 1717 secuti
857 1670 918 1716 sunt

970 754 1058 800 sonae.
1079 744 1179 801 Baculo
1195 745 1481 802 excommunicationis
1495 745 1616 803 arcendi
1632 751 1700 799 sunt
1711 743 1770 816 lupi.

971 832 999 888 Si
1013 833 1109 888 iterum
1134 834 1207 905 quod
1221 834 1336 889 debetur
1350 834 1435 890 amori
1460 835 1522 899 Dei,
1538 842 1565 891 et
1581 833 1696 888 utilitati
1712 849 1772 903 pro-

971 920 1049 988 ximi,
1067 929 1094 976 et
1108 922 1181 993 quod
1196 930 1238 977 est
1249 923 1358 991 justitias
1372 923 1457 991 canis,
1477 931 1507 978 ut
1529 921 1677 993 impendet
1692 922 1771 977 amori

971 1019 1014 1076 vel
1030 1020 1102 1088 odio,
1128 1022 1258 1077 utendum
1274 1031 1314 1078 est
1329 1023 1437 1088 baculo,
1466 1022 1493 1078 id
1518 1030 1561 1077 est
1576 1038 1636 1077 non
1650 1029 1696 1077 est
1710 1021 1770 1078 sibi·

971 1108 1025 1180 ipsi
1040 1110 1219 1179 parcendum.
1237 1111 1299 1181 quia
1307 1113 1397 1181 justus
1416 1111 1505 1183 primo
1516 1118 1671 1168 accusator
1684 1119 1726 1166 est
1735 1110 1772 1166 sni

972 1197 1065 1268 (Pron.
1082 1198 1172 1270 svart).
1192 1199 1276 1272 Virga
1300 1207 1402 1256 tenera
1417 1200 1604 1257 correctionis
1631 1199 1772 1273 tangenda

972 1303 1036 1350 eunt
1050 1311 1126 1363 oves,
1151 1297 1235 1353 idest
1260 1298 1408 1369 simplices,
1438 1314 1475 1354 ue
1488 1298 1633 1354 aberrent.
1650 1299 1684 1353 ln
1712 1314 1774 1369 pera

973 1383 1054 1440 debet
1068 1385 1170 1442 babere
1184 1401 1282 1456 panem
1299 1387 1374 1443 verbi
1384 1387 1436 1443 Dei
1449 1386 1641 1453 reconditum,
1650 1393 1681 1442 ut
1692 1387 1774 1457 sitpa-

973 1476 1048 1528 ratus
1058 1474 1189 1531 rationem
1198 1475 1312 1532 reddere
1328 1476 1402 1532 omni
1425 1475 1559 1548 poscenti.
1576 1476 1671 1531 Nares
1685 1475 1773 1547 itaque

973 1570 1036 1617 aunt
1046 1563 1242 1630 archidiaconi,
1257 1565 1303 1636 qui
1319 1565 1411 1637 sagaci
1435 1565 1551 1621 odoratu
1570 1564 1677 1621 debent
1705 1562 1773 1619 olia-

973 1674 1036 1717 eere
1050 1661 1132 1716 vitam
1147 1661 1332 1728 subditorum,
1357 1671 1384 1719 et
1411 1664 1446 1718 ad
1462 1663 1626 1734 episcopum
1655 1660 1769 1719 referre.

122 1768 226 1810 eum·
253 1750 335 1806 llulta
359 1751 528 1824 reliquerunt
557 1751 644 1823 quiin
672 1751 725 1806 boc
754 1750 855 1808 saeculo
881 1730 1064 1806 nilBllures
1083 1758 1146 1806 aunt
1160 1751 1277 1821 diaconi,
1294 1752 1339 1824 qui
1354 1752 1454 1809 debent
1468 1753 1563 1807 andire
1575 1750 1694 1821 iudicia,
1711 1759 1740 1807 ut
1752 1760 1777 1807 et

126 1854 221 1897 amare
235 1840 409 1896 studuerunt.
426 1839 507 1895 llulta
534 1839 763 1912 reliqueruntqui
784 1839 923 1895 desideria
974 1837 1123 1893 secundum
1143 1840 1216 1911 quod
1236 1839 1373 1895 audierint
1389 1840 1522 1911 judicent.
1552 1840 1634 1896 Unde
1659 1857 1668 1896 :
1699 1838 1774 1910 Quod

122 1937 241 1994 habendi
255 1937 470 2009 dereliquerunt.
486 1937 516 1991 ln
527 1936 569 1991 lais
584 1936 716 1992 docemur
726 1934 863 1992 Christum
878 1951 921 1989 sc·
974 1935 1066 2001 audio,
1082 1951 1137 1991 non
1152 1937 1225 2009 quod
1237 1937 1293 2004 odi,
1310 1953 1364 1994 non
1392 1937 1466 2011 quod
1481 1953 1553 1993 amo.
1584 1936 1626 1994 Os
1641 1941 1669 1994 et
1684 1937 1777 2009 lingua

122 2027 179 2100 qui,
196 2034 223 2083 et
237 2024 379 2083 secularis
393 2025 456 2082 vitae
476 2025 670 2094 sollicitudine,
691 2039 722 2081 ac
736 2032 860 2096 pstemae
873 2023 921 2079 do
974 2031 1037 2078 sunt
1052 2025 1216 2098 presbyteri,
1232 2026 1375 2093 diacones,
1392 2027 1592 2098 praedicatores
1617 2027 1697 2083 verbi
1719 2027 1775 2093 liei,

117 2133 178 2172 mus
191 2114 389 2173 consuetudine
399 2128 454 2170 non
467 2113 569 2170 teneri.
975 2112 1021 2183 qui
1035 2112 1076 2169 sic
1098 2129 1160 2170 esse
1182 2114 1324 2183 deberent,
1359 2116 1409 2172 sed
1423 2115 1507 2172 modo
1532 2115 1628 2172 omnia
1642 2130 1777 2172 conversa

155 2223 227 2279 Nota
241 2220 305 2293 quin
319 2220 380 2277 viso
404 2219 538 2276 miraculo
554 2219 588 2275 de
604 2226 716 2291 captura
729 2217 844 2291 piscium
860 2227 921 2274 tan·
974 2204 1047 2264 ³⁰⁰⁸,
1063 2205 1093 2253 θῑ
1107 2208 1311 2271 llffll⁰⁸¹0l⁸2b
1338 2199 1417 2257 Oculi
1445 2216 1500 2256 ⁰0¹¹
1514 2207 1578 2255 ⁸⁰⁰¹
1607 2200 1709 2266 erecti.
1725 2200 1778 2256 i1¹1⁰

121 2336 204 2394 quam
215 2318 319 2374 firmius
333 2317 479 2374 eredentes
493 2317 539 2388 qui
554 2317 736 2384 vocabantur,
760 2333 814 2373 non
829 2317 920 2373 solum
973 2292 1139 2392 &dinamus
1153 2295 1188 2350 ad
1203 2310 1325 2362 ¹¹¹¹¹⁰0l⁸¹
1349 2297 1384 2352 ‘d
1399 2296 1501 2365 ⁰di¹¹m=
1516 2296 1552 2352 “d
1574 2312 1718 2353 mmm·
1749 2299 1779 2352 1¹¹

122 2407 236 2476 retibus,
250 2407 309 2479 sed,
325 2406 454 2462 omnibus
468 2405 579 2475 relictis,
596 2406 682 2462 secuti
698 2409 763 2462 sunt
776 2408 869 2461 Jesurn
885 2406 921 2462 ad
973 2398 1013 2436 ⁰¹⁵
1023 2391 1064 2438 0⁵²
1080 2383 1153 2454 ‘³⁰⁰⁶
1164 2384 1263 2439 didm?
1279 2400 1284 2439 ²
1304 2410 1316 2434 “
1332 2386 1463 2442 Teneh'ae
1476 2393 1554 2441 ΜΝ
1576 2401 1665 2456 ΒΠΡΘΓ
1680 2384 1779 2443 s⁸⁰ie¹¹¹

121 2495 289 2553 manendum
300 2510 363 2552 conr
378 2493 435 2551 illo.
451 2494 542 2551 Nares
564 2504 653 2552 autem
667 2495 771 2551 idcirco
786 2494 921 2551 subduxe·
973 2469 1067 2542 “blm
1082 2471 1166 2542 (G‘m-
1184 2473 1214 2539 Ι)·
1233 2497 1244 2522 l
1262 2473 1778 2546 ¹¹¹⁰i⁵f⁸050⁸1⁴⁸2⁸f5¹5d⁸¹²⁸¹¹d³¹l⁰=

120 2602 184 2650 rum
196 2595 231 2650 ,d
246 2601 360 2662 mmm,
376 2592 442 2650 peel
456 2608 509 2649 non
525 2601 622 2665 postea
636 2593 752 2649 ,edituri
766 2593 800 2649 „d
809 2592 922 2664 propri,
973 2567 1003 2620 ln
1019 2567 1059 2622 eia
1070 2577 1129 2623 sunt
1141 2569 1212 2625 oculi
1227 2571 1416 2641 apostolorum
1443 2586 1540 2627 somno
1554 2571 1677 2642 gravati.
1698 2572 1729 2627 ln
1742 2572 1781 2628 eis

118 2693 148 2741 ut
175 2684 215 2741 sic
229 2683 336 2741 cautius
367 2691 543 2740 servarentur
567 2682 602 2737 ad
617 2699 706 2750 usum,
723 2698 865 2756 quousque
892 2683 920 2737 in
972 2663 1014 2711 ⁰⁵²
1029 2656 1128 2713 S⁸¹¹¹⁰⁸
1152 2674 1284 2730 ⁸q⁰⁸m⁸⁸
1303 2661 1406 2716 hstbeffi
1434 2676 1518 2731 ⁵¹¹9er
1547 2659 1659 2717 ⁰⁰¹¹¹⁰³·
1688 2663 1781 2718 Nm

121 2781 241 2854 alicujus
270 2781 477 2854 possessionem
511 2780 671 2836 transirent.
700 2779 823 2836 Docebat
849 2779 920 2834 enim
973 2744 1131 2802 “miserum
1154 2748 1309 2819 ⁰d⁰r³¹⁰mt
1326 2756 1455 2820 [mmm
1484 2750 1587 2805 b⁰⁰⁰¹¹¹
1619 2750 1734 2813 ‘nalum'
1756 2757 1782 2806 et

119 2869 260 2943 apostolos
275 2884 344 2942 quos
373 2870 447 2924 Deus
472 2868 588 2924 lormam
607 2885 679 2925 verae
703 2866 845 2938 religionis
865 2876 921 2922 toto
974 2855 1139 2899 ⁸⁰⁰⁰V⁰¹⁸⁸⁰·
1158 2844 1279 2900 T¹¹⁰⁰¹⁰f
1294 2861 1363 2916 ‘³⁰⁰⁵
1379 2845 1482 2912 ''⁰¹⁰⁰‘’
1507 2854 1629 2916 fflm‘
1645 2862 1719 2919 ‘³⁰⁰⁸
1733 2862 1783 2903 '⁰'

117 2959 221 3016 mundo
236 2956 428 3023 consumebat,
444 2972 499 3013 non
512 2957 641 3028 superbe¹
658 2972 714 3012 non
735 2956 826 3011 minus
839 2962 920 3012 mute
971 2929 1040 2985 lunt.
1053 2932 1145 2990 Aures
1159 2941 1321 3005 pervertunt
1331 2934 1444 3003 judicia,
1475 2950 1507 2991 os
1526 2943 1553 2991 et
1572 2934 1670 3008 lingue
1686 2935 1781 2993 silent.

118 3046 250 3105 mundum
271 3055 447 3104 contemnere
473 3063 479 3100 :
503 3046 576 3119 quod
597 3045 717 3120 legimus
739 3044 919 3117 philosophos
973 3019 1083 3085 Pectus,
1103 3021 1232 3083 dorsum.
1248 3023 1370 3088 brachia,
1401 3031 1541 3080 etmanus
1560 3024 1697 3081 Ecclesiae
1719 3031 1782 3081 sunt

117 3136 231 3196 ΜΝ.
247 3136 342 3193 eme,
357 3135 430 3191 enim
450 3135 607 3203 Thebanus,
623 3142 652 3190 u,
670 3134 708 3190 m
735 3135 919 3204 Hieronymus
934 3091 958 3157 C
973 3108 1083 3166 milites.
1099 3111 1129 3165 ln
1144 3120 1256 3182 pectore
1270 3122 1311 3167 est
1324 3128 1383 3178 eor,
1396 3112 1423 3168 in
1441 3129 1495 3186 quo
1510 3122 1553 3168 est
1588 3113 1722 3171 audacis.
1749 3114 1781 3169 lli

120 3227 155 3285 ,d
184 3225 365 3292 jovinianum,
395 3223 517 3296 βψω
531 3223 559 3279 j„
586 3224 723 3280 marino„
755 3238 842 3296 parvo
865 3222 924 3279 ,up-i
977 3207 1109 3264 audacter
1124 3209 1226 3265 debent
1243 3209 1395 3266 defendere
1405 3210 1542 3267 ministros
1551 3211 1699 3269 Ecclesiae.
1715 3212 1782 3268 Dor·

119 3315 241 3390 pondere
251 3333 259 3370 :
276 3336 288 3362 ι,
304 3313 394 3382 Abire,
409 3312 506 3384 inquit,
518 3328 629 3384 pessum
651 3312 731 3369 mgpae
745 3310 919 3383 eupiditate&
977 3310 1037 3350 eum
1054 3298 1182 3370 congruit
1195 3299 1325 3354 oneribus
1345 3300 1496 3370 portandis,
1513 3301 1629 3357 brachia
1642 3300 1780 3367 levandis,

978 3399 1074 3440 manus
1089 3388 1301 3444 contrectandis.
1313 3389 1346 3443 Hi
1365 3389 1465 3446 debent
1478 3397 1600 3461 portare,
1619 3390 1779 3457 sustollere,

977 3490 1149 3540 contrectare
1164 3485 1311 3558 diligenter
1333 3486 1521 3543 ecclesiastica
1535 3502 1633 3543 onera.
1653 3488 1709 3545 Sed
1724 3489 1781 3544 hae

978 3572 1071 3627 omnia
1099 3588 1230 3629 conversa
1250 3583 1324 3630 sunt.
1357 3575 1446 3643 Quam
1465 3575 1567 3647 iniquae
1594 3592 1696 3633 manus
1721 3593 1780 3648 quae

120 3413 182 3486 Ego
196 3427 247 3469 uos
259 3425 393 3484 mergam,
409 3425 443 3466 ne
453 3411 513 3482 ipse
526 3425 635 3481 mergar
648 3424 665 3465 a
690 3409 781 3465 vobis.
803 3432 814 3458 a

317 3520 437 3578 suano
466 3519 515 3577 DE
541 3520 723 3576 accussat.

158 3626 282 3686 Christus
297 3635 323 3683 et
337 3626 538 3697 [decimisque
551 3626 713 3698 designetur
726 3625 824 3682 inistis
839 3642 924 3683 evan-

126 3727 226 3802 gelicis
241 3724 368 3793 navibus,
385 3741 469 3780 unum
485 3740 586 3801 corpus
614 3724 779 3781 contituunt.
803 3724 924 3780 Christus

121 3818 214 3890 itaque
228 3823 269 3872 est
288 3821 377 3886 caput,
394 3829 495 3885 corpus
524 3829 589 3869 vert»
608 3811 741 3870 Ecclesia.
760 3813 830 3869 Nam
856 3812 925 3869 sicut

126 3915 155 3970 in
170 3912 260 3986 capito
282 3911 338 3968 vita
353 3918 380 3968 et
408 3908 547 3983 vegetatio
569 3909 651 3965 totins
670 3910 803 3981 corporis,
832 3909 869 3965 ita
897 3909 926 3965 in

128 4003 238 4060 Christo
249 4001 303 4059 sita
318 4008 345 4057 et
360 4006 607 4057 sustentamentum
619 3998 746 4055 Eclesiae.
756 3999 824 4055 Haec
838 3998 861 4054 si
875 4014 925 4055 ve-

127 4091 158 4148 lit
168 4090 252 4163 ospiti
270 4088 446 4156 conformari,
477 4097 503 4144 et
518 4087 544 4145 ei
557 4087 669 4157 servire,
687 4104 740 4160 pro
768 4088 926 4144 diversitate

127 4195 305 4253 personarum
321 4187 348 4235 et
361 4175 516 4235 olfioiorum
527 4176 573 4233 liet
586 4192 670 4233 unum
684 4192 748 4233 cum
762 4177 832 4233 eoin
846 4184 927 4233 aeter-

128 4285 204 4326 nurn.
218 4270 304 4339 liujus
317 4267 445 4340 corporis
458 4266 532 4324 oculi
549 4266 596 4338 qui
621 4265 723 4322 debent
736 4267 867 4322 membris
882 4265 925 4320 in-

129 4366 274 4423 terioribus
287 4363 443 4438 prouidere,
469 4371 533 4421 sunt
548 4364 681 4437 episcopi,
707 4363 753 4435 qui
767 4379 822 4420 non
837 4364 926 4420 solum

129 4464 212 4530 oculi,
230 4463 280 4519 sed
303 4461 385 4518 etiam
407 4469 535 4534 pastores
556 4469 583 4517 et
609 4460 720 4526 subditi,
749 4477 806 4517 noo
835 4453 965 4517 solumD

128 4552 315 4608 membrorum
330 4550 452 4619 nomine,
464 4550 513 4607 sed
528 4549 625 4604 borum
642 4557 768 4620 respectu
784 4548 920 4605 dicuntur.

129 4643 242 4699 llultum
257 4640 371 4696 interest
385 4638 456 4696 inter
469 4645 607 4711 pastorem
628 4646 655 4693 et
678 4652 768 4707 ovem,
785 4637 928 4709 praelatum

131 4738 316 4798 etsubditum.
331 4737 379 4794 llle
393 4737 474 4811 ragit,
489 4736 542 4793 iste
552 4735 676 4809 rogitare
694 4735 743 4792 illc
756 4736 854 4808 pascit,
877 4737 928 4794 istc

132 4829 272 4902 pasoitur.
285 4829 321 4885 Et
334 4827 406 4885 sicut
426 4834 519 4898 pastor
540 4832 641 4896 preest
666 4825 763 4882 ovibus
794 4826 929 4899 dignitate

130 4917 288 4984 cresuonia,
311 4915 377 4992 quia
398 4914 542 4973 radonalis
568 4922 595 4971 et
619 4921 729 4972 erectus
754 4914 790 4971 ad
816 4916 926 4982 caelum,

130 5023 197 5065 oses
210 5017 301 5065 autem
316 5021 411 5079 prona
424 5005 460 5063 ed
472 5003 653 5078 pascendum,
665 5003 704 5060 ita
732 5003 855 5076 episcopi
877 5004 929 5060 de-

131 5106 197 5163 bent
209 5105 264 5162 diei
277 5104 422 5161 rationales
437 5111 465 5161 et
479 5101 594 5159 discreti
609 5100 818 5174 comparatione
833 5100 929 5156 subdi·

977 3660 1105 3731 proprios
1118 3662 1260 3718 tenebrant
1275 3671 1303 3719 ct
1317 3672 1415 3720 eruunt
1430 3664 1535 3732 oculos,
1565 3681 1634 3737 quoa
1650 3666 1781 3722 deberent

978 3747 1146 3823 abstergere,
1162 3752 1340 3809 obstruncnnt
1354 3768 1435 3808 nares
1450 3768 1519 3824 quos
1529 3754 1669 3811 deberent
1681 3771 1780 3812 emun-

980 3862 1057 3920 gere,
1073 3852 1214 3918 amputant
1228 3865 1311 3906 aurea
1326 3866 1393 3923 quas
1407 3849 1541 3905 deberent
1556 3867 1686 3923 purgare,
1703 3854 1779 3909 clau·

979 3943 1047 3999 dunt
1062 3960 1092 4000 os
1116 3946 1161 4002 cui
1181 3947 1314 4003 deberent
1341 3948 1514 4005 ministrare!
1542 3950 1605 4005 Haeo
1621 3958 1716 4006 eutem
1741 3958 1781 4007 est

980 4032 1035 4087 vita
1050 4033 1222 4099 clericorum.
1238 4037 1284 4110 qui
1299 4036 1448 4110 litigantia
1476 4037 1621 4101 conuiuiis,
1638 4053 1674 4095 ec
1686 4038 1780 4096 disee·

980 4130 1231 4201 ptationesbabent
1246 4133 1373 4188 intrusus.
1397 4135 1499 4190 Venter
1526 4143 1628 4203 autem,
1657 4137 1706 4208 qui
1734 4152 1781 4209 pro

979 4218 1136 4277 infirmitate
1152 4238 1202 4277 sua
1219 4222 1274 4279 vile
1303 4223 1428 4289 babetur,
1458 4231 1484 4278 et
1507 4230 1549 4278 est
1577 4226 1781 4297 receptalucum

980 4314 1082 4363 teritum
1094 4311 1227 4377 ciborum,
1245 4320 1271 4367 et
1299 4311 1472 4367 nutritorium
1492 4312 1628 4383 corporis,
1654 4314 1781 4386 decoquit

979 4397 1066 4464 cibos,
1084 4399 1200 4470 porrigit
1212 4400 1311 4456 vitales
1323 4416 1421 4456 succos
1431 4400 1618 4472 superioribus
1629 4410 1657 4458 ct
1670 4402 1782 4460 inferio·

980 4496 1055 4551 ribus
1083 4498 1221 4554 membris.
1251 4501 1318 4556 Sunt
1344 4499 1471 4557 monachi
1501 4507 1528 4555 et
1551 4501 1683 4570 eremitae,
1713 4518 1782 4576 quos

978 4595 1096 4652 mundus
1117 4596 1241 4668 despicit,
1260 4606 1286 4654 et
1309 4613 1415 4664 manus,
1447 4597 1473 4653 id
1503 4606 1545 4653 est
1558 4598 1662 4655 milites
1690 4602 1782 4674 oppri-

978 4701 1067 4748 munt.
1085 4694 1118 4748 lli
1148 4694 1285 4765 recipiunt
1312 4693 1402 4752 cibum
1418 4693 1546 4765 spiritalis
1572 4694 1731 4754 doctrinae:
1755 4697 1783 4754 bi

978 4800 1229 4849 sustentamentum
1254 4792 1393 4860 Ecclesia,
1421 4791 1566 4865 significati
1589 4810 1641 4864 per
1671 4797 1782 4868 lloysea

979 4898 1103 4947 orantem
1118 4890 1147 4945 in
1175 4899 1278 4959 monte,
1300 4907 1351 4962 per
1368 4890 1524 4947 Samuelem
1544 4891 1728 4950 excubantem
1754 4894 1781 4949 in

980 4980 1090 5051 templo,
1108 4996 1158 5050 per
1173 4980 1260 5035 Etiam
1290 4987 1440 5036 morantem
1454 4980 1482 5035 in
1497 4979 1621 5036 deserto.
1640 4981 1676 5037 lli
1690 4982 1781 5053 porri·

979 5078 1046 5142 gunt
1069 5068 1208 5141 spiritales
1233 5084 1332 5126 suecos
1346 5069 1532 5141 superioribus
1558 5076 1586 5125 et
1601 5068 1781 5127 inferioribus

131 5193 281 5251 mmm
296 5193 638 5257 debenthgbmmem'
654 5191 745 5247 sunem
765 5189 800 5246 „d
828 5196 929 5245 tenen,
979 5166 1120 5223 membris.
1138 5167 1532 5240 lliscouucnitquoddicitur
1548 5168 1702 5225 humanum
1717 5185 1781 5241 pau·

132 5281 196 5340 dam
207 5280 293 5350 illum,
306 5282 432 5340 baculum
442 5282 477 5338 aa
491 5280 642 5338 arcendum
653 5288 709 5334 tum
739 5278 842 5351 lupum,
871 5286 929 5335 tom
980 5265 1020 5322 eis
1035 5265 1099 5320 viru
1111 5282 1210 5339 genus,
1228 5264 1290 5338 quia
1305 5265 1357 5321 nisi
1374 5265 1400 5321 li
1415 5273 1517 5330 essent,
1531 5266 1655 5322 munaus
1670 5266 1780 5338 mama,

133 5371 217 5429 ,ιω
226 5378 254 5426 01
266 5384 374 5437 mem,
391 5371 415 5426 εἰ
434 5387 503 5444 opu,
526 5369 616 5427 fuerit,
645 5368 873 5442 uirgamquoque
895 5370 929 5425 ap
979 5355 1025 5411 uel
1040 5353 1162 5421 fulmine,
1178 5355 1221 5411 uel
1238 5355 1311 5411 biatu
1340 5362 1430 5411 terrae.
1448 5353 1535 5410 Pedes
1553 5354 1600 5426 qni
1616 5362 1703 5411 totum
1716 5371 1780 5412 cor-

131 5464 764 5540 resstssdflssoleaquaenonpossuntbaculum
784 5466 849 5537 pati,
878 5483 928 5537 pe.
980 5472 1030 5526 pus
1045 5462 1162 5526 portant,
1178 5464 1240 5510 suari
1255 5454 1361 5520 rustici,
1377 5453 1413 5509 de
1441 5468 1561 5526 quorum
1575 5453 1674 5510 labore
1687 5454 1781 5510 vivunt

131 5573 191 5615 ram
200 5556 246 5613 ubi
259 5563 350 5628 portet
364 5571 462 5627 panem
477 5572 567 5611 auum.
583 5554 614 5610 ln
643 5554 768 5611 Ecclesia
794 5555 846 5611 Dei
867 5563 929 5610 suut
979 5568 1074 5610 omnes
1088 5552 1220 5625 praedicti.
1251 5553 1427 5617 boemanos,
1455 5551 1540 5606 idest
1566 5549 1780 5623 militesperse·

119 5657 279 5732 predones,
292 5654 351 5730 lupi
364 5652 480 5725 scilieet,
497 5660 595 5712 contra
609 5667 680 5728 quos
694 5652 866 5711 necessarius
879 5657 926 5709 est
979 5651 1102 5716 quuntur
1118 5642 1226 5714 rapina,
1242 5641 1346 5713 gladio,
1362 5640 1502 5707 incendio,
1513 5639 1542 5694 in
1556 5652 1705 5698 carcerem
1718 5640 1779 5696 mit-

107 5749 196 5824 escis,
204 5748 239 5810 id
251 5758 296 5810 eet
307 5748 430 5811 latratus
435 5762 550 5825 sapere
564 5746 766 5823 correptionis,
782 5753 813 5805 et
825 5743 941 5806 commi·
989 5749 1063 5812 tant,
1087 5739 1271 5815 compeditus
1290 5737 1434 5809 deputam,
1455 5737 1495 5788 su
1508 5736 1713 5805 remmono«
1729 5753 1778 5796 ω.
