3780 6044
77 230 129 287 tat

539 232 832 294 neocosmum-:s
846 235 895 294 SS.
912 190 1064 297 thiubu.
1080 270 1116 284 -
1130 242 1199 300 Llli.
1215 243 1239 301 l.

1734 200 1740 209 ι

78 350 132 408 ciat
159 360 222 409 ante
247 351 414 424 baptismum
443 360 614 431 quacunque
650 365 713 432 post
741 359 1012 435 baptismaAgant.
1039 365 1106 423 Tota
1130 368 1253 439 proiecto
1281 369 1342 428 vitas
1365 370 1485 429 coelestis
1508 370 1641 445 perfectio
1657 373 1729 431 dno-

78 441 136 496 sive
153 441 285 512 pravitate
296 443 423 501 haeretica
434 462 482 501 seu
493 448 635 503 mundana
646 448 797 520 cupiditate
807 449 879 503 arri·

80 530 169 601 puerit
183 545 244 585 mox
260 547 321 586 eum
337 533 362 587 iu
377 535 499 591 omnium
514 536 639 592 vitiorum
650 537 704 592 irna
720 537 875 609 prosternit.

80 619 113 674 Ει
127 633 181 674 non
196 619 284 675 solum
304 621 415 677 babebit
426 633 530 695 septem
545 626 610 681 vitia
633 627 681 681 llll
705 625 876 698 spiritalibus

79 707 224 764 virtutibus
238 711 382 778 contraria,
400 713 447 768 sed
471 730 520 785 per
542 715 710 785 hypocrisim
726 717 798 786 ipses
814 731 876 770 ser·

78 796 176 852 vitutes
190 798 292 854 habere
307 800 456 857 simulabit.
476 825 487 851 ι
504 804 538 858 ιιι
561 803 629 859 liunt
652 804 803 860 novissima
822 804 875 860 ho-

77 886 158 941 minis
172 886 244 942 illius
259 891 352 959 pejora
366 890 510 961 prioribus.
529 916 540 941 ι
558 893 654 948 Melius
669 893 768 965 quippe
779 900 836 949 erat
849 892 874 949 ei

77 974 151 1030 viam
163 976 282 1032 veritatis
305 993 360 1033 non
378 993 547 1052 cognoscere
572 997 653 1053 quam
676 990 737 1053 post
752 983 873 1055 uguitio-

76 1077 141 1118 nem
154 1072 302 1121 retrorsum
325 1068 459 1126 converti.
482 1071 540 1125 lloc
565 1069 592 1124 iu
614 1070 685 1128 luda
700 1070 832 1127 traditore
847 1079 874 1127 et

78 1150 192 1208 Simone
214 1155 295 1228 lllago
316 1156 471 1228 specialiter
493 1157 612 1231 legimus
628 1158 780 1229 impletum.
800 1158 873 1229 Quid

77 1240 137 1297 haec
158 1243 290 1313 parabola
312 1245 445 1314 intendat,
466 1245 528 1303 linis
551 1247 612 1317 ejus
635 1247 763 1304 insinuat.
791 1271 801 1298 ι
826 1248 873 1307 Sic

76 1339 153 1385 erunt
168 1338 195 1386 et
208 1333 378 1404 generationi
401 1334 465 1392 hnic
490 1335 627 1407 pessimae,
647 1358 658 1385 ι
681 1336 710 1392 id
733 1344 775 1393 cst
798 1336 872 1409 quod

73 1417 110 1474 de
129 1433 184 1475 uno
205 1421 361 1491 specialiter
390 1423 511 1489 narravi,
533 1426 584 1480 hoc
607 1424 716 1482 eveniet
739 1424 766 1480 in
789 1434 871 1497 gente

74 1505 157 1576 hujus
184 1509 287 1580 populi.
311 1511 470 1567 immundus
492 1512 607 1584 spiritus
625 1528 641 1568 a
661 1512 763 1570 ludaeis
788 1514 871 1571 exivit

73 1596 184 1667 quanda
206 1597 295 1670 legem
319 1608 484 1672 aecepemnt
505 1609 531 1657 et
552 1601 681 1658 transivit
705 1603 869 1676 adgentes.

73 1685 127 1740 Sed
142 1700 204 1741 cum
219 1695 314 1758 postea
329 1703 392 1745 cum
406 1688 613 1746 incredentibus
638 1691 764 1764 gentibus
779 1690 868 1748 locum
884 1716 912 1777 Β

71 1788 126 1829 non
140 1773 284 1841 inveniret,
300 1792 431 1833 reversus
444 1786 487 1834 est
501 1778 538 1835 ad
557 1777 682 1847 Judoeos,
705 1788 835 1836 vacantes
851 1795 869 1836 a

71 1862 191 1930 Christo,
203 1873 229 1921 et
244 1866 389 1937 superfluis
402 1866 645 1923 observationibus
663 1868 734 1942 legis
749 1868 867 1924 munda-

70 1957 112 2006 tos
127 1960 208 2021 prout
221 1953 361 2025 putabant,
377 1961 458 2027 atque
473 1962 592 2011 ornatos.
608 1957 642 2012 Ut
654 1965 744 2012 autem
762 1954 867 2011 firmius

69 2038 200 2111 deinceps
222 2041 372 2114 possideat,
396 2044 510 2099 assumit
530 2043 732 2099 universitatem
761 2045 867 2100 daemo·

67 2143 142 2185 num.
159 2131 241 2199 Pejus
255 2147 324 2204 ergo
339 2131 422 2186 modo
436 2131 537 2188 iaciunt
549 2132 645 2202 Judaei,
662 2132 757 2201 majori
771 2149 867 2188 nume-

67 2231 99 2272 ro
128 2218 283 2274 daemonum
307 2219 429 2290 possessi
456 2234 538 2294 quam
565 2222 653 2291 prius,
684 2222 748 2294 qnia
775 2220 866 2277 minus

66 2312 125 2361 erat
135 2306 272 2363 Christum
284 2317 428 2364 venturum
439 2324 493 2364 non
504 2310 618 2366 credere
629 2318 865 2383 quampostquam

65 2394 206 2451 venitnou
222 2396 377 2479 suscipere.

104 2501 243 2558 «Factum
259 2512 417 2572 astantem,
433 2519 496 2561 cum
510 2504 571 2562 haec
594 2504 706 2572 diceret,
730 2505 864 2562 extollens

65 2605 160 2647 vocem
176 2593 299 2662 quadam
324 2594 426 2649 mulier
448 2594 482 2650 de
505 2594 585 2649 turba
599 2593 667 2649 dixit
681 2594 721 2649 illi
737 2611 745 2649 ι
761 2596 863 2651 Beatus

64 2687 160 2735 venter
173 2679 256 2753 quite
270 2681 386 2753 portavit
398 2691 425 2738 et
440 2683 536 2749 ubera,
553 2689 605 2739 etc.
626 2706 637 2732 ι
655 2683 760 2755 llagnae
775 2682 862 2739 devo-

64 2766 144 2823 tionis
159 2776 186 2825 et
199 2768 262 2824 lidei
276 2771 429 2826 ostenditur
443 2771 502 2827 luec
516 2770 625 2840 mulier,
640 2787 707 2841 quac,
716 2771 862 2829 Pharisaeis

63 2852 316 2928 blasphemantibus
339 2858 496 2924 Dominum,
526 2866 601 2916 tanta
622 2859 778 2916 sinceritate
800 2859 861 2930 ejus

61 2944 280 3002 incarnationem
304 2946 463 3014 confitetur,
500 2955 529 3002 ut
560 2956 587 3004 et
614 2947 806 3019 poeniteutiam
833 2955 861 3006 et

929 451 981 507 bus
996 453 1038 509 bis
1053 458 1302 528 comprehenditur,
1325 467 1354 515 ut
1377 461 1488 518 verbum
1514 461 1567 517 Dei
1582 464 1733 545 audiamus·

930 549 955 596 et
967 540 1111 601 faciamus.

1149 644 1268 701 seatio
1283 647 1330 703 tta
1345 647 1503 704 Pecctto

1132 756 1167 796 ar
1187 758 1378 801 courssstous
1397 762 1522 802 asceam.

963 851 1076 908 Duobus
1091 855 1180 911 modis
1203 866 1346 927 peceatum
1371 860 1557 927 committitur,
1578 860 1607 916 id
1623 869 1664 918 ast
1678 869 1727 918 aot

927 953 1022 995 amore
1052 942 1216 1013 cupiditatis,
1248 954 1293 1000 aut
1326 956 1399 1002 metu
1434 948 1547 1013 timoris,
1581 950 1645 1005 dum
1681 949 1725 1007 rel

927 1027 1042 1099 quisque
1056 1032 1112 1087 vult
1127 1031 1246 1103 adipisci
1270 1035 1344 1107 quod
1368 1036 1452 1107 cupit,
1474 1038 1518 1092 vel
1538 1037 1618 1094 timet
1632 1054 1667 1093 ne
1680 1039 1725 1092 in·
1828 1032 1831 1041 ⁴

927 1125 1019 1172 currat
1046 1119 1120 1190 quod
1147 1121 1252 1176 metuit.
1281 1121 1403 1192 Quatnor
1431 1125 1519 1180 modis
1547 1127 1725 1183 committitur

927 1213 1068 1276 peccatum
1084 1206 1111 1263 in
1127 1210 1222 1277 eorde,
1239 1219 1359 1283 quatuor
1369 1221 1396 1268 et
1407 1214 1613 1284 perpetraturin
1627 1230 1724 1286 opera.

925 1293 1082 1350 Admittitur
1094 1294 1122 1351 in
1139 1297 1225 1354 corde
1240 1299 1418 1372 suggestione
1428 1300 1593 1372 daemonum,
1604 1303 1725 1361 delecta·
1775 1366 1778 1373 ,

925 1381 997 1438 tione
1011 1384 1110 1453 carnis,
1139 1387 1321 1444 consensione
1350 1388 1458 1456 mentis,
1484 1389 1643 1448 defensione
1662 1392 1726 1447 ela-

926 1469 1020 1526 tionis.
1040 1471 1226 1530 Committitur
1244 1476 1386 1548 inopere,
1412 1494 1487 1534 nunc
1510 1478 1635 1548 latenter,
1652 1495 1724 1536 nunc

923 1558 1025 1629 palam,
1042 1577 1113 1619 nunc
1129 1564 1338 1631 consuetudine,
1366 1582 1440 1623 nnnc
1461 1566 1666 1638 desperatione.
1690 1571 1722 1627 ln

923 1646 984 1702 istis
998 1663 1065 1721 ergo
1093 1652 1224 1723 gradibus
1253 1658 1281 1709 et
1302 1654 1386 1710 corde
1400 1654 1575 1728 delinquitur,
1598 1663 1625 1712 et
1639 1672 1723 1727 opere
1818 1674 1824 1683 ·

927 1735 1030 1793 malitia
1044 1747 1227 1810 perpetratur.
1241 1741 1339 1797 Tribus
1350 1743 1438 1799 modis
1451 1753 1592 1815 peccatum
1608 1745 1721 1818 geritur,

922 1823 975 1881 boc
988 1832 1030 1881 est
1046 1827 1208 1899 ignorantia,
1232 1829 1400 1897 infirmitate,
1426 1831 1569 1900 industria,
1594 1834 1720 1904 periculo

922 1922 1011 1970 autem
1027 1932 1167 1988 pinnarum
1189 1918 1288 1974 diuiso.
1311 1920 1475 1992 ignorantiae
1495 1936 1622 1994 mamque
1638 1923 1720 1978 modo

920 2004 1084 2073 peccavitin
1113 2006 1239 2076 paradiso
1266 2009 1334 2076 Eva,
1364 2009 1436 2064 sicut
1458 2009 1606 2080 Apostolus
1629 2011 1719 2067 dicit:

922 2112 933 2137 ι
952 2091 999 2145 llir
1014 2101 1119 2148 nonest
1134 2094 1272 2160 seductus,
1289 2096 1338 2151 sed
1357 2097 1456 2153 mulier
1478 2097 1590 2154 seducta
1605 2098 1632 2153 in
1648 2115 1720 2170 prea-

920 2179 1087 2236 varicatione
1102 2181 1148 2236 luit
1160 2185 1183 2248 (l
1199 2184 1267 2239 Tim.
1279 2186 1321 2255 ιι).
1333 2207 1345 2234 ι
1356 2185 1499 2259 Ergolliva
1508 2187 1632 2258 peccavit
1643 2188 1720 2260 igno·

919 2268 1014 2332 rantis,
1042 2269 1126 2325 lldam
1154 2269 1297 2339 industria,
1327 2274 1391 2345 quia
1418 2290 1472 2330 non
1510 2275 1638 2332 seductus
1669 2276 1719 2332 sed

919 2356 1010 2412 sciens
1036 2358 1214 2432 prudensque
1242 2362 1378 2432 peccavit.
1407 2361 1461 2430 Qui
1484 2379 1551 2420 vero
1578 2364 1720 2421 seducitur

919 2445 990 2517 quod
1006 2445 1169 2514 consentiat,
1185 2448 1327 2505 evidenter
1348 2450 1468 2523 ignorat.
1494 2452 1535 2507 Dc
1559 2451 1719 2510 infirmitate
1802 2460 1827 2507 ι·

917 2541 1010 2589 autem
1026 2536 1122 2591 Petrus
1136 2534 1261 2609 deliquit,
1278 2539 1409 2610 quoniam
1424 2539 1458 2594 ad
1478 2548 1580 2596 metum
1595 2540 1718 2598 interro·
1818 2578 1822 2591 ·

917 2623 1008 2693 gantis
1023 2623 1130 2678 ancillae
1144 2623 1280 2680 Christum
1295 2627 1418 2699 negarit.
1443 2627 1561 2685 Gravius
1582 2636 1625 2685 est
1640 2629 1718 2685 intir-

916 2711 1010 2766 mitate
1025 2727 1104 2782 quam
1118 2710 1273 2784 ignorantia
1284 2729 1420 2784 quemque
1432 2714 1605 2786 delinquere,
1620 2717 1715 2786 cujus-

916 2814 969 2868 que
985 2798 1116 2855 industria
1131 2816 1214 2870 quam
1242 2799 1397 2857 infirmitate
1420 2818 1549 2874 peccare.
1577 2804 1717 2860 Industria

915 2902 1033 2960 namque
1047 2896 1141 2960 peccat
1155 2888 1201 2961 qui
1215 2889 1305 2945 studio
1332 2905 1365 2946 ao
1388 2890 1585 2947 deliberatione
1614 2892 1714 2948 mantis

914 2975 1015 3031 malum
1029 2976 1085 3049 agit
1101 2991 1108 3045 ;
1124 2975 1281 3033 infirmitate
1309 2986 1399 3034 autem
1429 2978 1474 3052 qni
1497 2996 1564 3036 casu
1589 2981 1630 3037 vel
1647 2997 1716 3051 prae·

61 3033 213 3089 mmmmm
229 3034 378 3092 ⁰⁰¹¹f¹¹¹¹d⁸⁸
392 3035 546 3107 perfidiffl·
563 3036 591 3092 Si
605 3036 677 3093 enim
696 3052 762 3093 ⁰³¹⁰
778 3036 859 3094 verbi
874 3071 899 3135 c
913 3063 1070 3136 cipitatione
1084 3052 1225 3138 delinquit.
1241 3066 1364 3136 Nequius
1378 3076 1466 3123 autem
1476 3076 1505 3123 et
1532 3069 1568 3124 de
1583 3069 1716 3125 industria
1750 3062 1753 3067 ’

62 3122 112 3178 Dei
127 3138 143 3177 a
158 3136 241 3178 carne
255 3122 369 3196 virginis
384 3125 480 3180 matris
494 3133 568 3180 esset
582 3132 723 3193 extranea,
741 3131 769 3179 ut
784 3123 859 3180 multi

61 3210 181 3267 haeretici
195 3211 333 3280 dixerunt,
348 3213 408 3269 sine
426 3229 511 3270 causa
526 3213 600 3269 venit
621 3213 666 3287 qui
682 3228 745 3269 eum
760 3221 857 3285 porta·

60 3298 109 3366 vit,
125 3307 151 3356 et
166 3301 250 3356 ubera
264 3317 326 3373 quae
340 3317 402 3357 enm
429 3302 602 3359 lactaverunt
621 3301 856 3359 beatificarentur.

59 3388 136 3444 Unde
150 3388 216 3445 dicit
230 3390 376 3460 Apostolus
391 3399 485 3446 contra
509 3390 664 3448 hereticos.
682 3415 693 3439 ι
716 3389 787 3460 Quia
802 3391 856 3445 mi-

59 3477 95 3532 sit
109 3478 182 3534 Deus
197 3478 295 3534 Filium
324 3496 402 3535 sunm
430 3479 529 3536 iactum
551 3496 584 3536 ex
607 3479 730 3545 muliere,
755 3478 855 3535 lactum

59 3565 187 3640 sublege
202 3568 274 3637 (Col.
290 3570 341 3626 ivl.
366 3593 374 3613 ι
389 3569 448 3625 Nec
470 3568 598 3624 audiendi
619 3576 682 3623 sunt
696 3567 742 3640 qni
756 3567 854 3639 legen-

58 3653 123 3709 dnm
135 3662 231 3726 putant
244 3664 336 3711 natum
352 3673 384 3712 ex
400 3655 523 3723 muliere,
538 3672 592 3712 non
608 3655 854 3728 iactumttlioquin

58 3757 142 3798 varus
157 3743 241 3799 Filius
254 3744 372 3800 bominis
386 3760 441 3800 non
466 3752 539 3800 esset
562 3743 615 3799 nisi
636 3761 668 3799 ex
695 3752 779 3799 matre
794 3759 854 3801 car-

56 3847 123 3887 nem
137 3832 276 3888 traxisset.
295 3832 451 3890 Sccundum
475 3833 603 3905 physicos
626 3848 735 3904 quoque
753 3848 785 3889 ex
800 3847 852 3888 eo·

55 3919 118 3975 dem
132 3918 206 3977 tonte
220 3928 247 3976 et
260 3921 304 3978 lac
319 3921 481 3990 nutriendis,
498 3927 526 3978 et
549 3937 646 3977 semen
668 3920 852 3993 procreandis

54 4027 147 4100 pueris
160 4034 284 4084 emanat.
302 4029 375 4099 lirgo
390 4027 424 4084 de
439 4027 543 4084 semine
557 4026 677 4101 Virginis
687 4027 773 4099 potuit
786 4042 853 4083 con-

53 4133 107 4205 cipi
121 4135 167 4206 qui
182 4135 241 4204 ejus
264 4134 334 4190 lacte
357 4136 444 4206 potuit
467 4134 576 4190 nutriri.
604 4136 669 4190 llaec
691 4132 790 4189 mulier
804 4140 849 4205 ty-

53 4255 119 4310 pum
145 4240 231 4312 gessit
255 4240 387 4297 Ecclesiae
415 4241 554 4298 credentis
577 4240 723 4306 Christum,
754 4255 849 4296 verum

53 4327 208 4397 Dominum,
224 4336 252 4385 et
265 4346 360 4385 verum
375 4329 522 4397 homiuem,
547 4338 639 4385 natum
663 4328 761 4384 inisse.
778 4327 849 4384 Vere

914 3161 1038 3223 peccant,
1071 3153 1117 3225 qui
1146 3168 1201 3209 non
1228 3152 1319 3210 solum
1345 3171 1400 3209 non
1426 3156 1497 3211 bene
1526 3157 1632 3223 vivunt,
1662 3158 1710 3213 sed

912 3241 1001 3298 adhuc
1015 3248 1042 3296 ct
1057 3241 1126 3297 bene
1142 3241 1274 3311 viventes,
1299 3243 1323 3298 si
1347 3251 1471 3314 possunt,
1493 3259 1509 3299 a
1538 3244 1652 3301 veritate
1667 3245 1712 3300 di-

912 3337 1029 3385 vertunt.
1047 3330 1116 3386 Sunt
1130 3337 1157 3385 ει
1171 3330 1217 3401 qni
1232 3330 1393 3403 ignorantes
1408 3339 1533 3403 peccant,
1550 3342 1576 3388 ct
1591 3342 1652 3389 sunt
1664 3333 1712 3406 qui

911 3418 1041 3474 scientes.
1062 3417 1130 3473 Sunt
1140 3418 1223 3474 etiarn
1239 3419 1284 3492 qui
1304 3436 1355 3490 per
1376 3419 1538 3493 ignorantiae
1554 3423 1712 3478 excusatio-
1769 3490 1773 3495 ,

910 3518 972 3558 nem
988 3502 1059 3558 scire
1074 3502 1178 3564 nolunt,
1203 3510 1234 3557 nt
1259 3502 1348 3559 miuus
1371 3504 1523 3576 culpabiles
1546 3505 1708 3563 habeantur.

910 3590 963 3660 Qui
978 3598 1068 3647 tamen
1097 3590 1204 3661 scipsos
1230 3607 1285 3647 non
1311 3591 1436 3649 muniunt
1456 3593 1506 3647 aed
1532 3594 1620 3665 magis
1635 3594 1709 3651 deci·

909 3681 996 3751 piunt.
1014 3678 1128 3736 Nescire
1143 3678 1305 3751 simpliciter
1319 3680 1353 3735 ad
1372 3680 1552 3753 ignorantiam
1568 3682 1707 3753 pertinel;

908 3768 1030 3824 noluisse
1044 3783 1110 3823 vero
1124 3768 1196 3825 scire
1210 3768 1244 3823 ad
1260 3777 1447 3825 contumacem
1464 3769 1635 3842 superbiam.
1656 3773 1708 3827 llo·

907 3856 1039 3912 luntatem
1055 3856 1157 3928 quippe
1173 3857 1308 3928 propriam
1324 3858 1411 3913 Deum
1427 3857 1623 3926 vellenascire,
1633 3859 1705 3932 quod

906 3954 980 4011 aliud
990 3961 1031 4010 est
1042 3969 1123 4024 qnam
1132 3951 1202 4009 velle
1212 3953 1302 4008 Deum
1314 3952 1497 4025 superbiendo
1506 3955 1705 4011 contemnere?

904 4054 993 4108 Nemo
1007 4050 1089 4122 igitur
1104 4066 1134 4106 se
1148 4051 1183 4106 de
1209 4049 1363 4122 ignorantia
1389 4059 1512 4117 excuset,
1543 4052 1606 4123 quia
1628 4051 1702 4106 Deus

904 4157 959 4196 non
974 4140 1063 4196 solum
1074 4154 1122 4194 eos
1134 4138 1240 4211 judicat
1255 4139 1300 4210 qui
1322 4153 1339 4193 a
1359 4137 1520 4210 cognitione
1538 4153 1589 4193 sna
1603 4154 1700 4195 rever-

904 4243 998 4292 tuntur
1014 4235 1064 4290 sed
1078 4235 1160 4291 etiam
1171 4233 1234 4290 illos
1257 4234 1301 4307 qui
1326 4234 1489 4290 nescierunt.
1505 4236 1568 4290 llaec
1583 4235 1618 4290 de
1631 4250 1700 4305 pec·

902 4348 936 4389 ca
949 4349 976 4389 o.
992 4331 1064 4402 Quid
1079 4340 1169 4388 autem
1192 4331 1227 4388 de
1254 4330 1427 4388 consessione
1453 4333 1558 4403 peccati
1574 4332 1700 4389 doctores

51 4433 131 4490 beata
145 4451 245 4507 parens
258 4437 366 4508 Christi,
386 4454 445 4510 qua
459 4436 529 4494 sicut
549 4436 657 4510 quidam
679 4435 716 4491 ait
731 4453 738 4490 z
757 4458 768 4483 ι
786 4434 851 4491 Eni-
865 4424 891 4486 D
906 4431 1032 4498 sentiant,
1048 4444 1244 4503 nuncquoque
1258 4427 1403 4484 videndum
1417 4428 1482 4484 erit.
1497 4481 1500 4486 .

51 4547 89 4590 xa
105 4551 240 4608 puerpera
263 4537 377 4611 liegem,
402 4537 448 4610 qui
468 4535 571 4592 cmlum
593 4544 751 4608 terramque
774 4536 848 4589 tenet
938 4536 1047 4593 lllultnm
1075 4536 1167 4607 itaque
1196 4535 1379 4592 dicunt.esse
1411 4533 1540 4590 malitiam
1568 4534 1696 4590 hominis.

49 4649 101 4706 per
113 4636 223 4692 secute.
243 4658 253 4687 ι
271 4635 357 4708 Cujus
371 4651 471 4691 nomen
494 4642 520 4690 et
541 4643 643 4691 aeterno
658 4634 847 4705 complectens
869 4662 881 4680 ν
900 4637 989 4692 Nemo
1003 4635 1113 4708 quaudo
1126 4635 1196 4690 male
1210 4633 1371 4708 agerevnlt,
1383 4631 1570 4689 auctoritatem
1583 4632 1694 4704 quaerit.
1748 4629 1752 4639 ’

49 4731 140 4787 omnia
154 4749 222 4806 gyro
236 4733 379 4805 imperium
394 4733 453 4789 sine
470 4733 524 4789 llne
546 4740 647 4790 manet.
672 4731 739 4802 Quae
753 4739 846 4788 ventre
900 4734 1016 4803 Quando
1029 4733 1145 4788 dicimus
1172 4732 1329 4788 hominibus
1357 4738 1385 4786 ιιι
1412 4731 1482 4787 bona
1497 4729 1609 4798 iaciant,
1625 4737 1652 4785 et
1667 4737 1696 4784 nt
1736 4726 1738 4731 ⁴

49 4828 129 4888 beato
142 4831 243 4904 gaudia
257 4832 351 4887 matris
365 4832 468 4888 havens
483 4847 543 4887 cum
555 4830 720 4904 virginitatis
730 4830 844 4892 bonore.
899 4830 1077 4889 confiteantur
1091 4830 1159 4886 mala
1174 4846 1235 4902 quae
1248 4828 1379 4896 lecemnt,
1395 4828 1487 4885 dicunt
1506 4827 1585 4883 nobis
1600 4844 1608 4881 ι
1624 4827 1693 4883 Date

47 4943 100 4986 nec
114 4929 230 5001 primam
245 4929 334 4986 simile
348 4931 408 4985 visa
422 4937 473 4998 ast,
489 4944 541 4986 nec
553 4929 656 4985 babere
671 4935 842 5000 sequentem.
898 4929 1099 4986 auctoritatem.
1128 4928 1196 4996 Qnae
1218 4926 1356 4998 Scriptura
1383 4926 1436 4982 boc
1456 4925 1537 4981 nobis
1556 4924 1690 4996 praecipit,

896 5037 924 5083 ut
939 5026 1117 5084 conliteamur
1136 5032 1247 5098 peccata
1267 5026 1388 5080 nostrai
1408 5023 1437 5080 Si
1460 5038 1527 5096 ergo
1551 5022 1692 5093 Scriptura

895 5122 1142 5196 pcccatacouliteri
1158 5138 1210 5178 nou
1232 5120 1365 5193 praecipit,
1388 5119 1551 5191 respondete
1572 5118 1654 5176 modo
1668 5119 1691 5175 si

895 5221 1065 5293 Scriptorum
1081 5219 1189 5274 habetis
1205 5234 1265 5291 quaa
1280 5224 1395 5289 peccata
1416 5222 1508 5274 tacete
1528 5217 1637 5286 jubeat.
1662 5216 1690 5273 Si

895 5335 962 5393 ergo
975 5317 1099 5375 confiteri
1114 5332 1169 5374 uon
1183 5315 1271 5384 vultis,
1289 5332 1350 5373 curn
1360 5313 1691 5372 auctoritatemcoufrteu-

894 5419 923 5475 di
939 5434 990 5474 uon
1002 5417 1117 5482 habetis,
1130 5430 1214 5487 quare
1226 5421 1316 5468 tacere
1327 5412 1417 5478 vultis,
1428 5428 1490 5469 curu
1501 5414 1689 5469 auctoritatem

894 5515 1001 5572 tacendi
1016 5530 1070 5570 non
1085 5511 1201 5568 habetis.
1217 5513 1320 5566 Tamen
1335 5511 1399 5582 quia
1413 5510 1602 5566 auctoritatem
1614 5527 1690 5583 qure-

895 5612 963 5681 ritis,
979 5610 1095 5684 accipite
1108 5608 1307 5666 auctoritatem.
1320 5607 1438 5680 tlntiqua
1448 5607 1490 5664 lex
1506 5617 1690 5681 peccatacon·

895 5705 1703 5786 turipectunculioesntsecerdotesmtuumxcssa-
1758 5707 1765 5717 ·

83 5030 116 5082 tit
130 5027 177 5085 ille
191 5027 258 5083 dixit
286 5046 293 5082 :
325 5051 336 5075 ι
368 5027 495 5097 Quinimo
525 5044 530 5084 :
561 5027 632 5082 beati
659 5027 705 5100 qui
733 5025 842 5080 andiunt

46 5125 160 5180 verbnm
175 5125 226 5181 Dei
240 5129 268 5181 at
286 5124 441 5182 custodiunt
455 5125 533 5181 illud.
552 5149 563 5173 ι
580 5124 697 5181 Pulchre
713 5123 842 5178 Salvator

44 5221 210 5277 attestationi
237 5222 359 5278 mulieris
396 5222 500 5289 annuit,
530 5238 584 5278 non
621 5228 736 5277 matrem
764 5236 842 5276 suam

44 5320 233 5376 tantummodo
261 5336 427 5377 asseverans
456 5336 518 5376 esse
545 5320 663 5384 beatam,
687 5320 736 5376 sed
758 5321 841 5376 etiam

45 5431 141 5472 omnes
155 5417 201 5489 qui
215 5433 246 5476 ae
260 5419 380 5476 Verbum
406 5419 454 5474 bei
476 5418 568 5474 auditu
592 5417 655 5473 lidei
683 5419 841 5489 concipiunt

45 5520 75 5572 et
89 5515 152 5570 boni
167 5516 258 5586 operis
271 5518 395 5575 custodia
413 5533 473 5573 cum
493 5516 519 5571 iu
544 5517 628 5573 corde
651 5516 840 5587 proximorum

42 5613 151 5687 parium
178 5620 206 5672 el
234 5615 367 5671 nutriunt.
401 5615 460 5684 Qua
483 5615 616 5671 sententia
638 5614 747 5671 tunsos
770 5614 841 5671 clam

42 5714 171 5789 percutit,
209 5712 256 5789 qui
295 5714 390 5771 Filium
423 5712 475 5771 Dei
516 5712 652 5770 Christum
694 5729 756 5771 esse
788 5730 840 5771 nc·
