3780 6038
65 238 120 294 ott

810 243 971 304 ntatttut.

1664 252 1717 309 658

66 359 264 433 apostol1,nec
286 361 409 417 Christus
437 364 463 418 in
492 364 581 437 uliqno
597 364 685 435 alege
712 365 808 436 blovsi,
820 369 908 429 curA
925 372 1070 437 nationem,
1083 370 1138 437 illo,
1169 371 1214 444 qui
1234 371 1339 428 decima
1367 373 1474 446 septimi
1485 376 1586 432 mensis
1598 375 1642 433 die
1662 393 1716 434 non

64 475 137 532 ergo
155 460 240 530 Moysi
251 462 379 515 contrarii
394 461 504 518 luerunt
518 463 635 534 apostoli
650 466 664 517 ⁸?

104 545 225 599 Parrus.
242 544 274 598 Et
289 544 315 597 in
330 562 384 616 quo
399 547 571 603 invenientur
583 547 711 602 contrarii
726 549 740 601 l

103 632 229 688 lllovsns.
244 633 274 686 ln
289 634 408 689 cunctis.

104 731 223 785 Parrus.
239 730 360 785 Nimium
373 732 475 786 dixisli.
493 734 546 804 lpsi
560 733 630 789 enim
640 733 786 804 jejunium,
798 734 866 790 elea

64 841 209 898 mosynam
224 842 257 882 ac
273 827 486 883 misericordiam
503 830 697 900 praedicarunt,
714 831 799 884 Deum
817 848 866 885 su-

64 930 118 985 per
132 915 222 970 omnia
243 924 268 970 et
284 917 436 986 proximum
465 927 493 972 ut
515 934 545 974 se
561 918 635 989 diligi
664 926 864 990 praeceperunt,

66 1010 226 1079 homicidia,
255 1010 461 1080 fornicationes,
492 1013 573 1079 turra,
605 1015 759 1070 testimonia
784 1015 863 1074 falsa,

65 1109 209 1176 invidiam,
226 1118 253 1165 et
268 1109 319 1165 aliu
335 1111 403 1166 vitia
418 1112 556 1185 queratio
567 1114 705 1179 abhorret,
721 1115 865 1184 etlllogses

62 1206 203 1277 prohibu-t,
221 1207 272 1278 ipsi
296 1208 376 1263 etium
393 1210 588 1280 prohibuerunt
604 1209 714 1282 (Epulum.
732 1226 770 1275 r;
787 1212 862 1264 llum.

62 1296 118 1359 vt).
138 1294 283 1365 Quomodo
299 1314 367 1369 ergo
382 1298 454 1353 dicis
466 1298 527 1369 quia
539 1299 624 1369 ttupst
640 1297 666 1351 in
682 1298 784 1353 cunctis
798 1313 863 1353 con·

63 1384 143 1438 trarii
158 1385 269 1439 luerunt
284 1385 298 1438 ‘l

100 1473 226 1527 llot'sns.
251 1473 278 1528 Si
305 1473 331 1528 in
358 1476 522 1546 supradictis
551 1475 635 1546 llursi
656 1483 863 1541 consenserunt,

60 1584 147 1640 quare
178 1570 204 1624 in
234 1571 398 1642 quibusdam
426 1572 489 1627 aliis
524 1572 558 1627 ab
586 1572 684 1628 codem
722 1571 860 1628 discorda·

64 1659 155 1712 runt?

98 1747 218 1802 Parrus.
232 1749 260 1800 ln
276 1748 375 1820 quibus
389 1749 403 1802 i

919 461 1089 528 jejunaverit,
1117 461 1180 516 licet
1204 461 1380 519 circumcisus
1397 465 1441 529 sit,
1455 465 1556 520 nullam
1568 474 1656 521 tamen
1672 467 1719 522 ha-

923 548 995 603 bebit
1010 549 1200 605 salvationem.
1233 551 1278 607 Sic
1289 552 1360 607 euim
1379 553 1568 625 scriptumest
1595 555 1621 609 in
1639 555 1717 610 Levi-

923 637 974 692 tico
985 654 990 692 :
1003 639 1099 694 Ourms
1114 640 1213 694 utrium
1227 657 1288 712 quta
1302 642 1414 711 afflicta
1429 645 1584 713 consuerit
1599 644 1643 699 die
1653 644 1714 709 boe,

921 727 1024 797 peribit
1036 727 1069 781 da
1082 729 1193 798 populis
1208 730 1266 783 satir
1281 730 1353 800 (beu.
1369 730 1456 798 xxm).
1473 729 1563 800 Quod,
1575 731 1597 784 si
1604 739 1715 802 propter

921 814 973 869 boc
988 815 1093 885 peribit,
1108 816 1280 873 circumcisio
1294 819 1387 888 procul
1404 819 1487 874 dubio
1502 835 1556 874 non
1572 819 1679 875 valebit.

956 922 1081 976 llorsas.
1097 923 1153 978 lluc
1167 931 1241 978 certe
1256 923 1362 979 videtur
1377 924 1456 980 ratio.

957 1010 1080 1065 Paratus.
1101 1010 1171 1078 Quid
1183 1027 1249 1084 ergo
1264 1011 1332 1068 dicis
1346 1012 1380 1067 de
1395 1012 1497 1079 Adam,
1511 1014 1588 1078 Sallu,
1607 1012 1712 1077 Enoclt,

920 1098 1078 1163 llathusale,
1108 1100 1214 1154 Nocet
1244 1099 1298 1155 lilio
1312 1100 1369 1168 ejus
1386 1100 1459 1167 Sem,
1485 1109 1511 1155 et
1539 1100 1599 1155 aliis
1620 1099 1713 1155 multis

920 1201 987 1254 qnos
1005 1202 1176 1257 nequaqnam
1192 1187 1377 1254 circumcisos,
1394 1196 1420 1242 rt
1432 1197 1521 1244 tamen
1531 1188 1613 1243 luisse
1624 1188 1712 1242 credi·

919 1292 979 1328 tttus
994 1274 1136 1330 salsatos?

953 1365 1076 1418 llluvsns,
1108 1363 1259 1436 Siquidem,
1287 1373 1429 1434 antequam
1444 1363 1616 1420 circumcisio
1635 1381 1709 1435 prve-

918 1450 1064 1521 ciperetur,
1095 1451 1213 1520 luerunt,
1244 1460 1270 1507 et
1285 1452 1345 1508 ideo
1373 1453 1433 1508 sine
1450 1468 1483 1507 ea
1498 1452 1597 1509 salvari
1612 1460 1710 1523 potue·

917 1547 986 1593 runt.

954 1646 1075 1701 Parrus.
1095 1648 1127 1701 Et
1143 1648 1207 1719 quid
1222 1647 1297 1703 dices
1311 1648 1346 1705 dc
1368 1647 1420 1704 lob
1431 1657 1458 1704 et
1472 1647 1554 1704 sociis
1569 1648 1637 1716 eius,
1666 1645 1713 1718 qni

874 1725 901 1784 Β
916 1743 977 1805 post
992 1735 1209 1792 circumcisionis
1223 1745 1390 1807 praeceptum
1407 1721 1579 1804 exstiterunt,
1610 1744 1636 1791 et
1650 1735 1712 1791 licet

96 1853 225 1908 blorsns.
237 1854 355 1909 Primum
373 1863 415 1911 est
431 1857 502 1928 quud
518 1856 765 1926 circumsisionem,
777 1874 857 1930 quam
912 1831 1094 1888 incis⁰¹¹m⁰i⁸5
1111 1840 1201 1888 'amen
1217 1833 1284 1888 salli
1298 1834 1435 1889 suerum?

61 1957 87 2004 et
103 1950 222 2006 Abrahae
238 1958 266 2006 el
280 1952 365 2023 lloysi
381 1953 597 2026 Dettspraecrpit,
615 1955 858 2011 etCltristusetiam

61 2054 143 2110 quem
158 2039 249 2096 dicitis
272 2041 448 2096 circumcisus
467 2042 526 2108 luit,
556 2044 673 2113 apostoli
698 2052 859 2115 postposue-

61 2135 136 2192 runt,
159 2126 224 2198 quin
240 2137 266 2183 et
281 2127 339 2182 lieri
354 2130 551 2200 prohibuerunt
566 2131 639 2199 (dut.
651 2135 688 2203 v).

98 2234 221 2289 Pennus.
241 2235 320 2290 Prius
335 2235 369 2290 de
393 2237 443 2292 hac
458 2237 666 2294 circumcisione
681 2255 765 2310 quare
783 2246 810 2294 ct
824 2239 858 2293 ad

62 2347 147 2403 quam
173 2332 314 2388 utilitatem
327 2343 462 2405 praeopta
490 2335 524 2390 sit
552 2335 647 2391 intueri
663 2336 804 2405 debemus,
833 2345 859 2392 ct

60 2436 128 2482 tnnc
140 2428 243 2495 justum
258 2441 291 2481 an
308 2428 436 2496 injustum
452 2429 486 2483 sit
508 2430 580 2500 quod
595 2429 711 2500 aposloli
727 2430 858 2498 lecerunt,

62 2514 162 2570 melius
172 2531 369 2586 agnoscemus.

98 2605 223 2658 llorsns.
241 2605 342 2661 Placet.

99 2691 225 2747 Parnes.
241 2694 291 2749 llic
306 2702 333 2747 tn
345 2711 422 2768 argo,
440 2696 611 2755 circumcisio
633 2694 772 2769 illaquam
787 2698 859 2753 utili·

65 2788 148 2836 tatem
160 2781 251 2836 credis
265 2790 374 2852 poterat
385 2783 493 2852 afferre,
505 2786 547 2841 vel
558 2805 643 2859 qnare
658 2787 715 2843 lteri
725 2795 861 2858 praecepta

64 2870 107 2918 est
120 2870 218 2921 octava
232 2864 276 2921 die
291 2866 305 2921 l
319 2867 406 2935 (Gen.
426 2885 495 2924 xvut
511 2888 518 2937 ;
536 2873 624 2927 bruil.
645 2872 711 2943 xtt.)

100 2971 228 3026 Marsas.
246 2973 285 3027 De
299 2982 394 3028 octava
419 2975 540 3046 prolecto
561 2978 604 3032 die
619 2994 728 3033 causum
759 2977 860 3031 nullam

64 3067 117 3122 nisi
131 3068 259 3139 placitum
276 3071 324 3126 Dei
346 3071 415 3127 sciu.
444 3073 590 3129 Utilitatem
605 3083 696 3130 autem
719 3072 860 3140 afferebat,
876 3077 900 3137 (1

63 3165 128 3236 quia
143 3165 303 3224 salvationis
317 3179 374 3224 erat
387 3171 507 3227 occasio.

102 3272 221 3327 Parnes.
240 3274 279 3327 litt
296 3276 388 3329 verbis
417 3276 501 3346 igitur
519 3278 570 3330 tuis
586 3279 763 3349 perpenditur
789 3279 861 3350 quod

65 3359 181 3432 quilibet
197 3362 294 3432 quavis
304 3364 534 3421 diccircuntcisus
560 3367 594 3420 sit
610 3368 768 3432 salvabitur,
785 3377 812 3422 et
827 3370 862 3423 ita

64 3450 203 3505 ineassum
220 3459 245 3504 ct
256 3451 359 3522 absque
369 3453 492 3522 prolicuo
507 3455 550 3508 diu
565 3466 663 3510 octava
676 3455 733 3509 lieri
744 3456 861 3523 jubetur.

66 3537 121 3592 Sed
138 3545 165 3592 et
180 3537 252 3593 alind
268 3555 392 3610 quaerere
408 3541 507 3610 piacet.
527 3543 705 3599 Circumcisio
716 3543 759 3597 illa
775 3556 862 3599 utrum

65 3632 118 3688 alia
135 3649 168 3689 re
184 3634 218 3688 ad
234 3636 412 3691 salvationem
434 3638 547 3710 indiget,
560 3638 601 3693 vel
616 3639 673 3710 ipsa
698 3640 756 3695 sola
770 3642 862 3695 salva-

64 3722 140 3777 tione
154 3722 280 3778 conlerre
297 3724 369 3778 ralet
385 3726 398 3778 ‘l

101 3819 229 3873 blot‘sns.
246 3818 310 3873 Alia
324 3820 415 3890 utique
429 3821 540 3894 indiget,
559 3823 621 3894 quia
635 3825 668 3878 ud
684 3823 861 3878 salvationem

63 3908 223 3976 perlectum,
258 3917 356 3979 praeter
386 3910 630 3977 circumcisionem,
661 3912 750 3983 iugem
777 3912 862 3983 lloysi

62 3995 197 4064 compleri
207 4004 323 4066 oportet,
338 4007 364 4051 et
379 3999 489 4053 modum
509 4016 563 4070 quo
588 4001 633 4055 liat
652 4008 732 4070 potes
755 4001 860 4064 audire,

66 4083 91 4139 si
106 4083 208 4154 placet.
241 4085 356 4140 sienim
378 4088 440 4157 quis
466 4096 492 4141 et
519 4089 697 4145 circumcisus
726 4089 813 4157 luerit,
837 4097 862 4144 et

63 4169 158 4243 legem
170 4180 251 4227 tutam
268 4173 385 4229 lideliter
395 4175 665 4246 custodieritprocul
677 4177 760 4232 dubio
770 4177 862 4232 salvus

62 4260 124 4315 erit.
141 4260 236 4317 Sivero
251 4261 427 4318 circumcisus
442 4264 503 4332 erit,
519 4272 546 4319 et
558 4266 647 4338 legem
662 4266 688 4320 in
699 4267 861 4335 quibusdam

61 4358 276 4413 nonobservare
299 4362 513 4430 presumpserit,
530 4364 662 4433 supplicia
687 4363 795 4432 quidem
812 4379 860 4433 pro

950 1935 1072 1990 llovsas.
1090 1934 1196 2006 Quippe
1224 1935 1259 1990 de
1278 1942 1361 2008 gente
1389 1934 1433 1990 illa
1448 1951 1502 1990 non
1529 1934 1647 2001 luerunt,
1666 1933 1709 1989 cui

914 2030 1008 2087 datum
1022 2040 1081 2087 erat
1096 2031 1309 2088 circumcisionis
1324 2039 1503 2103 preceptum.

949 2122 1067 2176 Pnraus.
1084 2120 1156 2188 Quid
1170 2119 1708 2192 itaquepraedictosomnesiecitsalvosl

950 2228 1076 2281 llorsns.
1093 2226 1193 2282 Nescio
1209 2242 1317 2291 revera,
1334 2226 1384 2282 sed
1398 2234 1465 2297 puto
1478 2226 1541 2298 qnia
1556 2225 1627 2281 bona
1638 2224 1708 2282 ludes

913 2330 972 2378 sna,
990 2314 1126 2386 atquibus
1140 2315 1285 2370 utebantur
1299 2314 1444 2371 sacrificia.

951 2404 1068 2458 Pnrnus.
1086 2402 1156 2472 Quid
1172 2403 1332 2475 igiturdicis
1351 2403 1386 2458 de
1401 2402 1509 2470 lsmael,
1522 2401 1707 2474 cuipraecepta

915 2500 955 2546 est
969 2491 1150 2556 circumcisio,
1167 2490 1209 2547 lcx
1225 2507 1289 2557 non,
1302 2500 1328 2547 et
1343 2492 1419 2561 cujus
1446 2490 1593 2562 progenies
1622 2506 1710 2563 usque

914 2580 995 2635 bodie
1010 2580 1215 2636 circumciditur
1228 2582 1242 2634 ‘t
1255 2579 1383 2651 Nunquid
1398 2579 1471 2635 enim
1498 2594 1548 2650 per
1562 2579 1709 2635 circumci-

915 2668 1020 2724 sionem
1037 2667 1110 2721 illam
1135 2668 1301 2723 salvantur?
1317 2667 1373 2723 Sed
1400 2667 1475 2723 dices
1491 2667 1552 2738 quia
1578 2667 1627 2732 sic,
1645 2674 1709 2723 tunc

915 2755 974 2811 sola
989 2755 1160 2812 circumcisio
1175 2754 1278 2811 confert
1292 2756 1415 2820 salntem,
1433 2753 1612 2827 absquelegis
1623 2754 1708 2826 llopsi

915 2844 1123 2915 complemento.
1142 2844 1169 2898 Si
1185 2860 1251 2898 vcro
1265 2842 1340 2899 dices
1357 2859 1421 2909 non,
1437 2841 1541 2913 tibiipsi
1556 2843 1710 2898 contrarius

915 2934 980 3001 eris,
999 2948 1058 2989 cum
1075 2932 1200 3003 superius
1215 2931 1324 3000 dixeris,
1342 2929 1578 2988 circumcisionem
1600 2946 1708 2986 cansam

915 3034 977 3072 esse
993 3017 1158 3072 salvationis.

953 3118 1081 3170 llorstss.
1103 3115 1181 3170 ttutto
1195 3123 1236 3169 est
1252 3114 1325 3187 quod
1340 3115 1421 3172 dicis.

954 3219 1074 3272 Parrus.
1094 3216 1163 3286 Quid
1175 3216 1237 3271 item
1251 3216 1387 3285 judicabis
1402 3217 1436 3273 de
1451 3216 1608 3273 mulieribus
1623 3214 1711 3270 ludai-

917 3307 957 3361 cis
968 3324 1029 3378 qum
1058 3314 1192 3377 nequeunt
1208 3305 1377 3372 circumcidi,
1407 3315 1432 3362 ct
1446 3312 1537 3362 lamen
1562 3304 1711 3362 ereduntur

918 3404 1044 3458 salvari?

953 3494 1074 3547 llorsns.
1093 3493 1156 3548 ltlco
1171 3493 1279 3565 quidem
1295 3492 1443 3561 salvuntur,
1460 3493 1532 3566 quod
1547 3492 1580 3548 de
1595 3489 1710 3546 homini·

917 3590 969 3642 bus
985 3590 1151 3645 circumcisis
1165 3599 1318 3645 nascuntur.

954 3694 1082 3748 Pnrnrs.
1095 3693 1169 3762 Quid
1186 3695 1367 3765 ergodeSura
1387 3693 1554 3760 milciades,
1571 3689 1672 3749 llachel
1683 3699 1709 3747 et

918 3780 977 3845 lia,
993 3791 1019 3835 et
1035 3796 1117 3837 uxore
1129 3782 1214 3853 lloysi
1229 3782 1431 3853 Sephorn,quae
1446 3780 1626 3838 bledlanitidis
1650 3777 1710 3843 tuit,

918 3886 944 3930 ct
960 3877 1102 3945 Ruthquar
1114 3885 1254 3941 etomucs,
1271 3886 1298 3930 ut
1326 3878 1476 3940 credimus,
1493 3877 1577 3931 salvae
1592 3884 1664 3942 sunt,
1682 3882 1709 3929 ct

918 3974 1008 4019 tamen
1025 3965 1058 4020 de
1073 3964 1173 4018 ludaris
1189 3973 1259 4019 natu
1273 3981 1326 4020 non
1343 3964 1447 4019 luerunt
1462 3968 1476 4018 ‘l
1489 3965 1518 4019 Si
1530 3965 1601 4018 enim
1627 3962 1709 4017 salvte

917 4052 1012 4108 lutura)
1024 4068 1077 4108 non
1093 4052 1297 4122 assentarique
1326 4053 1437 4119 virisui,
1467 4052 1512 4124 qui
1527 4061 1553 4106 et
1568 4051 1655 4107 sancti
1684 4056 1710 4105 et

918 4142 1056 4211 proptruu
1071 4149 1156 4207 orarit,
1172 4157 1217 4194 eas
1231 4156 1279 4210 pro
1295 4140 1424 4195 uxoribus
1440 4155 1493 4194 non
1510 4139 1650 4206 baberent,
1665 4145 1711 4193 aut

916 4231 943 4284 in
954 4229 995 4284 eis
1009 4227 1078 4284 filios
1089 4237 1261 4299 generarent.

954 4337 1083 4391 lluvsns.
1102 4336 1139 4389 De
1155 4337 1206 4391 boc
1221 4351 1285 4390 sane
1299 4335 1347 4390 tibi
1361 4334 1709 4406 darenescioegorespon·

62 4447 284 4518 transgressione
299 4448 451 4514 sustinebit,
472 4450 522 4505 sed
533 4450 597 4505 inde
613 4461 703 4506 tumen
717 4453 751 4506 ad
767 4453 858 4507 salva·
875 4429 986 4491 mum·
1001 4425 1073 4495 ΨΜ
1088 4423 1153 4478 mihi
1168 4440 1305 4495 nunqm'm
1321 4422 1368 4478 snit
1384 4432 1537 4480 ⁰⁵²e¹¹⁸¹¹m·
1557 4424 1594 4479 Tu
1619 4430 1709 4480 autem

60 4535 165 4591 tionem
181 4536 315 4590 transibit.
335 4536 453 4606 Quodsi
482 4545 567 4594 totam
590 4540 678 4612 legem
697 4541 857 4609 servaverit,

59 4624 240 4680 circumcisus
255 4636 409 4681 autemnon
426 4626 513 4696 luerit,
532 4628 674 4699 pernulla,
692 4645 753 4698 quau
769 4629 859 4700 patia-

60 4721 104 4768 tur
118 4713 252 4784 aupplicia
266 4714 365 4769 salvari
381 4715 517 4771 ullatenus
532 4718 638 4787 poterit.

99 4812 217 4866 Parnes.
234 4813 310 4868 Unde
322 4813 399 4868 vobis
427 4814 582 4883 ltujusmotli
597 4815 746 4871 credulitas
777 4816 857 4882 venit,

60 4915 125 4956 cunt
152 4917 202 4957 nec
221 4902 399 4958 Abrahaenec
427 4903 514 4972 lloysi
543 4905 617 4959 Dens
646 4903 713 4957 illud
741 4919 860 4972 unquam

59 4989 229 5060 promiserit,
254 5006 303 5046 nec
331 4992 463 5062 propbeta
478 4992 549 5046 ullus
577 4993 629 5048 buc
652 4992 860 5060 uuquamdixe-

62 5087 126 5142 rit‘l

99 5175 223 5232 llovsns.
239 5177 300 5232 Non
315 5176 378 5231 illud
403 5177 503 5249 quippe
518 5178 695 5251 intelligimus
718 5197 752 5235 cx
768 5181 860 5236 verbis

62 5281 125 5335 quac
138 5265 172 5319 ad
186 5265 323 5320 Abrabam
336 5266 400 5321 dicit
426 5266 557 5322 Dominus
574 5286 581 5322 ε
598 5269 747 5333 ldttsculus,
763 5268 858 5339 inquit,

61 5355 113 5425 qni
126 5369 184 5410 nou
198 5354 513 5411 circumcidaturcorne
523 5357 860 5430 pr·oeputiisui,disper·iel

61 5442 164 5497 aalma
177 5442 229 5498 lllu
244 5440 277 5497 dc
291 5458 393 5513 genere
404 5459 455 5499 sao
465 5442 549 5515 (Gen.
561 5448 638 5509 svn).
654 5444 705 5501 Per
719 5446 772 5503 ltoc
788 5447 861 5502 enim

61 5530 187 5586 innuitur
202 5529 276 5601 quod
303 5530 350 5604 qui
365 5530 543 5589 circumcisus
569 5532 650 5591 luerit
664 5550 719 5591 non
747 5534 859 5607 peribit,

62 5619 121 5675 imo
140 5616 304 5675 salvabitur.

101 5708 225 5765 Pmus.
240 5706 395 5765 Secundam
418 5706 499 5781 hujus
509 5711 678 5769 auctoritatis
700 5718 754 5768 tua
767 5712 862 5787 expla-

913 4524 989 4589 mihi,
1004 4524 1026 4576 si
1042 4521 1120 4588 nosti,
1137 4520 1351 4576 circumcisionis
1366 4522 1455 4592 pande
1470 4522 1633 4593 proficuum.

950 4631 1080 4684 Parnes.
1100 4627 1277 4685 circumcisio
1304 4628 1427 4698 prolecto
1444 4637 1558 4700 propter
1571 4629 1624 4684 hoc
1645 4627 1710 4682 data

914 4716 971 4783 luit,
990 4727 1016 4772 ut
1032 4734 1101 4790 gens
1117 4715 1225 4772 Dontini
1240 4716 1273 4770 ab
1297 4716 1358 4772 aliis
1373 4717 1499 4787 gentibus
1516 4714 1633 4772 discerni
1644 4731 1709 4786 pos·

913 4814 954 4860 set
967 4814 992 4860 et
1007 4805 1134 4879 agnosci.
1153 4805 1193 4859 td
1209 4805 1286 4872 cuius
1297 4805 1380 4859 etiam
1403 4804 1494 4876 gentis
1507 4803 1641 4874 maiorem
1670 4801 1709 4856 di·

913 4893 1089 4958 serationem,
1105 4899 1270 4965 pracceptum
1286 4891 1452 4962 estelaliud,
1462 4891 1587 4947 videlicut
1601 4906 1635 4946 ne
1649 4890 1709 4963 quis

913 4982 947 5038 de
962 4981 1014 5038 alia
1029 4982 1100 5037 tribu
1115 4980 1351 5036 duceretnxorem
1363 4981 1457 5049 (Num.
1476 4980 1588 5048 xxxvi).
1605 4978 1641 5033 Et
1655 4978 1708 5035 hoc

914 5079 1024 5151 quidem
1041 5086 1123 5134 totum
1133 5080 1425 5149 praecentumest,qula
1436 5075 1583 5132 desemine
1591 5075 1709 5132 Abrahae

914 5177 940 5222 et
955 5167 1016 5240 lege
1030 5166 1125 5237 Mopsi.
1139 5174 1165 5222 ct
1175 5166 1248 5222 tribu
1262 5164 1341 5228 luda,
1357 5164 1483 5220 Christus
1495 5173 1627 5221 venturus
1639 5172 1706 5232 erat,

914 5273 942 5321 ut
958 5265 1092 5331 uidelicet,
1103 5279 1164 5319 cum
1180 5262 1297 5332 renuet,
1318 5272 1409 5335 posset
1419 5263 1544 5336 agnosci,
1573 5262 1636 5336 quia
1650 5263 1710 5335 ipsa

914 5362 997 5419 esset,
1009 5363 1034 5409 et
1049 5368 1085 5407 no
1100 5352 1134 5408 de
1149 5350 1322 5408 alienatione
1336 5352 1400 5426 quis
1415 5360 1551 5427 surgeret,
1564 5352 1611 5423 qni
1631 5352 1711 5407 Chri·

915 5450 1056 5498 stumessc
1080 5456 1112 5497 ac
1138 5439 1252 5504 diceret,
1275 5447 1302 5496 et
1330 5440 1409 5498 sicin
1436 5457 1559 5497 errorem
1579 5439 1711 5497 mundum

913 5530 1068 5587 dimitteret.
1080 5530 1113 5586 Et
1127 5529 1200 5601 quod
1215 5527 1249 5583 ad
1265 5530 1356 5601 gentis
1369 5529 1573 5596 discretionem,
1583 5527 1715 5583 mandata

914 5619 994 5677 luerit
1006 5619 1188 5687 circumcisio,
1196 5632 1262 5684 non,
1270 5626 1299 5676 ut
1310 5619 1409 5687 dixisti,
1417 5619 1452 5674 ad
1462 5618 1642 5677 salvationem
1655 5614 1712 5671 duo

914 5722 981 5765 sane
994 5706 1131 5767 habemns
1138 5714 1311 5784 argumenta.
1319 5710 1407 5768 Unum
1413 5706 1524 5781 quiden
1530 5704 1602 5778 quod
1608 5715 1717 5774 praeca·
