3780 6038
115 240 212 306 arar*

599 240 889 301 DEFLORATIONES
908 240 961 300 SS.
989 243 1139 303 Parnon.
1157 277 1189 289 -
1210 245 1316 303 titan.

1690 256 1758 311 {158

110 369 302 430 vivificandum
319 368 439 434 immisit,
452 368 511 426 sire
522 367 585 438 quia
600 367 703 423 ibidem
718 367 782 422 lecit
794 368 840 423 ubi
854 369 1046 440 po·Agnum
1061 369 1319 444 parari,neclonge
1331 372 1390 442 jam
1418 390 1475 431 ease
1502 378 1756 434 remunerationem.

110 462 172 529 suit,
188 469 215 517 ct
229 463 263 516 nh
279 461 348 515 intus
362 465 478 514 creatam
493 455 703 513 vivificationem
718 457 827 528 prodire
848 457 907 527 jus·

109 550 152 617 sit,
169 566 219 605 noc
233 549 286 605 alia
301 549 351 604 luit
364 547 511 619 inspiratio,
529 562 609 616 quam
624 545 683 616 ipsa
697 544 854 601 vivificatio.
879 546 906 601 Si

109 654 175 711 ergo
191 639 319 703 nescitur,
342 635 478 707 quomodo
501 635 653 706 inspiratur,
682 636 817 704 quomodo
845 635 907 690 sciri

108 743 197 806 potest
210 736 324 805 qualiter
338 734 489 805 exspiratur
501 733 516 787 ‘l
530 734 602 789 Deus
615 732 737 803 inspirat,
753 733 834 788 lromo
855 749 907 787 ex-

111 825 205 897 spirat.
222 826 294 879 Deus
315 823 405 887 mittit,
436 824 517 879 homo
546 822 665 889 remittit,
695 821 756 892 quia
785 822 905 889 mittitur,

109 929 170 969 cum
186 912 311 969 accedit:
328 912 423 967 eadem
445 911 597 978 remittitur,
620 926 681 965 curn
705 911 818 966 recedit.
850 912 907 967 lloc

108 1018 192 1056 unum
208 1001 316 1071 seimus,
333 1001 406 1071 quia,
421 999 563 1055 recedente
576 999 676 1069 anima,
701 1015 799 1070 eorpus
826 999 907 1055 mori-

107 1096 161 1159 tur,
177 1097 203 1146 et
217 1090 276 1162 ipsa
289 1088 423 1160 separatio
438 1088 537 1145 animae
551 1103 623 1143 mors
636 1088 756 1160 corporis
773 1095 825 1143 est.
849 1089 907 1144 lloe

110 1179 190 1233 nobis
204 1177 302 1234 sufficit
316 1179 392 1248 scire,
411 1177 474 1248 quia
496 1177 606 1233 recedit.
635 1175 778 1246 Quomodo
806 1177 907 1233 recedit

106 1282 140 1323 ex
156 1266 305 1323 abundanti
321 1274 361 1323 est
375 1266 546 1339 perscrutari.

450 1441 566 1483 ntvtstO.

143 1568 232 1626 blultis
245 1568 377 1640 exemplis
390 1568 533 1623 didicimus
547 1567 574 1622 in
590 1567 661 1624 exitu
685 1567 836 1623 animarum
854 1584 906 1624 an·

106 1659 231 1732 galerum
244 1658 376 1714 melorum
389 1657 447 1713 sive
461 1656 594 1713 bonorum
609 1658 779 1729 praesentiam
800 1656 904 1727 edesse,

960 468 1049 523 blultis
1063 475 1124 539 post
1138 470 1196 525 haec
1214 470 1304 525 verbis
1330 472 1392 528 hinc
1415 473 1478 531 inde
1499 477 1676 542 currentibus,
1701 487 1758 534 tan·

961 553 1022 609 dem
1047 557 1182 613 nniserinm
1211 567 1237 614 et
1266 559 1372 616 dolores
1400 563 1463 619 vitan
1486 564 1566 635 hujus
1593 567 1686 637 quales
1713 576 1759 624 aut

962 645 1053 713 quanti
1067 654 1129 700 sunt
1142 648 1262 717 exponit.
1280 649 1367 706 Omne
1382 652 1454 721 quod
1472 654 1516 709 hic
1544 663 1649 711 amatur
1676 672 1757 726 quam

960 740 1013 795 cito
1029 741 1124 814 lugiet,
1141 753 1167 799 et
1177 745 1235 814 peri
1261 746 1343 803 modo
1370 764 1452 806 omne
1478 752 1550 821 quod
1579 752 1687 808 timetur
1714 757 1757 811 vcl

961 828 1076 897 doletur,
1092 833 1229 902 quomodo
1242 834 1300 890 sine
1312 852 1388 892 mora
1402 845 1580 909 pertranseat.
1605 845 1678 897 lnter
1700 845 1758 900 baec

961 924 988 973 et
1001 918 1156 988 hujusmodi
1169 923 1322 979 rationabili
1336 927 1509 997 persuasione
1522 930 1653 999 paulatim
1673 933 1757 988 menti

960 1015 1077 1070 bominis
1104 1017 1171 1072 nibil
1206 1019 1342 1076 sinistrum
1378 1024 1538 1094 suspicantis
1572 1036 1756 1102 contemptum

959 1104 1021 1159 vitae
1036 1103 1143 1177 ingerit,
1167 1114 1268 1162 metum
1296 1111 1391 1166 mortis
1416 1114 1495 1171 tollit.
1524 1116 1662 1174 Postremo
1690 1119 1756 1175 nihil

959 1191 1048 1264 magis
1065 1194 1122 1249 viro
1135 1194 1240 1250 virtutis
1255 1197 1383 1268 expedire
1398 1217 1479 1270 qunm
1499 1211 1527 1258 ut
1548 1205 1592 1260 hic
1615 1207 1689 1262 exire
1712 1208 1757 1263 le-

959 1289 1048 1358 stinet,
1064 1298 1090 1345 et
1104 1291 1126 1345 si
1142 1292 1195 1347 alin
1207 1293 1252 1348 via
1267 1310 1321 1349 non
1342 1295 1428 1363 detur,
1455 1314 1536 1355 manu
1565 1319 1613 1358 sua
1640 1311 1755 1360 mertem

959 1375 1064 1432 fortiter
1078 1378 1200 1446 lacessat,
1214 1387 1240 1435 et
1254 1397 1308 1437 uon
1323 1385 1459 1454 permittet
1472 1402 1502 1441 sc
1525 1387 1554 1442 in
1581 1389 1623 1445 his
1650 1391 1755 1447 dolori-

959 1463 1064 1520 busdiu
1079 1467 1172 1536 teneri,
1189 1469 1234 1539 qni
1248 1471 1377 1543 gaudium
1392 1472 1442 1528 sibi
1462 1482 1585 1545 paratum
1613 1495 1672 1536 esse
1700 1497 1755 1538 non

959 1561 1073 1619 dubitat.
1090 1563 1163 1633 Quid
1179 1568 1291 1623 multat
1309 1570 1442 1643 Deceptus
1457 1572 1634 1632 fraudulente
1647 1594 1757 1647 persua·

959 1651 1027 1707 sioni
1043 1668 1180 1709 assensum
1194 1656 1306 1726 praebet,
1322 1666 1349 1713 et
1367 1659 1466 1731 injecto
1485 1662 1555 1719 lcrro
1579 1666 1753 1738 sernetipsum

108 1747 153 1819 qui
169 1748 228 1803 illus
248 1763 296 1819 pro
321 1746 422 1802 meritis
447 1746 489 1801 vel
516 1744 551 1800 nd
579 1753 712 1802 tormenta
740 1747 903 1817 pertrahant,
919 1713 1075 1812 Bjugulat.
1092 1742 1209 1798 Comites
1223 1744 1282 1813 ejus
1296 1745 1342 1801 diu
1362 1764 1412 1817 per
1439 1749 1517 1807 devia
1544 1763 1674 1822 quaerunt,
1703 1763 1757 1810 tan

107 1846 150 1901 vel
175 1845 209 1900 aq
235 1844 356 1915 requiem
385 1843 529 1899 deducant,
558 1843 614 1899 Sed
641 1851 667 1899 01
695 1844 767 1915 ipsas
801 1844 906 1898 animas
959 1828 1021 1883 dem
1036 1830 1195 1887 exstinctum
1209 1833 1350 1890 inveniunt
1365 1851 1372 1906 ;
1389 1837 1423 1892 ad
1437 1839 1526 1893 vicum
1541 1842 1612 1896 unde
1634 1843 1756 1899 exierant

107 1933 195 1988 adhuc
210 1933 237 1988 in
252 1949 363 2005 corpore
391 1933 493 2005 positas
520 1940 582 1987 ante
610 1932 711 1988 exitum
740 1933 823 1988 multa
852 1932 904 1987 ali·
958 1927 1075 1982 cadaver
1086 1929 1211 1984 exanime
1224 1940 1385 2001 reportatur.
1409 1936 1442 1989 Et
1467 1937 1531 2007 quia
1557 1940 1656 2011 hospes
1682 1942 1755 2012 apud

106 2022 215 2094 quando
230 2021 264 2077 de
279 2022 320 2076 his
333 2037 394 2092 quae
408 2021 496 2076 lutura
509 2029 570 2076 sunt
595 2038 676 2093 super
702 2037 757 2088 eas,
785 2022 841 2077 sive
869 2036 905 2076 ex
959 2031 1040 2086 quem
1056 2025 1132 2072 nocte
1148 2018 1193 2073 illa
1220 2028 1355 2076 manserat
1383 2022 1463 2093 hujus
1489 2027 1598 2082 sceleris
1624 2030 1756 2085 verisimi-

107 2126 238 2182 responso
252 2109 423 2167 eonscientiae
438 2110 566 2177 interiori,
582 2110 639 2167 sive
660 2126 709 2180 per
729 2110 906 2165 revelationes
959 2105 1020 2160 liter
1033 2106 1156 2162 conscius
1169 2107 1319 2178 videbatur,
1335 2113 1461 2167 eumdem
1486 2113 1553 2170 lalsa
1570 2117 1756 2175 criminatione

108 2200 226 2255 exterius
241 2200 325 2255 lactas
340 2200 449 2271 precise
470 2199 673 2271 cognoscimus.
701 2200 800 2271 Raptus
824 2199 905 2253 ctiam
959 2205 994 2260 ad
1009 2222 1117 2277 poenam
1138 2216 1302 2278 exposcunt.
1318 2209 1365 2266 llle
1381 2211 1445 2267 dum
1473 2214 1653 2273 innocentiam
1679 2237 1756 2277 suam

108 2293 294 2364 aliquandoct
314 2293 409 2348 iterum
434 2293 468 2348 ad
489 2309 603 2365 corpora
627 2293 759 2361 reductus,
789 2293 906 2350 visiones
959 2293 1017 2349 sinc
1032 2311 1113 2351 causa
1127 2296 1270 2367 periclitari
1286 2308 1416 2365 cerneret,
1433 2308 1461 2356 et
1483 2302 1604 2360 divinum
1626 2308 1755 2365 auxilium

108 2384 238 2455 quasdam
253 2390 280 2437 et
294 2383 471 2439 revelationes
484 2382 535 2438 sibi
551 2383 635 2438 lacus
657 2399 778 2438 narrasse
800 2383 834 2437 dn
854 2390 906 2438 tor-
960 2382 1055 2438 intima
1069 2383 1156 2440 cordis
1170 2384 1314 2443 devotione
1328 2387 1380 2443 sibi
1394 2389 1490 2445 edesse
1505 2391 1670 2463 imploraret,
1694 2414 1757 2454 ecce

107 2475 207 2529 mentis
221 2472 366 2543 impiorum
380 2472 481 2527 sivede
495 2471 603 2544 gaudiis
623 2472 779 2543 justorum:
809 2472 837 2525 in
866 2472 907 2527 nis
959 2480 1047 2535 subito
1063 2481 1107 2551 qui
1122 2490 1243 2537 mortuus
1268 2484 1355 2540 luerat
1381 2488 1510 2556 surrexit,
1527 2499 1624 2547 atrem
1652 2502 1757 2566 gestam

108 2570 200 2618 umen
213 2561 279 2616 nihil
293 2561 345 2616 nisi
365 2561 409 2616 vel
429 2560 569 2632 corporale
589 2560 633 2618 vel
661 2560 845 2632 corporalibus
871 2560 907 2616 si·
958 2568 1062 2623 cunctis
1076 2569 1225 2625 astantibus
1238 2577 1264 2626 et
1284 2573 1445 2629 mirantibus
1468 2593 1607 2649 exponens
1630 2581 1757 2640 innocen·

108 2652 174 2707 mile
201 2650 328 2707 recitasse
354 2649 475 2714 demina,
503 2648 637 2718 dammas,
671 2657 775 2721 pontes,
812 2664 905 2716 naves,
960 2663 1014 2711 tem
1029 2657 1154 2713 absolvit.
1170 2659 1358 2717 Referebatse
1372 2662 1519 2736 abangelo
1548 2668 1630 2738 malo,
1660 2687 1676 2726 a
1704 2689 1757 2742 quo

107 2738 214 2806 (smnus,
229 2753 349 2801 ¹¹0¹1¹⁰f82
378 2746 463 2809 Piala,
492 2736 581 2804 ss0ffl⁸=
610 2738 733 2793 h0ffll¹¹ffl
759 2737 852 2809 ”idm
880 2744 907 2793 ²²
960 2758 994 2814 ad
1010 2758 1221 2815 interiectionem
1237 2761 1278 2816 sui
1293 2778 1435 2833 persuasus
1450 2765 1545 2835 lucrat,
1564 2769 1598 2823 ad
1625 2776 1758 2828 tormenta

108 2826 249 2891 candidos,
265 2833 292 2882 θῑ
308 2834 404 2882 ssaelflffl
420 2826 550 2896 ‘luallflm
572 2828 623 2882 ¹¹⁰⁰
646 2826 745 2882 mussd0
768 2825 852 2883 videri
881 2834 907 2882 ⁰²
960 2846 1114 2904 deductum.
1131 2848 1187 2904 Sed
1196 2848 1259 2903 dum
1280 2849 1421 2906 duceretur
1443 2855 1589 2924 quemdam
1616 2858 1758 2930 splendida

108 2915 203 2971 haberi
218 2915 314 2983 wlessh
330 2923 357 2970 θῑ
370 2915 412 2970 V⁸¹
427 2915 462 2969 “d
476 2914 605 2987 gaudium
621 2915 717 2987 amasi·
734 2915 785 2970 V⁰d
799 2915 833 2970 ad
853 2923 907 2970 ‘⁰1‘
960 2936 1031 2992 facie
1043 2936 1142 3008 (ipsum
1157 2945 1247 2993 auum
1262 2946 1383 2995 sanctum
1398 2941 1482 2999 fuisse
1504 2944 1593 3002 aiebat
1614 2947 1757 3021 Jacobum)

109 3012 230 3060 mentum
246 3004 343 3059 timeri.
360 3004 405 3060 Sic
420 3019 527 3075 quoque
549 3003 649 3060 solutas
670 3003 828 3075 corporibus
850 3020 908 3059 ma-

109 3100 189 3156 nibus
204 3102 282 3169 trahi,
297 3101 412 3171 pedibus
425 3100 532 3167 deduci,
560 3102 630 3157 collo
650 3102 786 3173 suspendi,
815 3101 907 3174 llagel·
922 3070 947 3135 C

110 3189 171 3256 lari,
183 3188 354 3260 praecipitari,
366 3196 393 3244 et
402 3189 455 3244 alia
465 3188 633 3259 hujusmodi:
646 3190 692 3260 qui
706 3190 757 3244 nisi
776 3190 908 3261 corporali

112 3285 214 3332 naturae
228 3277 441 3333 convenii-enon
457 3286 580 3349 possunt.
610 3276 677 3346 Quae
706 3278 797 3334 emnia
822 3278 844 3333 si
872 3278 909 3333 ita

113 3366 169 3422 illic
183 3365 324 3421 visibiliter
342 3373 369 3422 et
391 3366 566 3436 corporaliter
588 3383 646 3423 esse
668 3366 812 3434 credimus,
841 3383 910 3436 pree·

114 3464 154 3510 ter
167 3454 221 3509 alia
235 3470 295 3525 quae
309 3454 425 3511 absurda
453 3463 607 3524 noscuntur,
638 3456 710 3526 ipsas
735 3456 825 3527 utique
853 3456 910 3511 ani-

112 3560 173 3600 mas
186 3544 267 3600 etium
286 3543 471 3615 acorporibus
485 3552 620 3616 separatas
646 3560 759 3615 corpora
786 3560 853 3614 esse,
883 3550 911 3600 et

113 3634 148 3688 ad
176 3632 378 3688 similitudinem
412 3648 555 3705 corporum
592 3632 722 3691 membris
757 3642 911 3707 compactas

114 3729 195 3794 atque
209 3722 347 3778 distinctae
361 3720 529 3777 confitemur.

149 3848 208 3920 Ego
222 3846 350 3918 quiddam
365 3846 438 3917 quod
452 3846 486 3903 de
500 3849 551 3903 hae
564 3862 594 3903 re
620 3846 711 3903 audivi
740 3853 827 3905 tacere
853 3864 910 3904 non

113 3935 211 3992 debeo.
236 3934 352 4006 Quidam
380 3934 485 4008 probati
514 3936 658 3992 testimonii
685 3937 768 3994 frater
794 3937 912 3995 narravit

113 4025 182 4080 mihi
195 4041 225 4080 se
239 4039 256 4079 a
269 4041 318 4082 suo
332 4024 440 4093 abbate,
457 4026 587 4082 veraciter
600 4028 652 4083 hoc
675 4025 836 4092 affirmante,
859 4044 910 4083 au·

113 4113 186 4170 disse
200 4113 264 4185 quia
277 4130 339 4170 auru
353 4114 498 4185 aliquando
520 4114 566 4172 ille
595 4116 630 4172 ad
656 4115 788 4187 quosdam
816 4116 912 4172 irrues

114 4211 221 4269 eminus
233 4212 391 4269 constitutos
406 4213 555 4271 visitandos
567 4220 701 4286 pergeret,
723 4221 753 4269 ut
779 4211 836 4268 fieri
864 4228 911 4268 so-

113 4301 160 4369 let,
178 4301 294 4372 quodam
321 4302 381 4359 loco
410 4302 554 4375 hospitium
583 4303 697 4372 aceepit,
725 4302 772 4357 ubi
800 4302 911 4370 iactum,

962 3035 1086 3090 euntibus
1116 3035 1274 3107 occurrisse,
1303 3055 1420 3110 eumque
1443 3050 1565 3114 creptum
1593 3046 1620 3100 in
1659 3049 1757 3104 coelurn

962 3122 995 3178 ad
1022 3125 1147 3178 thronum
1173 3124 1275 3180 iudicis
1302 3127 1468 3199 deduxisse,
1497 3132 1604 3203 illioque
1633 3136 1758 3206 precibus

961 3227 1011 3282 pro
1026 3211 1072 3266 illo
1088 3211 1153 3267 lusis
1168 3221 1197 3268 ut
1209 3214 1273 3270 vitae
1296 3215 1385 3272 denuo
1412 3219 1569 3276 redderetur
1594 3222 1753 3283 obtinuisse.

962 3308 1003 3363 lbi
1017 3324 1046 3364 se
1058 3309 1142 3365 multa
1156 3311 1314 3383 angelornm
1330 3314 1414 3369 millia
1428 3315 1526 3372 vidisse
1542 3316 1703 3377 affirmabat.
1719 3323 1759 3380 De

963 3412 1076 3467 quorum
1093 3406 1182 3454 umen
1196 3407 1265 3455 statu
1279 3409 1307 3456 et
1320 3401 1399 3459 facile
1420 3403 1610 3479 interrogatus,
1637 3410 1704 3466 nihil
1731 3412 1760 3467 in

962 3486 1015 3540 hoc
1028 3486 1129 3542 mundo
1144 3503 1202 3544 sasso
1216 3488 1323 3545 dicebat
1337 3490 1425 3546 simile
1439 3492 1492 3548 illis
1506 3511 1560 3565 quo
1579 3496 1654 3554 illam
1678 3516 1759 3571 quam

962 3583 992 3637 in
1006 3582 1071 3652 ipsis
1084 3583 1188 3640 viderat
1198 3586 1353 3656 qualitatem
1368 3589 1521 3661 exprimere
1542 3594 1683 3666 potuisset,
1709 3599 1760 3655 nisi

964 3673 1032 3727 torte
1046 3671 1138 3745 ignem
1153 3674 1297 3730 antlueem
1312 3684 1339 3731 et
1349 3676 1435 3749 ipsam
1450 3687 1504 3737 tarn
1525 3682 1606 3755 longe
1630 3693 1657 3741 et
1681 3688 1760 3745 valde

964 3760 1131 3818 dissimilem.
1148 3764 1291 3820 ldoerorem
1306 3765 1414 3836 quidem
1436 3784 1505 3838 esse,
1534 3771 1582 3826 aed
1609 3776 1761 3846 exprimere

962 3860 1037 3916 nullo
1051 3861 1133 3918 modo
1148 3878 1227 3934 posse
1241 3863 1313 3934 quod
1327 3864 1439 3922 viduet.

999 3994 1057 4051 Hoc
1070 3994 1178 4066 quidem
1193 4013 1406 4055 commemorare
1429 4000 1573 4069 voluimus,
1602 4020 1636 4061 ne
1663 4007 1761 4065 mirum

965 4083 1136 4152 videatur,si
1159 4085 1301 4141 animabus
1315 4103 1332 4143 a
1345 4088 1502 4160 corporibus
1529 4093 1654 4164 egressis,
1683 4097 1762 4170 signa

966 4172 1100 4242 quaedam,
1120 4173 1278 4245 corporibus
1304 4176 1412 4247 similia,
1442 4177 1477 4234 ad
1504 4178 1761 4243 demonstrationem

966 4269 1125 4342 spiritalium
1139 4278 1343 4343 presentantur,
1371 4273 1417 4345 qui
1444 4275 1496 4331 nisi
1519 4277 1547 4332 in
1561 4279 1660 4336 talibus
1673 4289 1700 4338 et
1712 4300 1762 4357 per

115 4399 178 4447 tunc
193 4390 263 4462 apud
276 4406 372 4447 omnes
385 4391 508 4462 ejusdem
539 4391 590 4447 loci
609 4390 772 4447 habitatores
794 4389 910 4458 celebre,
968 4357 1032 4414 [ὼ
1055 4357 1090 4413 ab
1111 4359 1253 4457 “Pimflhus
1277 4377 1391 4434 ⁰⁰fp⁰f⁰
1418 4365 1505 4420 ‘¹⁰5⁸
1531 4367 1664 4468 lidelmi
1688 4373 1762 4431 ”⁰¹¹⁰

114 4488 176 4535 ante
191 4477 287 4535 diebus
299 4480 393 4549 paucis
407 4480 550 4553 contigisse
573 4479 679 4535 didicit.
698 4478 813 4548 Quidam
834 4495 912 4550 pere-
926 4436 953 4499 D
968 4445 1101 4556 ¹¹3⁰d⁰h²¹b
1115 4447 1217 4504 effidem
1247 4448 1281 4505 Μ
1300 4466 1423 4557 ,θοφοη
1450 4470 1564 4563 ΝῪΨΙΒ
1591 4474 1619 4512 ¹¹¹
1648 4476 1761 4533 c⁰fll⁰f⁰

114 4569 218 4643 grinus,
234 4569 363 4624 orationis
379 4586 459 4625 causa
476 4571 511 4625 ad
540 4570 667 4625 Sanctum
695 4567 826 4625 Iacobum
852 4584 913 4639 per-
966 4543 1160 4645 V¹V0¹¹²¹b¹¹⁸f²
1174 4548 1339 4647 ΨΓΙΨῙἪῙΜι
1353 4555 1454 4648 [ludim
1477 4553 1622 4610 ⁸⁰¹0¹¹fib118
1644 4556 1764 4617 diceren-

115 4674 194 4730 gens,
210 4656 238 4711 in
253 4656 349 4713 codem
363 4657 424 4713 loco
439 4657 587 4728 hospitatus
601 4665 650 4713 est.
666 4658 761 4725 Nocte,
779 4665 807 4713 ut
830 4656 913 4713 itine-
966 4641 1018 4734 Ψ·
1034 4632 1145 4704 Qamffi
1159 4650 1230 4690 ΜΠ
1246 4636 1292 4691 ¹¹¹³
1306 4637 1383 4692 ³¹³⁰?
1396 4637 1465 4694 ¹b¹⁸
1492 4643 1652 4714 ⁰⁰fP⁰fib⁰⁸
1675 4657 1763 4706 ⁰¹⁰1ae

115 4745 238 4803 ,amphus
252 4762 311 4802 mo,
325 4752 374 4815 est,
390 4754 452 4802 ,mg
479 4746 625 4802 dquculum
655 4747 785 4803 surrexit·
817 4746 914 4818 qves.
967 4723 1058 4780 videre
1073 4732 1193 4795 possunt,
1209 4740 1262 4779 non
1277 4731 1367 4781 tamen
1381 4728 1433 4782 hoo
1453 4727 1532 4785 uobis
1550 4731 1628 4787 aliter
1654 4750 1762 4792 narrare

115 4851 161 4890 sus
175 4834 209 4889 de
224 4835 285 4890 vico
300 4835 327 4889 in
341 4835 448 4900 silvam,
466 4851 526 4905 quae
540 4834 628 4891 eidem
643 4833 732 4890 vicina
753 4842 819 4901 erat,
849 4851 913 4907 per·
967 4829 1088 4894 POSSlfflh
1104 4825 1522 4894 et¹¹¹²³¹¹l²1¹l³¹¹lsemileroccuua
1542 4827 1598 4895 5¹¹⁸,
1627 4845 1677 4886 110⁶
1706 4848 1765 4890 esse

116 4922 647 4990 venja,1bj300qubusqqn0rjscasu,
663 4931 692 4979 ue
718 4924 795 4991 soler,
818 4923 914 4979 deseri.
968 4910 1088 4983 quodde
1118 4910 1170 4965 illis
1198 4910 1276 4965 nobis
1304 4927 1320 4966 a
1344 4911 1517 4969 redeuntibus
1544 4915 1685 4987 diceretur,
1715 4923 1765 4977 nisi

117 5021 190 5077 mine
205 5021 256 5077 ,5ae
270 5021 426 5091 disjuncqus,
456 5021 565 5078 deviam
591 5021 682 5093 Μὴ,
711 5020 831 5091 Cumque
858 5021 916 5076 ιω,
968 4998 1128 5055 exeuntibus
1141 5006 1168 5054 et
1180 4998 1333 5054 videntibus
1353 5000 1499 5056 secundum
1527 5004 1577 5060 ista
1605 5016 1766 5067 monstrare-

116 5111 179 5184 gius
193 5111 373 5182 processisset,
385 5110 496 5167 obvium
510 5110 592 5166 habet
606 5109 750 5181 quemdam
769 5109 915 5165 venerandi
970 5104 1020 5152 W·
1040 5097 1134 5152 Ullum
1157 5102 1247 5151 “ulem
1270 5098 1379 5169 flsslfflaet
1403 5115 1464 5170 quae
1486 5100 1549 5158 hinc
1572 5105 1689 5177 amptuis
1709 5125 1765 5168 non

117 5199 227 5255 habitus
241 5198 370 5256 etvultus
388 5199 498 5255 virum:
526 5214 542 5255 a
569 5215 623 5270 quo
651 5199 831 5269 interrogatus
856 5196 916 5269 quis
969 5201 1115 5241 reversum
1133 5193 1241 5255 0¹⁰11¹¹¹=
1266 5187 1413 5243 secundum
1435 5190 1638 5249 ¹¹¹¹11⁰m0d11m
1660 5196 1706 5253 illa
1726 5201 1766 5258 vi·

118 5296 165 5345 quq
178 5287 250 5343 unde
264 5295 342 5353 mser,
358 5287 402 5343 vel
415 5296 671 5361 pergereqnomen,
697 5287 812 5360 papiam
836 5286 916 5343 simul
969 5274 1050 5331 deant
1063 5281 1110 5329 aut
1122 5274 1247 5341 sentiunt,
1266 5276 1377 5333 omnino
1404 5276 1516 5333 dubium
1545 5288 1593 5351 est,
1623 5283 1674 5340 nisi
1702 5291 1766 5359 quta

118 5385 147 5434 et
175 5391 285 5432 causam
310 5376 414 5432 itineris
436 5377 571 5449 exposuit.
594 5377 643 5433 llle
663 5392 693 5433 sa
715 5394 773 5433 esse
794 5382 916 5434 mactum
968 5371 1136 5446 probabilius
1150 5370 1255 5427 videtur
1268 5373 1339 5444 quod
1353 5374 1399 5431 illa
1413 5391 1474 5446 quaa
1496 5376 1524 5432 in
1546 5382 1705 5453 corporibus
1726 5390 1767 5446 vi.

118 5472 259 5543 sueonum,
284 5473 319 5529 ad
342 5489 423 5545 quem
446 5474 568 5533 19„qu
590 5482 751 5548 promtu,-
772 5490 780 5546 3
803 5491 833 5533 ω
856 5474 916 5546 jam
969 5470 1062 5518 rentes
1075 5476 1124 5533 per
1147 5458 1352 5517 delectationem
1378 5478 1468 5519 rorum
1496 5465 1641 5525 visibilium
1670 5488 1767 5548 corpo-

119 5559 230 5635 quidem
244 5560 454 5631 omniaseisse;
477 5578 625 5623 nunovero
648 5565 725 5637 quasi
746 5562 917 5636 beneplacito
969 5549 1071 5607 mlibus
1096 5546 1337 5619 i¹¹¹¹¹ttl¹¹l¹fi⁰¹¹illus
1364 5549 1529 5623 injiciuntur,
1558 5572 1575 5612 ⁸
1607 5562 1767 5633 torporibus

118 5648 917 5725 etgratereniaseobviam.1tevotionemlaudat,bonum
970 5646 1000 5703 in
1026 5646 1128 5704 eisdem
1155 5644 1211 5701 illie
1234 5644 1474 5721 imaginationibus
1499 5658 1634 5713 tormenta
1658 5656 1768 5727 patiun-

118 5738 287 5816 propositum
318 5739 500 5812 commendat,
528 5740 670 5815 maenium
697 5742 771 5816 apud
795 5758 826 5799 se
858 5756 918 5799 rna·
970 5742 1026 5793 tur.
1056 5736 1151 5808 Neqm
1177 5732 1250 5792 enim
1276 5735 1389 5797 omnino
1422 5742 1593 5813 corporalem
1630 5744 1767 5817 passibili·
