3780 6038
191 237 244 294 383
674 235 886 296 tfflotntotts
904 237 1019 298 ABBAS

193 368 220 416 ct
234 376 271 417 ca
284 360 386 417 ricinis
394 364 535 434 prestita,
547 377 635 433 usquc
648 361 683 416 ad
702 377 836 417 summam
851 363 984 434 iuranda·
997 364 1026 426 A

192 455 294 506 rantur
300 451 416 515 doliola,
428 459 453 504 et
462 449 769 507 avidissirnicr·edttoris
778 451 987 523 demergeretur·

193 541 316 594 orantia
334 539 454 609 (tracy.
483 554 522 603 tv,
539 541 577 605 5).
595 539 683 594 Silere
698 539 795 594 melias
809 547 885 608 puto,
904 554 986 611 quarn

192 641 289 697 parum
303 626 404 692 dicere,
422 626 466 697 qui
482 626 559 682 electi
574 627 634 694 Det,
653 626 784 683 Dominici
800 627 895 682 altaris
918 642 987 682 aro-

193 722 292 768 matum
308 713 388 780 trata,
406 730 437 768 er
454 714 560 769 itIncris
574 715 616 769 sui
638 714 755 771 vasculis
783 716 919 771 contexas
943 714 987 770 vi-

192 811 276 876 miue,
289 820 314 866 et
323 811 483 880 capacitatis
497 812 612 868 modicae
623 814 697 883 (207)
711 813 855 866 maximam
871 811 987 867 satIave·

193 899 248 953 riut
261 899 470 965 multitudinem,
486 907 513 954 et
529 900 665 970 principes
679 899 809 955 adversus
830 899 988 970 reipublicae

193 987 286 1042 Irostes
301 986 445 1057 protectos,
468 987 561 1041 tandiu
585 988 794 1043 exhilaraverint
821 1004 908 1058 parvo
937 986 987 1041 sed

193 1074 352 1129 iuexlraasto
367 1090 400 1130 ac
411 1074 470 1144 jugi
499 1075 676 1138 abundantia,
701 1076 889 1130 exhuberente
914 1073 986 1145 Lyaei

192 1161 282 1227 latice,
298 1162 386 1217 donec
400 1162 478 1232 potiti
495 1170 586 1217 essent
602 1164 689 1233 palma
705 1163 834 1218 victoriae.
851 1162 920 1231 Quid
934 1160 987 1216 elo·

193 1250 311 1321 quande
326 1248 445 1309 lectulis.
462 1265 575 1305 summae
590 1251 740 1306 sanctitatis
752 1250 839 1322 gloria
854 1248 984 1320 praeditis,

192 1338 249 1409 qui,
263 1354 312 1408 per
325 1346 388 1409 quot
413 1338 523 1407 pbreaix
539 1338 604 1393 vivit
620 1339 720 1394 sarcula
734 1339 807 1393 omui
822 1346 914 1393 carent
937 1353 987 1393 ea-

194 1426 234 1480 rie
251 1442 259 1491 ς
275 1441 390 1495 quorum
406 1426 530 1496 qrraelibet
546 1427 685 1492 strumiua,
702 1435 728 1481 et
743 1427 849 1495 astulae,
859 1427 893 1480 ab
908 1441 986 1481 acer-

1037 238 1344 299 amanntottrtsts.
1785 245 1837 301 384

1039 366 1160 437 gnaudo,
1176 364 1226 422 sed
1241 363 1383 422 moriendo
1396 365 1529 424 vicerant.
1542 367 1575 423 ta
1584 367 1698 425 camiac
1714 367 1837 425 tributa·

1042 454 1127 509 tionis
1141 455 1252 510 caecati
1265 459 1336 510 suat
1344 455 1580 528 adparum,mira
1588 456 1729 527 patientia,
1738 463 1766 512 et
1774 454 1837 513 ideo

1040 541 1068 595 iu
1083 542 1164 596 tantis
1177 543 1328 610 miraculis,
1339 550 1416 598 tanta
1434 558 1483 599 eos
1511 551 1538 600 et
1564 544 1656 599 omnia
1678 544 1715 600 ad
1745 560 1836 601 eorum

1041 645 1107 684 usus
1120 629 1270 695 attiuentia,
1286 637 1358 685 anta
1373 630 1426 685 ista
1441 631 1617 703 prosequitur
1631 631 1767 704 potentia.
1795 633 1837 688 td

1041 717 1145 771 nullius
1159 726 1251 773 tamen
1265 719 1431 787 mortalium,
1447 720 1761 792 utnugustinusiuxxtr
1770 720 1836 777 libro

1041 805 1203 862 licetvitare
1217 807 1267 862 Dei
1281 815 1456 878 protestatur,
1472 816 1561 878 potest
1588 809 1737 880 pervenite
1766 810 1836 864 noti-

1041 893 1115 959 tiam,
1130 902 1218 949 utrum
1234 895 1588 967 Deusipseperseipsum,
1617 912 1654 951 an
1683 913 1733 968 per
1759 897 1838 952 mini·

1041 989 1113 1037 atros
1127 997 1191 1038 suos
1205 989 1277 1036 tanta
1292 990 1421 1053 operetur
1435 983 1584 1048 mirabilia,
1595 984 1759 1040 siveeadem
1768 985 1835 1055 ipsa,

1041 1086 1102 1141 quar
1116 1070 1233 1141 explicat
1248 1087 1296 1142 per
1309 1071 1469 1137 ministarIa,
1496 1072 1620 1144 quaedam
1647 1072 1733 1130 saciat
1757 1073 1837 1128 etiam

1040 1174 1090 1229 per
1103 1166 1257 1214 sanctorum
1271 1159 1392 1228 spiritus,
1406 1159 1435 1214 in
1449 1160 1599 1228 majestatis
1613 1177 1671 1217 suae
1689 1160 1837 1229 jubilantes

1040 1247 1206 1317 praesentim
1223 1246 1293 1302 sicut
1307 1263 1357 1318 per
1371 1247 1496 1303 homines
1511 1256 1587 1304 extra
1601 1247 1730 1304 homiues
1750 1250 1837 1306 adbuc

1041 1335 1068 1388 in
1082 1337 1172 1390 carnis
1185 1351 1347 1392 aerummosa
1361 1336 1525 1392 constrictos
1540 1337 1676 1404 custodia,
1701 1337 1762 1394 atre
1789 1353 1837 1409 per

1040 1431 1164 1503 angelos,
1181 1431 1280 1501 quibus
1295 1431 1475 1496 invisibiliter,
1490 1431 1709 1502 incorporaliter,
1736 1432 1835 1488 Immu-

194 1512 307 1567 bissimo
322 1514 442 1567 dentium
457 1514 563 1580 dolore,
574 1522 601 1569 et
611 1514 717 1569 latitera
731 1513 849 1569 febrium
870 1514 988 1568 liberant
1039 1520 1168 1585 rabiliter,
1184 1519 1310 1591 imperat,
1326 1528 1442 1592 peragat
1461 1520 1551 1575 omnia
1565 1520 1640 1589 talis,
1655 1528 1685 1575 ut
1699 1536 1763 1592 quta
1789 1537 1835 1593 per

193 1600 401 1656 amaritudine?
415 1605 502 1672 Atque
516 1602 550 1658 de
563 1602 624 1657 aliis
638 1602 763 1659 omnibus
774 1618 866 1658 ecmm
883 1601 986 1656 utensi·
999 1627 1026 1687 Β
1040 1616 1149 1663 sanatos
1163 1605 1222 1662 fieri
1236 1607 1373 1676 dicuntur,
1390 1608 1431 1663 eis
1448 1609 1588 1663 orantibus
1603 1617 1721 1680 murum,
1736 1617 1765 1665 et
1790 1609 1835 1665 im-

193 1686 274 1757 libus,
290 1689 355 1743 dum
365 1690 566 1760 compendiosae
580 1690 704 1746 brevitati
720 1690 825 1756 studeo,
842 1688 906 1760 quid
936 1703 985 1744 ca·
1040 1695 1220 1767 patrantibus,
1236 1710 1290 1750 uon
1306 1695 1388 1750 etiam
1418 1696 1609 1767 operantibus
1624 1696 1702 1761 tlaut,
1731 1697 1834 1753 ratione

193 1791 293 1833 rexere
307 1793 417 1846 possum
437 1778 472 1833 de
488 1779 604 1850 siuguIIs
632 1779 808 1849 specialius?
837 1779 903 1833 Cum
932 1790 986 1831 una
1041 1784 1092 1840 soli
1104 1784 1278 1856 sempiternae
1292 1783 1426 1838 diviuitati
1440 1785 1563 1856 cognita.
1592 1784 1648 1841 Sed
1673 1786 1834 1858 quibuscun-

194 1865 345 1936 eademque
358 1865 457 1920 dtriuae
470 1866 578 1921 virtutis
592 1867 726 1937 operatio,
741 1882 819 1937 aeqrra
835 1882 884 1934 per
895 1865 987 1920 omnia
1042 1888 1095 1944 que
1119 1871 1209 1927 modis
1236 1871 1557 1943 incomprehensibilibus
1585 1872 1763 1941 efficiantur,
1789 1874 1833 1931 [tei

192 1953 367 2025 dispensetur
381 1953 407 2007 iu
435 1953 591 2010 omuibus?
613 1956 742 2010 Mundum
768 1953 987 2010 iuImicissImum

194 2049 221 2098 et
235 2041 453 2099 crudelissimum
476 2043 654 2113 pertulerunt,
683 2058 800 2116 eumque
828 2058 883 2098 nou
910 2057 988 2112 repu-

232 2240 306 2305 tto't')
324 2239 475 2294 ltaaimcm
485 2240 652 2295 satiaverint
664 2238 890 2294 muttttadiaear.
903 2235 986 2292 Sutil-

195 2308 268 2363 ciant
281 2310 335 2363 dno
350 2309 477 2379 exempta
492 2309 611 2374 Domini,
628 2310 694 2363 liar.
709 2324 746 2370 vr,
757 2310 802 2371 tt,
818 2316 844 2363 et
854 2309 931 2363 locu.
945 2323 987 2372 vr,

197 2379 357 2445 tt,etl1ar.
375 2395 434 2448 vur,
447 2383 473 2445 t,
484 2387 511 2435 et
521 2395 602 2435 auum
612 2380 694 2450 servi,
706 2379 798 2447 littaei,
814 2379 935 2451 iuquam,
952 2378 988 2433 tv

1041 1960 1158 2032 gloriam
1170 1967 1198 2015 et
1208 1959 1358 2016 electorum
1374 1959 1435 2032 ejus
1449 1960 1547 2017 merita
1561 1968 1741 2018 attestantur.

1041 2230 1114 2358 geg.
1128 2243 1168 2315 ry,
1180 2226 1224 2282 ts.
1235 2223 1300 2281 tilia
1309 2227 1434 2296 reperies
1444 2227 1472 2284 iu
1482 2226 1551 2284 Vitis
1561 2227 1617 2284 nP.
1629 2225 1747 2301 aliisque
1756 2226 1835 2284 sacris

1062 2320 1084 2359 rs
1097 2320 1173 2360 orus.

835 2502 962 2575 Explicit
984 2500 1056 2558 tiber
1072 2500 1188 2558 tertias.

677 2799 853 2857 INCIPIUNT
879 2796 1050 2856 ctrtttttt
1072 2795 1163 2891 Lllllll
1191 2795 1335 2866 Qunnnt.

232 2923 256 2976 l.
275 2923 313 2978 De
325 2923 399 2994 tigno
412 2925 668 2996 prevaricationis.

231 3010 268 3065 ll.
292 3011 326 3066 aa
342 3011 418 3082 tigno
434 3014 638 3083 reparationis.

231 3098 278 3151 ttt.
294 3098 332 3153 De
341 3100 428 3155 ctavts
445 3101 606 3168 Dominicis,
619 3106 649 3158 et
663 3104 762 3160 lancea
770 3103 889 3158 militis.

231 3186 279 3240 tv.
300 3186 376 3253 Quod
389 3202 426 3242 ex
440 3189 563 3244 satutari
571 3191 664 3246 crucis
676 3192 813 3262 potitato,
830 3192 861 3246 ia
876 3204 958 3245 omae
973 3187 1139 3245 sanctarum
1152 3184 1325 3257 suppliciam
1338 3187 1485 3254 transfusa
1499 3180 1539 3237 rit
1556 3177 1765 3248 saacdficatio.

231 3273 267 3327 V.
304 3274 379 3341 Quod
392 3275 466 3330 attuit
480 3277 512 3330 ia
526 3278 633 3332 mundo
645 3280 801 3349 pretiosam
815 3275 1133 3350 comparetarcrucitrar
1149 3274 1229 3330 Petri
1239 3277 1269 3330 et
1279 3273 1406 3340 tadrroe,
1423 3287 1456 3328 ac
1469 3269 1555 3326 Parati
1569 3272 1690 3324 catenae.

234 3360 279 3414 Vl.
292 3360 454 3432 delapidata
468 3365 685 3435 protomartyris
695 3365 831 3437 Steptrarri
845 3370 873 3420 et
889 3365 1030 3422 craticula

1043 3363 1204 3419 laurentii.

216 3447 277 3501 vlt.
299 3449 356 3515 Qua
371 3447 483 3506 ittartar
494 3451 625 3524 cupidine
636 3453 758 3527 scriptor
769 3452 858 3509 tibatti
869 3451 1138 3524 trajardiffirittimoe
1146 3446 1712 3524 matericiproerumprcrttiapcaiottrrtt
1720 3459 1838 3503 mosara

197 3535 334 3591 lacerare.

759 3612 927 3688 Expliciaat
949 3611 1078 3685 captiulc
1101 3610 1166 3668 tibrt
1182 3610 1289 3684 quarti.

593 3920 825 4026 INCIPIT
861 3919 1047 4023 LIBER
1084 3915 1395 4043 QUARTUS,

415 4216 613 4274 cartTtJttJtt
624 4217 768 4275 PlllllUlI.

385 4313 422 4368 ue
447 4312 522 4384 tigno
539 4315 796 4384 praevaricationis.

229 4425 310 4481 Nunc
322 4426 486 4482 necessitate
501 4426 661 4498 compellor,
678 4428 757 4501 quasi
771 4428 843 4483 inter
866 4443 934 4483 saxa
963 4437 990 4483 et

195 4514 334 4585 scopulos,
349 4514 507 4570 imminente
521 4515 676 4587 naufragio,
692 4516 808 4571 dIctatus
822 4517 876 4570 mci
898 4515 989 4571 navim

195 4604 347 4671 llectere,et
363 4617 397 4656 ne
412 4601 500 4658 subito
515 4602 659 4675 impingat,
675 4604 823 4660 attendere.
839 4604 880 4658 Er
891 4602 989 4659 dilici-

194 4691 266 4748 libus
280 4690 353 4746 emm
368 4696 476 4746 transeo
486 4691 521 4745 ad
529 4689 688 4746 ditticittima
705 4710 713 4758 3
739 4707 772 4746 ex
800 4693 842 4747 his
866 4692 989 4762 protecto

194 4797 255 4853 quae
269 4779 408 4835 hominum
420 4779 535 4845 utilitatI,
550 4787 577 4834 et
587 4779 751 4835 recreationi
762 4789 825 4834 sunt
833 4780 987 4852 aptissima,

195 4877 221 4925 et
235 4869 326 4925 dulcia
342 4887 349 4934 ;
365 4867 401 4922 ad
415 4882 458 4931 ea,
474 4884 534 4939 quae
564 4867 744 4925 imbecillitati
773 4869 899 4924 humanae
926 4876 991 4925 sunt

194 4958 305 5013 oraninc
319 4957 466 5023 contraria,
483 4964 509 5012 et
523 4956 694 5012 amarissima
709 4956 764 5013 :ad
791 4956 901 5012 diversa
929 4964 989 5013 tor-

195 5054 346 5101 meutomm
361 5059 477 5115 genera.
496 5044 551 5101 Sed
566 5045 654 5101 sancti
669 5046 784 5116 Spiritus
798 5046 901 5116 aspiret
912 5059 988 5112 aura,

195 5141 222 5187 et
236 5132 298 5187 vela
310 5131 442 5196 totendal,
454 5140 480 5186 et
491 5149 533 5187 me
548 5133 619 5187 inter
629 5134 786 5205 spirituales
799 5134 931 5203 epibatas,
942 5132 992 5188 uti-

196 5235 256 5274 nam
272 5218 315 5274 vel
330 5218 464 5286 ultimum,
477 5221 648 5293 intranquilti
658 5229 752 5292 portus
765 5221 852 5277 siuum
864 5229 992 5292 transpo-

195 5308 995 5380 aar.laprotoparemtsigirurnostriirrernediahttipraera·

196 5395 624 5467 acutione,scriptoesuntarrgua
635 5398 822 5453 adamantino
835 5398 903 5465 (ter.
917 5412 985 5462 arri,

197 5483 993 5555 t),ccatrorrosarnaritadiaesttobxrrr,ib),mortisctriro·

1006 5564 1033 5626 D

232 5659 307 5728 (tutti
320 5657 493 5729 decapitata
503 5661 573 5713 suat
583 5673 691 5722 cruces,
702 5677 800 5733 scopae.
812 5661 852 5716 Dc
861 5660 903 5716 his
913 5660 991 5717 allis·

196 5746 249 5803 quc
263 5744 405 5802 poenarum
420 5729 616 5799 instrumentis,
632 5730 745 5802 elegans
759 5733 882 5789 tractatio
893 5737 919 5790 et
929 5746 992 5790 eru·

1001 4217 1026 4282 C
1039 4219 1185 4291 grapbum,
1197 4218 1261 4288 jura
1276 4227 1303 4274 et
1316 4219 1394 4291 leges
1409 4233 1416 4290 ;
1433 4226 1460 4274 et
1475 4216 1579 4290 repleta
1597 4224 1624 4274 et
1637 4216 1777 4275 inebriata
1799 4223 1840 4275 ert

1041 4307 1185 4379 absynthio
1199 4307 1288 4364 omnis
1302 4309 1450 4379 posthuma
1463 4307 1568 4378 proles.
1593 4307 1629 4363 Et
1656 4305 1704 4379 qui
1729 4322 1838 4378 prava·

1043 4394 1182 4451 ricariouis
1198 4397 1312 4467 liguum,
1337 4395 1499 4468 pulchrum,
1524 4403 1552 4450 et
1578 4395 1749 4453 detectabile
1778 4396 1840 4452 aba

1044 4484 1127 4552 (Gerr.
1146 4499 1188 4551 rn,
1205 4488 1243 4554 6),
1258 4491 1284 4539 et
1299 4491 1379 4555 gustu
1394 4499 1477 4539 suave
1492 4498 1542 4554 per
1556 4488 1650 4555 guttur
1677 4482 1840 4555 protoplasti

1043 4571 1203 4637 demissum,
1219 4571 1253 4626 ad
1268 4573 1374 4628 viscera
1394 4571 1475 4628 totins
1504 4570 1674 4641 posteritatis
1702 4570 1837 4638 transisit,

1044 4668 1073 4716 ut
1082 4660 1259 4716 acutissimus
1272 4659 1390 4732 gladius,
1404 4667 1431 4714 et
1440 4659 1591 4714 iusanabile
1605 4659 1708 4715 iutlixit
1722 4661 1839 4727 vulnus3

1042 4749 1075 4804 tu
1085 4748 1198 4803 summis
1208 4748 1559 4812 amurttudiatbrrsaartcr,
1575 4764 1626 4819 pro
1640 4746 1840 4806 dotoriarora-

1046 4848 1094 4900 tur
1108 4845 1207 4900 ocutus
1221 4845 1361 4913 (tobxvrr,
1389 4848 1430 4914 ἓ).
1463 4843 1579 4915 Lignum
1606 4843 1842 4916 prevaricationis

1044 4931 1185 5003 primaria,
1200 4931 1312 5002 ipsaque
1327 4930 1449 4988 efficiens
1463 4946 1546 4988 causa
1564 4940 1617 4995 est,
1639 4948 1703 4990 cum
1732 4941 1842 4990 aterna

1045 5019 1235 5087 damnationis,
1251 5028 1307 5075 tum
1323 5020 1412 5076 omnis
1422 5020 1548 5092 supplicii
1558 5020 1756 5087 etdoloris3et
1766 5037 1844 5078 esor-

1046 5121 1121 5176 dium
1134 5131 1159 5177 et
1172 5121 1259 5177 tornes
1273 5122 1356 5177 totius
1370 5122 1497 5177 moeroris
1512 5122 1741 5179 esttribulationis.
1766 5122 1845 5181 Unde

1047 5210 1165 5266 bominis
1174 5211 1260 5282 prima
1274 5210 1372 5267 oborta
1386 5216 1428 5267 est
1441 5211 1559 5282 perditio
1575 5225 1583 5282 ;
1600 5211 1666 5267 inde
1680 5211 1842 5268 innumera·

1048 5308 1118 5364 biles
1132 5324 1285 5379 poenarum,
1300 5309 1418 5380 species,
1432 5311 1557 5365 bumanae
1571 5309 1743 5367 crudelitatis
1767 5325 1845 5369 com-

1048 5403 1141 5453 menta
1155 5405 1197 5453 est
1210 5397 1378 5453 adinventio.
1395 5398 1470 5467 (208)
1499 5398 1672 5470 Excogitare
1699 5406 1764 5455 auat
1782 5398 1848 5455 iude

1049 5500 1155 5553 cruces,
1171 5501 1262 5557 scopae
1275 5485 1355 5542 cutim
1367 5494 1519 5552 exarantes,
1532 5486 1633 5543 nodosi
1652 5486 1751 5558 iusta,
1774 5486 1848 5561 cippi

1044 5660 1327 5806 iiiiiirSelii.Anwnfi
1342 5659 1473 5731 Gallouii,
1488 5661 1712 5739 congregationi·
1726 5660 1848 5723 oratori
