3780 6038
61 214 115 268 537
608 202 612 212 ¹
813 207 957 265 otltottt
1658 210 1710 264 538

60 338 138 393 Tunc
165 335 242 393 nobis
268 331 470 407 prophetiarum
512 334 626 391 claustra
653 338 806 406 patuerunt,
834 339 860 388 et
871 333 900 395 Α
914 332 1043 388 stolorum
1053 331 1123 389 Petri
1138 340 1164 388 et
1179 331 1265 388 Pauli.
1282 332 1358 389 Unde
1382 333 1448 390 mihi
1462 332 1498 390 oh
1512 331 1712 389 venemtioncm
1773 332 1778 339 '

62 441 157 480 earum
168 424 396 480 emanarevelata
426 430 496 492 sunt,
512 423 724 479 etadmovimus
746 421 867 477 animum
917 422 1115 477 etmemoriam
1130 420 1251 491 ejusdem
1266 422 1391 493 apostoli,
1407 438 1506 478 nomen
1521 421 1712 493 quodestPe·

62 513 97 568 ad
113 512 316 585 percipiendum
345 527 438 567 rerum
455 509 863 578 carumintellectum,morati·
918 517 981 576 trus,
1004 509 1129 580 imposui.
1158 509 1219 564 Fuit
1244 517 1333 565 autom
1363 518 1439 581 pater
1466 527 1542 565 meus
1564 506 1711 581 spiritualis

61 616 116 672 que
130 617 222 656 sumus
234 615 315 671 super
329 599 417 670 Ipsum
434 598 733 669 explanandumUnde
749 614 864 671 perpen·
915 600 1073 666 Aorunsus,
1087 598 1221 670 gloriosus
1232 599 1369 668 Hispaniae
1384 600 1540 672 imperator,
1564 597 1608 668 qui
1619 614 1662 652 me
1677 596 1710 652 do

61 690 161 758 dImus,
177 688 283 758 etquod
299 689 326 741 in
353 687 392 742 eis
406 687 619 759 intelligendum,
646 695 673 742 et
699 688 773 757 quod
800 686 863 742 indo
915 703 993 742 sacro
1016 686 1089 742 sonte
1116 687 1240 756 suscepit,
1271 703 1352 757 quare
1380 704 1480 744 nomen
1513 687 1571 757 ejus
1597 687 1711 756 praefato

61 786 101 833 est
127 775 302 842 credendum,
334 774 459 830 videlicet
484 775 555 845 quod
581 792 649 830 unus
676 775 711 829 sit
723 775 805 843 Deus,
834 774 862 830 in
916 776 1255 846 nominImeoapponens,
1273 777 1365 831 Petrus
1383 776 1486 832 hlIunsi
1516 776 1583 831 mihi
1610 791 1710 830 nomen

62 880 238 936 personarum
259 863 398 930 Trinitate,
428 879 489 934 quae
504 881 554 919 nec
581 865 635 919 ullo
650 880 679 918 se
707 863 864 935 praecedunt
915 864 1041 935 imposui.
1057 863 1178 933 Cumque
1195 871 1287 918 notum
1312 864 1551 935 essetJudaeisqui
1574 871 1712 920 meantes

62 962 194 1025 tempore,
218 969 267 1008 nec
297 953 388 1023 aliqua
415 967 431 1005 a
459 968 488 1007 se
517 961 694 1025 segregantur
718 951 860 1019 divisione,
915 960 1054 1019 noverant,
1075 961 1102 1006 et
1117 951 1297 1023 probaverant
1310 953 1424 1023 peritum
1449 954 1477 1008 in
1504 953 1579 1008 libris
1588 953 1710 1022 pmphe-

61 1056 130 1110 qrras
157 1039 298 1095 Christiani
313 1041 428 1106 Patrem,
446 1048 473 1093 et
488 1040 595 1107 Filium,
612 1048 639 1095 et
648 1040 778 1110 Spiritum
794 1054 861 1094 san·
916 1048 1001 1095 tarum
1030 1047 1056 1095 et
1082 1040 1160 1096 dicus
1186 1040 1336 1109 doctorum,
1366 1050 1469 1112 partem
1483 1041 1562 1097 etiam
1581 1055 1710 1096 nonma-

61 1136 134 1182 ctum
160 1129 310 1196 nominant,
339 1133 366 1182 et
396 1127 468 1200 quod
482 1127 561 1184 beata
588 1129 671 1183 liaria
700 1127 734 1183 de
761 1127 862 1198 Spiritu
914 1145 997 1202 gnam
1008 1129 1107 1184 hahere
1122 1129 1243 1183 omnium
1258 1128 1408 1184 liberalium
1425 1130 1531 1199 ortium,
1542 1129 1709 1201 quodlegem

60 1224 155 1271 sancto
171 1217 336 1286 concipiens,
356 1217 415 1271 sine
426 1216 495 1271 virili
524 1217 712 1271 commistione
728 1216 861 1272 Christum
914 1227 941 1273 et
955 1217 1036 1273 fidem
1062 1217 1224 1288 accepissem
1255 1217 1478 1285 Christianorum,
1502 1226 1710 1275 etunusessem

59 1305 175 1375 peperit,
191 1320 288 1373 comus
300 1321 433 1377 generans
447 1305 604 1370 animatum,
621 1305 692 1376 quod
711 1305 863 1376 incompre-
914 1323 1018 1374 eorum,
1035 1307 1143 1376 quidam
1174 1322 1267 1361 eorum
1295 1306 1415 1362 arbritati
1442 1315 1560 1363 suntme
1582 1309 1634 1362 hcc
1654 1321 1709 1362 non

60 1392 203 1448 heusibilis
232 1393 338 1448 deitatis
366 1401 436 1448 esset
464 1394 656 1449 habitaculum.
681 1395 756 1450 Unus
771 1393 861 1462 itaque
915 1395 1018 1461 fecisse,
1035 1395 1086 1449 uisi
1114 1395 1256 1465 quiaadeo
1281 1410 1389 1450 omnem
1404 1395 1557 1465 abjeceram
1584 1411 1711 1451 verecun-

59 1481 180 1536 Christus
194 1481 278 1536 trihus
291 1483 424 1552 perlectus
447 1481 613 1550 substantiis,
637 1482 862 1555 corporescilicet
914 1484 997 1553 diam,
1013 1483 1085 1554 quod
1101 1490 1128 1538 et
1141 1484 1227 1538 Deum
1247 1484 1374 1557 etlegem
1398 1493 1625 1554 contempseram.
1658 1483 1711 1539 Alii

58 1570 152 1624 anima
178 1577 204 1624 et
236 1570 345 1640 deitate,
375 1570 448 1626 idem
464 1579 491 1625 et
520 1573 591 1626 Deus
606 1578 633 1626 et
660 1574 742 1627 homo
757 1578 805 1638 ost,
834 1577 862 1625 et
913 1587 978 1627 vero
993 1580 1135 1644 propterea
1156 1588 1201 1626 me
1215 1570 1309 1628 secisse
1337 1573 1472 1641 dicebant,
1502 1573 1574 1644 quod
1601 1589 1655 1628 non
1681 1580 1711 1629 ut

58 1657 133 1728 quod
147 1673 209 1713 eum
235 1658 321 1715 ludaei
350 1659 546 1725 crucifixerunt,
562 1676 611 1717 sua
633 1661 807 1732 dispositione
830 1668 857 1716 et
871 1691 897 1751 Β
912 1659 1037 1716 docuerat
1056 1662 1247 1731 prophetarum
1276 1668 1302 1717 et
1316 1661 1383 1734 legis
1410 1661 1494 1719 verba
1519 1661 1710 1718 intellexissem

56 1746 207 1814 voluntate,
221 1754 251 1802 ut
272 1748 340 1803 sicut
354 1756 411 1803 erat
425 1746 625 1815 creator,ficret
649 1758 677 1805 et
702 1751 859 1825 redemptor
912 1749 963 1803 hlii
978 1756 1067 1804 autem
1083 1765 1161 1805 vanae
1183 1748 1278 1822 glorie
1300 1749 1478 1822 imputabant,
1506 1758 1534 1806 et
1546 1766 1589 1807 me
1600 1751 1652 1806 hoc
1665 1750 1709 1807 le-

58 1835 140 1889 totius
178 1843 279 1890 sanctae
292 1836 432 1905 Ecclesiae,
454 1835 572 1892 fidelium
586 1838 686 1894 scilicet
700 1842 857 1911 praecedeu-
911 1838 978 1894 cisse
993 1838 1225 1894 calumniabantur
1238 1836 1275 1892 ob
1298 1840 1428 1894 honorem
1456 1839 1558 1908 saeculi,
1588 1855 1620 1896 eo
1635 1839 1709 1910 quod

57 1922 124 1977 tium
140 1930 166 1977 et
180 1924 359 1994 sequentium,
375 1932 548 1995 mortuusque
562 1941 675 1998 corpore
689 1931 856 2001 etsepultus,
912 1927 1121 1983 Christianorum
1152 1934 1261 2000 gentem
1289 1928 1392 1983 caeteris
1419 1928 1544 1983 omnibus
1570 1943 1710 2000 superesse

56 2017 83 2067 et
96 2011 173 2066 tertia
187 2012 231 2066 die
251 2013 395 2068 resurrexit
410 2030 426 2068 a
442 2015 563 2081 mortuis,
593 2015 802 2073 ascenditetiam
831 2021 858 2075 ln
911 2015 1104 2088 conspicerem.
1121 2016 1198 2071 lluuc
1212 2015 1294 2088 igitur
1310 2016 1429 2072 libellum
1443 2017 1592 2087 composui,
1608 2023 1638 2070 ut
1651 2032 1710 2073 om·

57 2100 207 2167 coelum,et
221 2099 257 2155 ibi
285 2101 365 2155 simul
380 2108 420 2157 est
439 2118 501 2156 cum
514 2103 601 2168 Patre,
631 2112 759 2159 ventums
773 2107 800 2160 in
814 2106 857 2162 die
912 2128 960 2166 nos
974 2120 1001 2167 et
1028 2128 1117 2168 meam
1144 2119 1309 2185 cognoscant
1334 2113 1519 2182 intentionem,
1549 2121 1576 2169 et
1597 2114 1709 2171 audiant

54 2187 161 2258 judicii,
174 2187 296 2257 judicare
319 2189 396 2243 vivos
424 2198 450 2244 et
464 2199 594 2255 mortuos,
624 2191 692 2247 sicut
719 2197 859 2265 pmphctae
912 2201 1054 2269 rationem,
1071 2201 1164 2271 inquo
1187 2201 1308 2256 omnium
1319 2201 1431 2257 aliarum
1459 2202 1580 2274 gentium
1595 2202 1709 2258 creduli-

56 2284 140 2340 locuti
166 2293 237 2353 sunt,
261 2293 287 2340 et
315 2286 433 2340 futurum
462 2287 653 2356 praedixerunt.
675 2291 742 2345 Cum
769 2292 859 2363 itaque
913 2289 973 2344 tatis
983 2289 1189 2345 destmctionem
1210 2290 1356 2359 praeposui,
1372 2298 1431 2361 post
1444 2293 1503 2347 haec
1530 2291 1708 2347 Christianam

57 2373 158 2429 divioae
172 2374 351 2430 miserationis
361 2375 486 2430 instinctu
504 2377 537 2430 ad
553 2387 605 2433 tam
623 2380 759 2435 excelsum
781 2381 860 2452 hujus
913 2378 1001 2449 legem
1026 2377 1152 2433 omnibus
1180 2379 1395 2447 prestantiorem
1427 2394 1484 2434 csse
1511 2379 1639 2435 conclusi.
1668 2378 1710 2434 td

56 2459 120 2517 fidei
134 2463 249 2535 gradum
268 2463 461 2534 pervenissem,
493 2466 555 2520 exui
583 2467 694 2538 pallium
723 2468 857 2538 salsitatis,
912 2467 1035 2522 ultimum
1061 2466 1141 2521 etiam
1163 2482 1257 2521 omnes
1284 2466 1427 2536 cujuslibet
1455 2467 1613 2525 Christianae
1641 2468 1709 2542 legIs

57 2557 84 2606 et
99 2552 214 2605 nudatus
241 2568 300 2606 sum
316 2553 404 2607 tunica
432 2553 589 2624 miquitatis,
615 2563 641 2611 et
654 2555 803 2628 baptizatus
831 2560 858 2613 in
904 2555 1056 2614 ¹adversarii
1072 2554 1239 2624 objectiones
1252 2555 1339 2624 posui,
1356 2556 1507 2627 positusque
1523 2573 1572 2628 pro
1586 2573 1648 2613 meo
1661 2573 1709 2612 sa·

56 2639 122 2694 sede
147 2639 274 2695 Oscensis
290 2641 416 2709 civitatis,
447 2642 474 2697 in
489 2643 598 2698 nomme
609 2645 736 2712 Patris,et
755 2645 859 2714 Filii,et
912 2659 977 2713 perc
994 2659 1055 2698 cum
1077 2644 1181 2699 ratione
1209 2650 1236 2697 et
1258 2644 1413 2699 auctoritate
1441 2645 1570 2700 destruxi.
1598 2644 1707 2700 Librum

57 2725 174 2797 Spiritus
184 2726 285 2795 Sancti,
302 2728 456 2799 purificatus
483 2732 609 2786 manibus
638 2733 766 2805 Stephani
794 2736 858 2808 glo·
913 2739 1001 2788 autem
1017 2738 1101 2786 totum
1122 2731 1230 2786 distinxi
1246 2747 1294 2802 per
1307 2730 1455 2804 dialogum,
1484 2732 1708 2789 utlectorisani·

56 2824 122 2879 riosi
138 2832 166 2879 et
192 2825 306 2898 legitimi
335 2827 456 2897 ejusdem
485 2829 601 2884 civitatis
627 2831 756 2902 episcopi.
786 2834 859 2888 Hora
912 2846 972 2884 mus
986 2828 1234 2902 promptiorfiatad
1249 2829 1709 2902 intelligendum.lntutandiseh'am

57 2913 139 2969 etiam
160 2912 338 2985 baptismatis,
369 2925 466 2987 praeter
479 2933 511 2972 ea
534 2933 593 2988 quae
621 2919 759 2991 praemissa
785 2928 856 2991 sunt,
913 2918 1126 2973 Christianorum
1144 2917 1403 2987 rationibus,nomen
1416 2920 1574 2990 quodmodo
1583 2920 1709 2977 Christia-

57 3002 160 3056 credidi
176 3002 270 3058 beatos
297 3005 441 3074 apostolos,
458 3012 485 3059 ct
511 3013 631 3062 sanctem
647 3008 793 3063 Ecclesiam
808 3025 856 3064 ca-
871 3041 896 3105 C
912 3023 962 3061 nus
975 3005 1073 3074 hebeo,
1089 3007 1167 3076 posui
1183 3025 1189 3060 ε
1205 3004 1354 3062 rationibus
1377 3023 1440 3063 vero
1455 3008 1599 3064 adversarii
1610 3008 1708 3065 coniu-

58 3088 196 3143 tholicam.
217 3090 275 3144 lloc
306 3097 394 3144 autem
424 3091 577 3147 factumest
604 3108 675 3148 anno
690 3111 705 3148 a
721 3094 858 3151 nativitate
914 3094 1009 3162 tondis,
1028 3110 1126 3149 nomen
1142 3094 1708 3168 quodantebaptismumhabueramidest

56 3174 171 3231 Domini
187 3176 330 3234 millesimo
344 3180 490 3234 centesimo
505 3189 591 3248 sexto,
608 3182 694 3236 aetatis
710 3198 777 3238 meae
787 3199 858 3239 anno
912 3184 1032 3253 Moysen.
1045 3182 1153 3238 Librum
1168 3182 1249 3238 etiam
1263 3183 1290 3237 in
1304 3183 1395 3239 titulos
1409 3183 1550 3242 duodecim
1562 3185 1651 3252 divisi,
1680 3194 1709 3242 ut

58 3264 267 3338 quadragesimo
297 3274 401 3336 quarto,
419 3284 511 3323 mense
525 3269 605 3338 Julio,
622 3269 665 3325 die
680 3270 775 3326 natalis
789 3287 858 3344 apo·
913 3270 985 3341 quod
999 3270 1083 3326 lector
1096 3271 1208 3342 quisque
1222 3272 1364 3341 desiderat,
1376 3273 1453 3329 citius
1469 3273 1496 3329 in
1510 3274 1563 3330 illis
1577 3274 1705 3330 inveniat.

418 3711 680 3825 INCIPIT
736 3711 1083 3828 DIALOGUS
1139 3714 1345 3826 PETRI

212 4005 582 4084 COGNOMENTO
610 4008 897 4105 ALPHONSI,
926 4010 1002 4085 EX
1027 4010 1213 4086 JUDAEO
1242 4010 1551 4088 CHRISTIANI

863 4253 900 4297 Π

608 4457 826 4572 MOYSI
882 4459 1141 4575 JUDAEI.

95 4821 214 4878 Parrus.
231 4822 254 4877 t
273 4827 364 4876 tenera
390 4820 472 4894 igitur
492 4821 615 4891 pueritie
639 4829 718 4879 {etate
745 4821 855 4894 quidam
868 4803 896 4866 D
910 4821 964 4877 rari
978 4821 1107 4879 solllcitus
1122 4823 1170 4893 lui,
1186 4824 1234 4881 sed
1261 4840 1338 4881 meus
1365 4819 1475 4877 affectus
1501 4819 1585 4876 caruit
1611 4816 1707 4874 effectu

58 4910 126 4964 mihi
168 4909 381 4981 perfectissimus
418 4908 568 4965 adhaeserat
609 4911 719 4976 amicus,
750 4911 859 4966 nomine
912 4912 1102 4981 usquemodo,
1117 4929 1178 4967 cum
1206 4921 1231 4968 te
1258 4913 1319 4969 laeto
1334 4911 1383 4967 Dei
1406 4907 1494 4981 gratia
1516 4907 1595 4962 video
1621 4907 1706 4963 vultu.

57 4998 174 5069 ldoyses,
189 4999 236 5068 qui
251 5014 267 5054 a
282 4998 412 5069 primaeva
435 5005 513 5053 aetate
528 5014 604 5053 meus
624 4999 860 5054 consociusiuerat
912 5000 1073 5055 Nuuctuam
1093 5001 1169 5068 mihi,
1199 5017 1299 5070 quaeso,
1315 4997 1464 5068 patefactas
1478 4995 1664 5064 intentionem,
1681 5002 1707 5049 et

58 5093 85 5141 et
98 5087 306 5158 eondisprulus.
331 5086 372 5142 Ad
396 5088 467 5142 hunc
490 5103 551 5142 cum
579 5088 744 5158 pervenisset
770 5103 859 5143 sermo
913 5105 961 5160 per
974 5104 1055 5158 quiam
1070 5089 1112 5143 vel
1127 5089 1264 5159 antiquam
1279 5085 1436 5150 deserueris,
1453 5085 1496 5139 vel
1512 5082 1707 5156 tovamlegem

58 5173 132 5245 quod
146 5190 199 5247 ego
213 5182 329 5247 patema
345 5175 406 5247 lege
421 5175 512 5231 relicta
541 5175 718 5231 Christianum
745 5176 860 5249 delegis-
913 5176 1046 5250 delegeris
1061 5177 1163 5248 pandas
1189 5176 1330 5231 rationem.
1346 5173 1416 5230 Novi
1432 5172 1504 5227 enim
1519 5171 1587 5227 bene
1602 5172 1667 5227 olim
1682 5180 1709 5227 te

56 5278 115 5318 sem
126 5261 217 5331 fidem,
234 5263 326 5319 relicto
352 5280 408 5319 suae
422 5264 543 5319 stationis
552 5265 622 5333 loco,
638 5264 672 5320 ad
695 5280 739 5320 mc
750 5265 860 5321 festinus
913 5267 1003 5323 ualere
1014 5265 1041 5319 in
1056 5264 1161 5336 scriptis
1183 5267 1385 5336 prophetarum,
1401 5269 1428 5318 et
1441 5261 1531 5320 serbis
1557 5269 1707 5317 nostromm

57 5351 189 5423 pervenit,
203 5351 231 5406 in
260 5351 319 5423 ipso
335 5352 452 5407 adventu
473 5352 617 5423 quemdam
640 5353 743 5408 uultum
772 5353 860 5410 ferens
913 5354 1052 5411 doctorum
1068 5353 1211 5427 apueritIa
1225 5368 1422 5425 quoquosuper
1435 5365 1712 5422 omnescooequaevos

57 5439 177 5495 homiuis
199 5438 373 5512 indignantis,
385 5447 412 5494 et
431 5440 573 5510 increpans
587 5441 712 5498 salutavit
725 5458 768 5497 me
783 5457 859 5498 mora
916 5447 975 5496 tuos
990 5438 1058 5511 legis
1086 5439 1230 5494 relatorem
1258 5438 1349 5506 luisse,
1378 5437 1440 5491 etsi
1455 5436 1516 5508 quis
1542 5434 1710 5490 adversarius

57 5542 113 5582 non
127 5527 218 5593 amici,
235 5526 282 5582 sed
297 5527 372 5598 quasi
387 5528 478 5595 alieni,
495 5535 523 5583 et
536 5529 575 5584 sic
588 5545 700 5586 exorsus
713 5537 752 5586 est
768 5549 774 5586 :
791 5531 860 5600 Vah,
915 5535 994 5593 esset,
1011 5534 1036 5582 te
1059 5527 1098 5582 illi
1112 5525 1278 5584 detensionis
1290 5526 1414 5599 chrocam
1430 5522 1711 5599 opposufss031udaeis

57 5614 137 5671 Petro
164 5614 268 5671 Ilionei
296 5616 303 5670 t
332 5616 444 5673 Multum
483 5617 657 5687 pertransirit
666 5620 807 5691 temporis,
826 5634 860 5674 ex
914 5615 942 5672 in
957 5616 1105 5691 synagogis
1118 5631 1152 5670 ne
1166 5631 1181 5671 a
1196 5633 1245 5675 sua
1267 5631 1385 5687 uuquam
1401 5612 1454 5670 tide.
1477 5610 1632 5668 recederent
1645 5625 1711 5680 prae·

58 5704 132 5775 quod
145 5703 182 5759 ed
195 5711 222 5760 te
235 5704 340 5774 venire,
356 5711 381 5762 te
395 5705 496 5775 videre,
511 5712 600 5763 taeom
610 5705 684 5778 loqui
698 5714 726 5763 et
733 5722 860 5765 eommo-
913 5704 1027 5775 dicasse,
1056 5705 1178 5764 mnscios
1206 5699 1339 5773 docuism,
1368 5705 1462 5760 doctos
1475 5701 1503 5757 in
1530 5698 1619 5769 majus
1644 5710 1711 5768 pro·
