3780 6038
192 268 261 325 11³5
764 257 936 315 WERNERI
957 256 1100 311 auattrts
1120 254 1148 311 S.
1171 253 1280 310 tttasn
1788 260 1842 313 ilii

192 391 267 464 quod
288 389 370 447 lallax
394 389 547 445 mordendo
568 396 595 444 ct
618 387 779 443 mentiendo
799 385 901 441 nitatur
915 381 987 439 iule-
1003 381 1028 442 Α
1044 380 1208 450 existimant,
1225 381 1272 436 vcl
1286 379 1355 436 sicul
1371 380 1409 435 illi
1423 382 1469 452 qui
1489 381 1589 439 dicunt
1603 382 1634 436 in
1650 378 1710 436 fide
1725 385 1842 439 manenti

191 488 264 545 stare
279 479 445 552 proximum.
464 478 542 534 Unde
557 476 696 549 apostulus
709 476 764 531 ait:
784 497 795 522 c
813 475 841 530 Si
857 471 988 528 mordetis
1042 472 1102 537 bus,
1114 469 1238 541 quamvis
1252 470 1396 526 carnaliter
1416 471 1518 536 vivant,
1535 487 1596 527 non
1622 488 1713 543 posse
1727 471 1842 544 imputari

194 575 221 625 et
234 567 376 624 comeditis
392 567 519 635 invicem,
535 567 624 622 videte
639 582 673 621 ne
688 564 723 619 ab
746 562 863 618 invicem
884 576 988 616 consu·
1041 566 1165 631 peecata.
1182 560 1211 612 lo
1232 558 1359 614 cicatrice
1382 560 1470 614 sanati
1491 559 1599 616 ulceris
1620 561 1734 633 lepram
1755 574 1840 635 portat

192 665 305 722 memini
320 665 400 735 (Gal.
419 667 457 729 vl.
478 690 488 715 ι
506 665 612 720 Nonum
640 669 806 735 praeceptum
822 667 864 715 est
876 677 906 713 :·
927 658 988 713 Non
1043 659 1088 730 qui
1105 665 1165 729 post
1179 659 1363 731 cognitionem
1387 663 1414 715 et
1438 660 1611 716 medicinam
1626 663 1681 718 Dei
1697 672 1725 719 et
1740 666 1842 722 manile-

192 755 372 826 ooucupisces
388 771 446 810 rem
461 752 628 825 proximitui
643 752 740 819 (asoa.
756 750 812 818 xxi.
831 773 843 797 s
860 747 928 802 lluic
942 762 990 817 op·
1043 749 1187 803 stationem
1208 747 1270 803 dcet
1285 764 1366 820 quam
1382 764 1398 803 a
1422 749 1533 806 Christo
1557 753 1701 823 suscepit,
1717 760 1842 814 rursusin

193 844 282 918 posita
310 851 353 900 est
381 852 476 900 octaua
506 841 595 915 plaga,
624 842 729 898 scilicet
744 837 985 895 deuaaeteneltrae·
1043 844 1103 915 ipsa
1119 844 1245 901 cicatrice
1258 845 1362 901 accedit
1377 845 1413 901 ad
1436 847 1552 919 aliquod
1568 853 1683 908 erroris
1699 856 1798 926 prioris
1809 864 1842 917 in.

194 939 274 1011 Quod
288 938 424 1014 significat
439 938 466 992 in
482 938 601 993 tenebris
616 952 678 992 esse
694 943 721 991 et
732 934 766 990 ad
781 943 898 991 aeternas
914 940 989 986 tene·
1043 933 1154 1000 dicium,
1170 934 1260 989 autad
1277 933 1417 1005 perfidiam
1428 937 1529 994 veleris
1544 940 1708 1014 dogmatis.
1728 947 1759 1002 ln
1773 966 1841 1008 carne

193 1026 257 1081 bras
271 1025 384 1081 tendere
399 1021 445 1093 qui
459 1021 532 1093 quod
547 1021 600 1076 sibi
614 1036 670 1077 uon
684 1019 750 1086 vult,
771 1019 825 1074 hoc
840 1016 884 1072 alii
899 1013 989 1070 medi·
1043 1029 1105 1087 viva
1120 1039 1229 1102 gestant
1242 1034 1355 1102 lepram,
1373 1032 1467 1104 quide
1481 1037 1575 1092 anima
1594 1056 1662 1110 quae
1675 1043 1735 1100 vita
1749 1056 1788 1102 eat
1799 1050 1841 1105 ali-

192 1121 267 1168 mur
280 1110 392 1168 inferre·
409 1110 550 1167 Dessimum
562 1115 733 1180 Psaeoel'mm
743 1116 803 1162 0⁵²³
819 1128 828 1155 ⁸
845 1106 907 1161 N⁰¹¹
917 1104 993 1159 ⁶0⁸1·
1043 1119 1114 1188 quod
1131 1119 1229 1174 salsum
1241 1120 1406 1187 existimant,
1422 1123 1493 1179 sicut
1503 1124 1543 1179 illi
1560 1128 1611 1198 qui
1627 1129 1728 1187 dicunt
1740 1138 1841 1195 animan

191 1211 301 1268 derabis
324 1225 439 1265 uxorem
459 1207 574 1279 proximi
600 1207 636 1261 lui
659 1206 761 1276 (ibid).
783 1206 845 1260 Non
867 1219 988 1270 servum,
1044 1207 1078 1261 de
1093 1208 1187 1262 caruis
1203 1207 1359 1264 substantia
1378 1222 1573 1285 propagatam,
1586 1225 1617 1272 et
1633 1219 1711 1277 sicut
1725 1225 1770 1295 qui
1788 1229 1841 1282 ani·

191 1317 248 1357 non
261 1299 399 1356 ancillam.
419 1321 429 1346 ι
448 1296 516 1352 lluic
531 1303 666 1366 precepto
677 1294 814 1350 contraria
829 1301 870 1348 est
884 1291 990 1348 decima
1044 1310 1116 1349 mam
1132 1297 1212 1351 simul
1234 1312 1297 1353 cum
1315 1313 1431 1370 corpore
1449 1303 1521 1359 mori
1542 1314 1657 1374 putant.
1679 1312 1711 1365 ln
1727 1315 1841 1375 cicatrice

195 1389 291 1460 plaga,
308 1386 413 1443 scilicet
427 1400 501 1440 mors
516 1384 773 1457 primogenitorum.
791 1381 873 1445 Quod
887 1379 990 1453 signifi·
1044 1384 1159 1439 ustionis
1170 1386 1272 1456 lepram
1286 1386 1386 1442 babent
1406 1389 1563 1459 Manichaei,
1591 1397 1645 1468 qui
1670 1400 1746 1458 inani
1767 1407 1841 1462 Μ,

192 1475 322 1549 estquod
339 1474 386 1545 qui
401 1474 494 1530 volunt
508 1472 780 1528 baer·editsrienliena
794 1470 947 1542 possidere,
964 1476 992 1524 et
1044 1474 1143 1529 nertin
1158 1475 1281 1530 cruciatu
1296 1490 1414 1547 corpora
1429 1494 1479 1534 sua
1493 1494 1629 1552 exurunt,
1647 1497 1676 1543 et
1691 1507 1744 1561 per
1756 1494 1841 1553 inlide-

193 1574 351 1629 desiderant
379 1576 495 1627 mortem
519 1577 737 1626 momentaneam
752 1569 877 1634 aliorum,
895 1567 988 1623 incur·
1043 1571 1146 1625 litatem
1167 1586 1222 1626 non
1243 1573 1411 1644 munditiam,
1429 1578 1477 1632 sed
1502 1579 1613 1652 lepram
1639 1585 1707 1644 inde
1722 1592 1839 1664 gignunt,

192 1670 252 1718 runt
267 1669 410 1716 aelernam.
430 1659 478 1714 llis
492 1658 588 1715 decem
599 1659 688 1731 plagis
703 1673 753 1730 pro
769 1656 988 1729 transgressione
1042 1660 1083 1715 De
1098 1660 1195 1713 talibus
1210 1660 1283 1714 enim
1298 1661 1364 1718 dicit
1377 1666 1546 1735 Apostolus:
1566 1694 1576 1718 u
1594 1673 1764 1747 Discedent,
1783 1686 1842 1740 nin-

192 1750 287 1806 decem
303 1757 502 1821 praeceptorum
525 1746 596 1820 legis
611 1756 690 1802 eraut
704 1746 828 1802 homines
843 1744 986 1810 maculosi,
1002 1731 1030 1792 B
1045 1748 1110 1818 quit,
1129 1770 1140 1797 c
1157 1748 1265 1819 quidam
1281 1764 1297 1804 a
1314 1749 1376 1818 fide,
1392 1755 1569 1814 attendentes
1585 1762 1738 1833 spiritibus
1754 1776 1843 1830 erroris

193 1856 220 1905 et
235 1848 361 1921 quasiex
383 1847 562 1918 percussione
582 1861 677 1900 eurum
694 1844 809 1916 leprosi.
840 1842 891 1912 Qui
906 1858 922 1898 ε
937 1843 988 1898 do·
1043 1859 1069 1906 et
1094 1850 1225 1905 doctrinis
1246 1850 1449 1921 demoniorum,
1483 1857 1511 1912 in
1538 1860 1690 1932 hypocrisi
1714 1869 1845 1944 loquentes

192 1938 267 1993 mino
280 1936 314 1991 ad
329 1934 487 1990 sacerdotes
498 1933 681 2000 destinantur,
697 1934 746 1989 sed
762 1933 788 1987 in
800 1932 896 1987 itinere
911 1947 990 1985 mun·
1043 1939 1225 2004 mendacium,
1251 1948 1278 1994 et
1306 1943 1483 2000 cauteriatam
1512 1965 1593 2005 suam
1626 1955 1768 2016 babentes
1793 1981 1844 2021 ωε.

190 2024 437 2096 dautur,quiadum
446 2019 990 2094 peccatoresdelietnsuacunfileriadsa·
1044 2027 1199 2095 scientiam,
1215 2030 1393 2099 prohibentes
1407 2034 1521 2103 nubere,
1547 2046 1575 2095 et
1588 2041 1739 2106 abstinere
1758 2067 1775 2106 ε
1789 2055 1846 2111 cibis

190 2124 316 2181 cerdotes
324 2119 735 2190 currunt,protinusveniamde
743 2118 897 2175 commissis
908 2117 989 2173 lrabe·
1043 2132 1111 2187 quos
1127 2118 1199 2172 Deus
1211 2118 1312 2174 creavit
1329 2120 1356 2187 (Ι
1371 2123 1439 2178 Tim.
1456 2128 1504 2194 rr).
1525 2150 1537 2175 ι

190 2213 267 2268 bunt·
282 2212 358 2267 Unus
373 2208 419 2280 qui
430 2223 478 2278 pro
492 2207 608 2263 sanitate
622 2218 716 2279 grates
727 2208 816 2263 retulit
826 2206 990 2263 eslcatholi-

192 2297 415 2370 cuspopulusqui
426 2311 475 2367 pro
485 2295 796 2368 salutesuajugiterlteo
806 2296 912 2369 gratias
921 2296 986 2369 agit.

404 2404 442 2458 Dc
459 2418 510 2457 sen
524 2404 665 2474 speciebus
680 2404 774 2475 lepre.

1078 2223 1130 2278 Sed
1146 2223 1235 2279 adbuc
1249 2224 1339 2294 adjicit
1361 2227 1469 2285 colores
1488 2231 1650 2310 leprarum,
1674 2241 1704 2298 id
1724 2253 1768 2301 est
1781 2249 1848 2320 palli

1042 2312 1114 2379 dam,
1132 2313 1285 2380 rubentem,
1300 2314 1400 2382 albam,
1412 2316 1537 2387 lividam,
1550 2325 1682 2399 nigram,
1704 2333 1846 2395 floreffien.

1042 2409 1097 2456 tem
1111 2401 1214 2472 (Lavit.
1232 2404 1303 2472 χιιι).
1317 2405 1410 2476 ltaque
1423 2407 1487 2462 dum
1502 2413 1645 2481 pallidam
1670 2420 1778 2494 lepram
1792 2428 1847 2485 dicit

228 2534 239 2560 ι
257 2512 345 2566 Homo
359 2510 386 2564 in
401 2509 480 2580 cujus
493 2523 577 2566 carne
591 2517 617 2565 et
632 2518 693 2567 cute
710 2518 784 2566 ortus
798 2510 879 2568 luerit
892 2510 986 2568 direr-
1041 2497 1206 2555 ifflhfflillem
1231 2506 1257 2554 el
1279 2497 1404 2573 fragilem
1433 2502 1518 2561 fidem
1542 2509 1637 2568 ”nimi
1653 2516 1780 2590 d0⁰⁰¹¹⁸=
1795 2542 1847 2596 qua

195 2617 241 2657 sus
254 2600 330 2657 color
344 2599 403 2655 sine
426 2597 547 2671 pustula,
568 2599 611 2655 vel
632 2600 709 2671 quasi
724 2599 818 2657 lucens
835 2602 986 2673 quidpiam,
1042 2585 1150 2658 llf⁰di¹0
1164 2587 1255 2644 ⁰⁰¹0l0
1269 2588 1403 2662 ὓῑιΐὶῑιῑῑὸ
1419 2594 1528 2651 ‘floris
1552 2598 1727 2664 infirmitate
1741 2609 1845 2684 langue-

189 2690 273 2747 idest
287 2688 367 2762 plaga
381 2688 475 2759 leprae,
492 2687 644 2744 adducetur
657 2689 691 2744 nd
706 2691 798 2745 Aaron
814 2690 986 2747 sacerdotem
1041 2675 1100 2732 ⁸⁰5²·
1118 2675 1186 2731 cum
1206 2684 1296 2732 amem
1324 2679 1502 2738 lubifflndffl
1531 2684 1646 2759 lepram
1672 2701 1795 2758 ostendit
1807 2704 1846 2760 lte

189 2791 234 2846 vel
248 2787 484 2861 unumquemlibet
498 2785 614 2843 filiorum
638 2787 709 2857 ejus.
726 2787 848 2861 Quisque
864 2804 926 2845 curn
942 2790 984 2845 vi·
1039 2774 1142 2830 mlssldfi
1165 2790 1262 2831 ⁰f¹¹⁰s0
1285 2775 1399 2834 i⁰f⁸⁰¹0⁸
1419 2780 1537 2839 de⁰⁰¹⁸²
1552 2796 1581 2842 02
1601 2792 1679 2863 ¹¹11ss
1705 2812 1769 2854 oum
1790 2818 1846 2858 rere

188 2878 260 2935 derit
272 2878 377 2949 lepram
392 2877 420 2931 in
434 2883 505 2943 cute,
520 2885 545 2931 et
554 2876 623 2947 pilos
637 2877 666 2931 iu
682 2877 745 2932 albo
760 2886 877 2933 mutatos
892 2879 984 2935 colore
1039 2863 1138 2929 albem,
1155 2863 1219 2920 ”¹⁰⁸
1235 2865 1279 2936 qui
1295 2882 1325 2921 ⁵0
1339 2869 1456 2925 mu⁰d⁰⁸
1475 2875 1637 2947 wilellmi
1656 2882 1721 2941 sive
1735 2887 1797 2945 illos
1809 2891 1847 2962 qui

189 2967 266 3039 lepra
280 2973 331 3033 est,
344 2975 371 3022 et
385 2965 421 3020 nd
435 2964 578 3020 arbitrium
600 2965 661 3035 ejus
686 2966 859 3036 separabitur
876 2966 979 3037 (teuit.
1038 2952 1072 3008 di
1086 2951 1157 3008 fal-²0
1173 2953 1270 3009 merim
1283 2953 1445 3026 imitantur»
1462 2961 1530 3016 Cum
1555 2965 1659 3025 albam
1684 2975 1730 3030 sel
1745 2977 1846 3036 lividam

186 3056 279 3128 nuda»
301 3055 393 3126 Lepra
409 3054 508 3126 quippe
522 3055 644 3110 doctrina
658 3052 726 3109 lalsa
736 3062 785 3111 est.
804 3056 921 3113 Proinde
950 3058 988 3114 le·
1002 3064 1026 3129 c
1040 3043 1144 3114 lepram
1156 3054 1362 3112 commemorat,
1371 3045 1481 3104 invidia*
1495 3052 1542 3108 vel
1556 3053 1661 3116 livoris
1670 3074 1755 3121 noms
1764 3070 1847 3140 erpri·

188 3144 262 3218 prosi
277 3161 331 3201 non
342 3144 462 3201 absurde
478 3144 668 3216 intelliguntur
694 3144 817 3200 traeretici
831 3147 877 3217 qui
890 3149 982 3205 uuita·
1038 3141 1098 3196 mil·
1118 3140 1186 3196 (21¹¹ss
1201 3157 1267 3197 lem
1282 3143 1390 3214 fllllmm
1404 3144 1535 3219 Ῐῦὓῑῦῑῑθῐ,
1561 3157 1777 3220 sacrificiorum
1796 3166 1845 3222 iur-

186 3248 242 3300 tcm
257 3259 330 3300 veras
345 3241 409 3298 fidei
419 3257 475 3297 non
488 3242 620 3297 habentes
632 3241 724 3298 varias
738 3242 876 3299 doctrinas
897 3247 985 3317 proii-

190 3339 281 3388 teutur
295 3346 417 3403 veraque
432 3331 507 3386 lalsis
518 3330 671 3387 admiscent
687 3345 693 3386 :
713 3332 783 3387 sicut
797 3344 822 3388 et
844 3334 921 3405 lepra
935 3352 985 3392 ve-

187 3420 225 3475 ris
252 3420 369 3492 falsique
388 3419 456 3474 locis
479 3419 598 3475 humana
620 3435 737 3491 corpora
759 3422 891 3480 variando
906 3439 986 3480 com-

191 3516 318 3572 maculat.
333 3515 420 3585 Hujus
436 3516 539 3572 scilicet
567 3516 649 3587 leprae
676 3518 830 3575 invenimus
845 3520 986 3592 legislato-

187 3620 249 3659 rem
263 3621 311 3659 serr
326 3604 432 3674 species
443 3604 470 3657 in
482 3604 592 3659 humine
606 3606 751 3675 posuisse:
765 3607 878 3677 primam
889 3611 985 3681 capitis

187 3701 215 3748 et
229 3693 330 3759 barbas,
343 3692 492 3747 secundam
506 3693 609 3748 calvitii
623 3701 650 3748 et
664 3695 866 3762 recalvationis,
881 3700 985 3754 tertiam

188 3791 279 3847 carnis
294 3797 320 3846 et
335 3789 414 3858 cutis,
431 3797 554 3861 quartam
569 3789 639 3847 cutis
655 3798 682 3845 el
696 3794 820 3862 corporis
835 3803 862 3849 et
879 3795 985 3852 cicatri-

190 3880 230 3936 cis
245 3880 316 3935 albae
342 3895 404 3935 cum
432 3878 548 3944 rubore;
576 3878 698 3950 quintum
717 3880 817 3936 ulceris
832 3890 860 3938 et
873 3884 985 3940 cicatri-

186 3969 255 4035 cis;
284 3976 390 4024 sextam
418 3967 536 4023 ustionis
563 3968 662 4038 (ibid).
707 3969 734 4024 ln
764 3971 851 4041 eapite
879 3972 984 4044 lepram

186 4064 295 4131 portant
308 4058 354 4130 qui
368 4057 396 4112 in
410 4056 553 4112 divinitate
576 4057 665 4112 Patris
689 4059 732 4114 vel
756 4059 783 4114 in
804 4061 864 4131 ipso
885 4063 983 4133 capite,

186 4146 261 4220 quod
280 4154 321 4202 εει
336 4145 468 4209 Clrristus,
486 4153 613 4216 peccant.
636 4146 722 4217 Caput
746 4148 817 4203 enim
839 4149 891 4205 viri
907 4151 985 4207 Chri·

189 4239 260 4286 stus.
284 4232 360 4286 Hanc
377 4230 485 4302 lepram
509 4230 658 4287 habuerunt
680 4232 777 4294 ludaei,
794 4234 982 4307 Valentiniani,

187 4319 355 4376 Marciauitae
369 4327 393 4374 et
406 4317 510 4374 Fotiani
534 4338 540 4375 :
566 4319 612 4391 qui
645 4336 741 4377 omnes
762 4321 789 4377 iu
810 4322 919 4380 calvitio
941 4325 984 4381 la-

1038 3245 1074 3285 uo
1090 3238 1116 3286 et
1130 3230 1209 3286 busto
1223 3231 1382 3291 idololatriae
1400 3235 1577 3311 denigratam
1586 3250 1845 3312 conscientiamda·

1039 3325 1172 3389 testatur,
1188 3335 1249 3375 cum
1264 3320 1462 3393 florescentem,
1486 3334 1547 3385 toto
1562 3346 1703 3407 corpore,
1716 3351 1745 3397 et
1758 3359 1845 3417 coepe
1880 3348 1884 3363 '

1040 3406 1156 3463 rientem
1169 3409 1325 3480 pelliculam
1351 3414 1476 3484 corporis
1491 3432 1508 3471 a
1522 3420 1622 3490 capite
1647 3432 1788 3501 usquead
1801 3450 1844 3505 pe-

1038 3507 1088 3564 des
1102 3508 1176 3572 dicit.
1197 3508 1318 3565 avarities
1332 3510 1434 3567 crimen
1450 3517 1585 3585 ostendit,
1608 3524 1681 3595 quia
1696 3543 1760 3584 curn
1775 3531 1843 3588 iteri-

1039 3596 1103 3651 dum
1117 3605 1144 3653 et
1155 3597 1306 3666 jucundum
1333 3600 1471 3656 hominem
1493 3613 1595 3674 putant
1612 3611 1730 3672 felicem
1745 3636 1805 3675 esse
1821 3622 1841 3675 iu

1037 3687 1090 3742 hoc
1105 3687 1206 3742 mundo
1221 3694 1247 3742 et
1262 3687 1373 3744 divitem
1389 3690 1488 3759 videri,
1516 3703 1584 3752 tunc
1607 3706 1700 3772 pestis
1731 3710 1840 3765 avaritia

1038 3801 1119 3841 omne
1137 3801 1225 3856 genus
1243 3785 1381 3841 hominum
1406 3790 1482 3859 quasi
1504 3798 1594 3851 totum
1621 3816 1730 3874 corpus
1753 3808 1838 3864 erebro

1039 3875 1140 3930 erroris
1154 3874 1228 3929 illius
1243 3876 1372 3949 contagio
1385 3882 1584 3940 commaculat.
1603 3888 1677 3947 Cum
1701 3904 1790 3952 autem
1804 3897 1837 3953 le·

1037 3980 1118 4034 pram
1134 3963 1215 4019 habet
1229 3979 1292 4020 cum
1307 3965 1407 4022 mborc
1422 3976 1448 4022 et
1467 3970 1578 4040 pallore
1593 3982 1774 4054 permistam,
1788 4002 1835 4041 eun

1038 4052 1178 4108 hominem
1194 4052 1305 4109 denotat
1320 4053 1374 4127 qui,
1393 4070 1460 4112 cum
1486 4059 1522 4115 sit
1546 4060 1706 4127 imbecillis
1720 4076 1836 4131 aninotl

1039 4149 1170 4214 mendax,
1196 4149 1276 4207 facilc
1299 4152 1326 4206 in
1350 4153 1471 4210 furorem
1495 4164 1666 4236 prorumpit,
1694 4177 1722 4226 et
1741 4171 1835 4228 levitate

1038 4253 1104 4292 mox
1119 4237 1198 4294 lacile
1212 4239 1325 4310 petulat,
1341 4240 1431 4297 Pallor
1458 4247 1646 4309 mentientem
1667 4255 1791 4332 linguan
1809 4260 1835 4316 si

1039 4325 1159 4397 gnificat,
1181 4327 1265 4384 rubor
1287 4344 1356 4386 vero
1375 4329 1558 4393 iracundiam.
1586 4340 1639 4398 Est
1663 4355 1760 4405 numm
1773 4350 1835 4422 tepu

186 4423 264 4479 pram
279 4415 389 4480 gerunt,
414 4406 478 4479 quia
501 4423 620 4463 errorem
640 4425 720 4464 suum
735 4418 829 4482 aperta
847 4413 981 4483 pravitate
996 4421 1024 4485 1)
1039 4423 1151 4495 peccati,
1168 4440 1229 4496 quae
1242 4424 1441 4482 sacrificiorum
1465 4431 1659 4496 oblationibus
1674 4447 1834 4515 emundatur,

185 4494 346 4551 defendunt.
357 4497 387 4549 ln
396 4494 479 4550 barba
488 4494 590 4566 lepram
601 4505 710 4567 gerunt,
722 4498 767 4570 qui
778 4500 812 4554 de
824 4502 987 4571 apostoliset
1039 4511 1068 4567 id
1082 4520 1124 4568 est
1136 4514 1220 4569 corde
1230 4515 1347 4570 contrito
1361 4522 1387 4571 et
1402 4517 1553 4578 humiliato.
1566 4525 1623 4582 Est
1633 4539 1661 4585 ει
1671 4531 1832 4597 idololatria.

194 4583 521 4655 sanctisclrristialiquid
539 4601 670 4656 perverse
687 4589 912 4661 sentiunt,atque
938 4608 986 4648 eos
1039 4602 1317 4673 quaenqunahluirur
1332 4604 1467 4675 baptismi,
1497 4608 1548 4665 1331
1572 4613 1776 4680 mmmmm
1787 4624 1834 4697 m

192 4681 456 4756 pravumquodlibet
467 4683 634 4754 predicasse
644 4685 902 4758 contingunt'Sicut
913 4688 985 4744 enim
1038 4705 1078 4745 vu
1093 4690 1201 4746 dierum
1216 4694 1378 4765 purgatione
1397 4702 1475 4752 extra
1498 4708 1597 4759 castra
1618 4721 1687 4766 ess„
1704 4711 1834 4782 jubemur,

187 4772 273 4828 barba
292 4779 481 4827 ornamentum
502 4780 543 4826 est
553 4770 624 4840 lieri,
641 4773 678 4828 ita
702 4773 806 4829 scillcet
820 4776 944 4847 Apostoli
960 4785 986 4834 el
1039 4795 1068 4842 uc
1080 4805 1131 4858 per
1145 4788 1312 4859 septiformis
1327 4791 1443 4862 Spiritus
1454 4796 1631 4866 agnitionem
1647 4808 1830 4876 purifioenrur,

185 4862 311 4918 doctores
336 4867 524 4916 ornamentum
542 4869 670 4931 praestant
684 4861 711 4915 iu
727 4877 842 4932 corpore
866 4865 979 4920 Clrristi.
1038 4877 1087 4931 Est
1097 4883 1123 4932 et
1137 4894 1200 4950 quae
1214 4878 1283 4933 visui
1299 4881 1471 4937 sacerdotum
1483 4883 1603 4945 offertur
1618 4898 1833 4963 perdocuimus.

184 4950 305 5022 Corpore
321 4949 426 5020 lepram
440 4949 542 5004 habent
557 4949 602 5021 qui
613 4950 744 5006 Ecclesia
752 4952 907 5018 detrahunt,
917 4954 985 5010 sicut
1038 4965 1121 5022 Ulcus
1136 4975 1226 5021 autem
1242 4967 1327 5038 leprae
1341 4969 1414 5040 quod
1432 4973 1544 5030 omnino
1572 4985 1710 5042 mundari
1726 5006 1780 5046 non
1793 5006 1832 5062 po

182 5038 310 5095 Exarinui
325 5038 369 5110 qui
384 5046 485 5111 negant
500 5040 595 5094 caruis
610 5040 851 5110 resurrectionem,
868 5050 894 5098 et
915 5042 984 5099 sicut
1037 5069 1099 5132 1951,
1116 5079 1212 5119 eor-um
1226 5073 1268 5121 est
1294 5065 1341 5138 qui
1363 5066 1391 5121 in
1415 5068 1547 5140 Spiritum
1569 5090 1705 5140 sanctum
1721 5094 1832 5158 perant,

183 5126 338 5191 Novatiani,
356 5127 401 5199 qui
413 5127 520 5198 nuptias
535 5126 674 5194 damnant,
692 5136 718 5183 et
734 5131 911 5200 peccantibus
926 5148 983 5202 poe-
1036 5165 1090 5206 nac
1113 5151 1206 5207 dicunt
1221 5153 1381 5223 paenitentes
1396 5171 1478 5223 posse
1499 5169 1643 5239 consequi
1656 5175 1785 5232 ventem,
1801 5177 1833 5231 pe

183 5222 332 5278 nitentibus
355 5223 503 5296 denegant,
533 5230 559 5278 et
586 5223 656 5281 sicul
678 5241 713 5281 ex
738 5226 824 5283 calice
844 5229 891 5299 qui
911 5229 983 5285 inter
1035 5239 1833 5337 hisaueemaitverjrgsg,Quppemvefitinspirim

414 5408 419 5418 ἱ
1417 5361 1450 5399 ur
1470 5346 1496 5401 ei
1510 5364 1606 5423 neque
1630 5356 1662 5413 in
1676 5360 1732 5418 laec
1746 5363 1834 5421 secula

184 5408 317 5476 credunt,
334 5415 360 5462 et
374 5409 466 5464 auaui
492 5409 537 5481 qui
560 5417 651 5466 rreum
670 5427 721 5482 pro
739 5412 873 5469 defunctis
888 5414 981 5472 offerri
1035 5444 1126 5500 neque
1154 5428 1181 5484 in
1206 5428 1309 5486 tuturo.
1341 5430 1420 5502 Quod
1442 5450 1509 5492 vero
1535 5438 1658 5508 iubetur
1685 5448 1833 5525 leprosisnt

183 5502 359 5561 sacrificium.
376 5504 406 5557 ln
420 5518 503 5560 carne
518 5514 545 5561 et
559 5515 622 5562 cute
636 5508 740 5579 lepram
757 5511 837 5583 gerit,
855 5511 902 5582 qui
914 5528 981 5569 car·
1035 5531 1136 5579 exeant
1151 5525 1185 5581 de
1200 5527 1295 5582 castris
1309 5534 1337 5582 et
1350 5528 1466 5584 sedeant
1483 5530 1563 5599 loris,
1587 5536 1833 5609 doneemmdasnr

183 5602 253 5660 ualia
264 5600 306 5657 vel
321 5598 454 5680 exteriora
469 5602 586 5657 suadere
600 5612 725 5672 conatur,
749 5616 776 5663 ut
796 5608 975 5680 cerinthiani,
1034 5613 1112 5685 lepra
1127 5614 1402 5690 eorum,intelligitur
1416 5616 1561 5679 baereticos
1575 5624 1688 5691 debe„
1696 5634 1830 5707 „mim

181 5693 229 5771 qui
257 5686 486 5749 resurrectionem
518 5688 636 5747 futuram
663 5693 690 5750 in
716 5699 807 5753 caruis
835 5696 977 5772 voluptate
1035 5701 1170 5774 Ecclesia,
1186 5703 1274 5763 donec
1287 5719 1305 5761 a
1318 5705 1431 5779 proprio
1444 5721 1540 5769 errore
1558 5718 1830 5797 summust,
