3780 6038
107 237 158 296 601

845 237 1004 297 otatoet.

1711 240 1763 297 602

108 371 313 438 peratramque
327 362 461 421 nranimm
476 363 597 437 ingressa
625 364 688 419 luna
709 362 744 417 de
771 360 831 418 sinu
858 370 949 433 rep„
998 366 1419 440 llorsrs.Haecproceriomtio‚
1439 386 1520 443 quam
1548 386 1593 440 qur
1622 366 1764 440 perspicue

107 463 262 535 dintegrato
275 461 459 534 progrediens,
484 465 643 535 prophetam
674 476 735 517 eum
764 459 907 516 mirificum

107 559 262 632 designavit
276 560 291 613 ‘l
303 559 432 630 Nunquid
446 560 481 615 ad
510 562 561 616 hoc
589 559 810 616 innotescendum
838 559 909 615 illius

107 673 191 713 manu
206 657 328 714 demulsa
342 657 415 713 omni
430 658 530 730 populo
545 656 699 713 affluentem
715 656 835 712 mamilla
851 657 909 713 ovis

108 758 233 811 haustum
249 755 326 813 laetis
340 755 483 827 prebuit?
509 756 608 811 blirum
637 756 718 811 etiam
748 755 807 824 luit,
837 754 909 826 quod

107 869 169 908 cum
180 851 260 908 ficum
276 853 401 909 arborem
416 859 445 909 ut
458 852 493 908 ad
512 870 540 908 se
564 852 668 909 reniret
690 852 806 919 vocarit,
836 851 910 907 venit

107 948 218 1021 quidem
234 951 315 1007 arbor
328 950 363 1007 ad
378 967 450 1020 eum,
466 951 564 1024 etipse
578 950 612 1007 de
627 950 714 1006 lructu
734 949 792 1021 ejus
814 965 908 1005 eome-

107 1050 157 1115 dit,
168 1056 196 1106 et
209 1049 350 1105 brachium
364 1047 505 1119 ovisquod
515 1049 706 1104 invenenatum
729 1047 782 1103 sibi
801 1053 858 1103 erat
880 1046 909 1102 io

106 1148 220 1206 seutella
233 1146 386 1220 appositum
401 1163 463 1202 cum
478 1162 510 1202 eo
525 1147 644 1202 locutum
658 1153 699 1201 est
714 1153 740 1201 et
759 1145 839 1201 dixit.
867 1146 909 1201 No

107 1246 248 1314 comedas,
265 1245 329 1316 quia
342 1261 401 1300 sum
416 1244 620 1301 invenenatum.

144 1391 262 1447 Parrus.
292 1388 400 1445 Frivola
428 1395 490 1443 sunt
518 1403 578 1458 quae
607 1387 785 1459 prosequeris,
823 1400 910 1456 neque

106 1479 230 1535 omnium
253 1484 404 1534 vestrorum
428 1476 534 1546 judicio
562 1475 614 1531 fide
640 1476 724 1549 digna
751 1475 909 1546 probantur,

106 1576 228 1632 mamma
241 1590 304 1631 cum
318 1575 375 1646 ipse
385 1574 540 1630 blahometb
564 1574 592 1628 in
614 1574 746 1629 hlcorano
770 1587 818 1628 suo
844 1570 910 1626 nihil

963 455 1109 528 inspexerit
1122 474 1187 513 rere
1201 459 1318 514 ridetur.

998 581 1116 637 Parrus.
1133 582 1212 652 Quod
1228 584 1351 656 superius
1365 601 1409 641 me
1424 585 1507 642 libres
1521 583 1629 657 legisse,
1640 583 1763 656 linguam

962 670 1040 737 seire,
1057 671 1184 726 nutritum
1212 672 1269 728 iore
1297 689 1405 746 semper
1432 674 1502 730 inter
1528 676 1689 731 Sarracenos
1716 671 1762 726 di·

963 758 1035 827 xisti,
1064 775 1119 815 non
1147 760 1246 817 idcirce
1274 763 1400 819 conuenit
1426 769 1455 817 ut
1490 762 1597 819 illorum
1635 775 1763 831 assequar

963 848 1063 921 legem.

997 966 1115 1019 blorses.
1135 964 1271 1033 Quoniam
1300 966 1443 1023 credebam
1471 982 1531 1022 eam
1555 966 1655 1022 bonam
1690 979 1759 1032 esse,

962 1051 1024 1109 ideo
1039 1061 1064 1108 tc
1079 1069 1138 1109 eam
1152 1052 1252 1110 debere
1266 1056 1385 1126 recipere
1400 1055 1466 1112 dixi.

1000 1179 1115 1234 Parrus.
1131 1178 1228 1234 Dixisti
1255 1179 1336 1236 ctiam
1366 1180 1434 1253 legis
1461 1181 1568 1236 illomm
1594 1178 1712 1234 radicem
1732 1177 1760 1233 in

963 1266 1127 1324 inconvulsae
1141 1268 1253 1324 rationis
1274 1268 1449 1326 fundamento
1477 1275 1664 1337 constructam,
1689 1266 1761 1322 unde

963 1356 990 1410 in
1018 1356 1127 1412 alternae
1154 1357 1340 1429 disputationis
1368 1373 1504 1429 campum,
1542 1357 1625 1413 verba
1659 1355 1758 1423 verbis,

964 1444 1090 1500 mandata
1105 1445 1247 1515 mandalis,
1263 1446 1452 1513 discurramus,
1467 1446 1489 1502 si
1511 1462 1571 1502 eam
1599 1445 1668 1501 bene
1695 1443 1759 1498 iuu-

963 1533 1052 1590 datam
1068 1534 1188 1590 invenire
1203 1535 1359 1607 poterimus.

106 1665 160 1720 tale
173 1663 334 1730 retulit,sed
349 1663 439 1736 petius
453 1661 585 1734 quidquid
600 1663 628 1717 iu
652 1662 785 1719 alcorano
812 1660 848 1716 de
875 1675 908 1715 eo
998 1660 1121 1716 llorsns.
1138 1660 1240 1717 Placet.

106 1762 237 1834 0000000
253 1776 306 1816 000
326 1760 423 1829 00000οι
454 1760 566 1816 0000000
595 1776 688 1816 Verum
717 1758 790 1814 00000
816 1730 950 1828 0000οΒ
1000 1785 1115 1840 Parrus.
1131 1784 1210 1855 Quod
1219 1782 1360 1857 quinquies
1374 1786 1558 1841 blahumetum
1574 1781 1601 1837 in
1618 1781 1662 1838 die
1675 1796 1759 1838 oran·

107 1850 209 1907 buerit.
229 1850 269 1906 De
297 1848 434 1917 omnibus
463 1849 560 1919 inquit,
589 1848 666 1903 multi
695 1848 778 1904 multa
804 1846 909 1901 mentiti

106 1955 179 2016 sunt,
195 1946 268 2017 quod
284 1960 319 2002 oe
333 1945 399 2000 mibi
419 1945 567 2016 confinget,
597 1944 663 1999 illud
688 1945 775 2000 solum
802 1943 836 1999 de
864 1958 908 1997 me

107 2051 202 2094 rerum
219 2042 348 2103 wneatttr,
373 2035 446 2105 quod
472 2033 598 2090 alcorani
626 2033 722 2089 fultum
751 2033 909 2089 auctoritate

107 2133 247 2206 pmbatur.
262 2132 314 2202 Qui
329 2148 377 2188 cur
390 2132 549 2187 miraculum
565 2147 619 2186 non
642 2131 744 2187 iaceret
765 2130 907 2187 ostendere

105 2222 213 2292 volens,
228 2221 382 2291 loquentem
392 2221 428 2276 ad
436 2236 467 2276 se
480 2220 626 2276 Dominum
636 2219 782 2276 introducit
795 2220 905 2275 dicens:

107 2310 186 2367 Dixit
194 2308 329 2365 Dominus
343 2309 377 2365 ad
392 2324 454 2365 me:
471 2309 536 2365 ldeo
553 2317 576 2363 tc
591 2309 681 2364 lacere
700 2308 830 2365 miracula
852 2324 908 2363 non

106 2398 244 2470 permitto,
256 2398 329 2468 quia,
341 2414 375 2453 ne
387 2398 434 2453 tibi
448 2398 516 2453 sicut
534 2397 594 2452 aliis
607 2398 747 2468 pmphetis
770 2398 799 2452 in
821 2396 907 2451 mira·

104 2488 174 2542 culis
205 2486 404 2543 contradicatur
435 2486 529 2542 timeo.
568 2487 623 2542 Suo
653 2502 720 2557 ergo
753 2484 907 2541 testimonio

105 2576 210 2632 nullum
225 2574 320 2631 secisse
334 2575 439 2629 virtutis
460 2575 568 2647 signum
596 2581 759 2630 monstretur
774 2589 782 2642 3
811 2573 907 2643 quibus

105 2664 511 2734 aliisindiciisverusprophcta
525 2663 679 2735 probatur?
698 2661 802 2718 Indicia
826 2678 907 2717 neni·

105 2761 230 2833 quereri
244 2764 383 2832 prophetae
397 2768 457 2816 sunt
479 2760 598 2833 probitas
620 2761 691 2829 ritoe,
717 2760 907 2816 miraculorum

104 2851 248 2920 exhibitio,
265 2851 397 2906 dictomm
413 2850 534 2905 omnium
558 2848 636 2905 firma
659 2849 768 2905 veritas.
799 2848 907 2905 Bonitas

104 2941 168 2996 vitae
182 2939 211 2994 in
225 2939 398 2995 blahometho
413 2938 541 2994 violentia
554 2944 620 3007 erat,
636 2954 732 3008 quase
746 2938 906 3008 prophetam

961 1872 1025 1929 dum
1036 1874 1181 1945 precipere
1191 1874 1266 1942 dicis,
1277 1874 1339 1930 ide-o
1353 1874 1446 1945 utique
1465 1872 1536 1937 iecit,
1561 1871 1625 1943 quia
1648 1869 1761 1927 consilio

961 1962 1099 2018 doctorum
1114 1979 1222 2018 suorum
1243 1963 1426 2019 mediatricem
1453 1960 1606 2018 Judaeorum
1638 1966 1665 2015 et
1687 1958 1762 2015 Chri·

961 2051 1108 2106 stianorum
1123 2052 1211 2124 legem
1226 2050 1297 2107 ellici
1321 2051 1407 2107 voluit
1432 2066 1518 2116 suam,
1548 2064 1601 2104 non
1628 2046 1762 2119 probitate

960 2140 1011 2207 sui,
1031 2156 1117 2210 neque
1145 2140 1278 2210 adjutorio
1305 2139 1369 2198 Dei.
1400 2138 1484 2195 Judaei
1512 2138 1585 2195 enim
1612 2135 1760 2192 seeundum

961 2229 1050 2301 legem
1064 2237 1104 2284 ter
1113 2230 1140 2283 in
1154 2229 1197 2285 die
1211 2236 1297 2299 erant,
1322 2227 1464 2284 Christiani
1487 2242 1552 2283 vero
1574 2224 1682 2297 septies,
1712 2223 1760 2279 sed

960 2317 1008 2371 iste
1023 2333 1073 2372 nec
1087 2325 1127 2372 ter
1140 2334 1189 2373 nec
1202 2317 1310 2390 septies,
1334 2316 1382 2372 sed
1409 2315 1551 2387 quinquies
1578 2312 1681 2370 orando
1709 2318 1762 2367 tera

961 2401 1063 2457 minum
1079 2401 1294 2471 interutramque
1308 2400 1407 2471 posuit.
1427 2398 1506 2469 Quod
1524 2404 1668 2469 antequam
1684 2403 1761 2452 erent

960 2489 1021 2546 illos
1034 2505 1130 2544 manus
1144 2496 1171 2544 et
1185 2488 1295 2545 brachia
1317 2496 1344 2543 et
1366 2496 1463 2545 caetera
1489 2486 1611 2557 corporis
1637 2483 1762 2541 membra

961 2578 1069 2633 abluere
1084 2577 1187 2646 laudas,
1204 2593 1257 2634 non
1272 2577 1306 2632 ad
1321 2577 1471 2633 orationem
1484 2576 1609 2646 pertinet.
1631 2573 1672 2628 hd
1695 2587 1761 2628 ora·

960 2667 1060 2722 tionem
1084 2665 1193 2736 quidem
1221 2665 1336 2736 pertinet
1364 2664 1497 2730 mundari,
1526 2663 1684 2718 intrinsecus
1706 2676 1761 2715 nen

961 2753 1137 2809 extrinsecus.
1156 2752 1287 2808 blanditia
1300 2760 1390 2808 eutem
1406 2751 1439 2806 de
1460 2750 1597 2807 ablutione
1619 2747 1761 2805 membro·

960 2860 1020 2898 rum
1035 2840 1186 2914 pertinebat
1198 2842 1345 2898 cultoribus
1357 2841 1443 2896 stellae
1458 2840 1577 2906 Veneris,
1594 2838 1639 2909 qni
1663 2837 1761 2892 volen-

962 2939 1001 2986 tes
1015 2946 1075 2986 eam
1090 2946 1176 2994 orare,
1194 2929 1352 2986 admodum
1368 2929 1476 2984 seminar
1490 2945 1519 2983 se
1529 2927 1672 2998 aptabant.
1690 2923 1763 2993 Quia

103 3037 156 3094 Dei
169 3035 311 3108 praedicari
325 3037 351 3089 vi
369 3035 494 3103 iaciebat,
511 3036 581 3091 iurto
610 3043 637 3089 et
663 3035 811 3106 rapacitate
839 3050 907 3106 gau·
960 3035 1024 3076 0000
1038 3026 1136 3090 1000000
1157 3020 1242 3075 stell&
1268 3017 1379 3074 00000ῑο
1406 3034 1454 3072 0οΧ
1481 3014 1590 3072 effecius
1619 3022 1670 3075 05οι
1699 3012 1762 3067 0000

103 3120 300 3192 densatique
314 3118 433 3175 libidinis
448 3119 475 3173 in
490 3126 592 3174 tantum
608 3119 725 3188 terrens,
741 3127 770 3174 ut
784 3126 813 3174 et
837 3118 905 3172 alie·
921 3086 946 3152 G
960 3105 1019 3159 haec
1033 3104 1169 3175 praecepit.
1186 3104 1318 3174 Tempore
1342 3101 1470 3158 orationis
1493 3099 1602 3170 publiea
1624 3112 1691 3153 voce
1716 3112 1764 3151 eos

104 3224 170 3264 num
196 3210 302 3264 domm
331 3207 433 3263 laedere
460 3207 591 3262 adulterio
627 3213 755 3276 tanquam
789 3206 906 3263 Domino

104 3306 346 3380 precipientenon
368 3306 546 3374 erubesceret,
576 3307 644 3362 sieut
657 3304 691 3361 de
718 3306 807 3361 Zauab
829 3303 906 3360 tiliat-

103 3396 145 3451 las
171 3410 257 3452 uxore
283 3397 329 3453 Zet
354 3395 461 3468 legitur.
489 3394 629 3462 Dominus,
660 3395 756 3466 inquit,
787 3394 834 3449 tibi
863 3396 908 3448 Zet

104 3498 218 3541 uxorem
232 3483 365 3540 dimittere
390 3491 462 3539 tuam
490 3484 621 3556 precipit.
651 3481 738 3552 Quam
768 3483 907 3538 dimissam

104 3573 162 3646 ipse
176 3572 228 3628 sibi
240 3573 367 3628 continuo
379 3572 525 3644 copulavit.
552 3570 635 3641 Cujus
661 3571 813 3626 evidentius
839 3587 907 3641 pro·

103 3669 226 3743 phetiam
235 3685 317 3740 quam
326 3669 400 3724 nullu
409 3669 442 3724 sit
461 3670 540 3724 lassae
564 3670 657 3725 uxoris
684 3668 743 3738 ejus
773 3668 908 3741 turpitudo

105 3757 243 3831 patefecit,
258 3759 366 3829 quando
389 3758 417 3812 in
444 3758 575 3815 adulterio
605 3757 813 3828 deprehensam,
848 3772 908 3812 eam

104 3848 252 3902 inultorum
274 3845 425 3901 testimonio
454 3860 508 3901 nen
537 3847 744 3916 deprehensam,
774 3860 807 3900 eo
836 3843 908 3915 quod

104 3943 189 3999 nollet
202 3957 263 3998 eam
278 3941 423 4011 dimittere,
440 3942 507 3998 salso
529 3941 664 3998 Gabrielis
688 3940 781 3997 nuntio
807 3938 908 3996 coufir-

105 4031 200 4088 mavit.
218 4032 259 4086 lle
276 4030 352 4100 cujus
371 4031 428 4085 vitii
445 4031 576 4102 potentia,
598 4030 717 4085 libidinis
730 4029 832 4085 scilicet
847 4029 908 4084 lan-

104 4118 182 4175 dasse
195 4118 283 4173 Deum
295 4118 400 4191 legitur,
413 4133 445 4173 ee
461 4119 533 4189 quod
553 4118 581 4172 iu
601 4134 633 4173 eo
653 4116 815 4189 quadragies
828 4133 909 4188 supra

106 4218 255 4271 humanum
269 4216 380 4272 modum
395 4215 552 4281 abundaret,
572 4214 764 4287 congratulans
786 4213 850 4283 sibi,
876 4228 909 4268 eo

106 4305 179 4375 quod
193 4304 284 4361 suauis
302 4305 370 4361 odor
382 4312 410 4359 ct
423 4304 580 4376 speciositas
595 4304 739 4359 mulierum
755 4303 836 4359 dente
852 4303 909 4358 Dee

106 4394 252 4466 plunnmm
267 4409 329 4449 eum
344 4394 502 4450 oblectaret.
522 4395 561 4448 lle
576 4393 712 4448 miraculis
723 4391 781 4461 jam
808 4392 908 4447 dietum

105 4480 305 4539 estbebellis
332 4490 422 4536 autem
450 4499 510 4553 quae
535 4482 653 4537 Domino
680 4480 855 4552 precipiente
883 4488 909 4534 et

105 4571 247 4627 victoriam
268 4570 440 4642 promittente
467 4586 496 4625 sc
523 4570 614 4623 iniisse
644 4568 788 4635 fatebatur,
818 4569 912 4623 dentes

107 4659 167 4730 ejus
180 4659 288 4717 contriti
303 4659 331 4714 in
348 4658 430 4726 bello,
447 4658 583 4728 faciesque
597 4659 700 4724 collisa,
722 4658 806 4713 multa
830 4657 912 4712 etiam

962 3191 1110 3263 praeconari
1124 3191 1225 3260 fateris,
1241 3190 1313 3261 quod
1328 3207 1382 3245 non
1409 3189 1535 3247 convenit
1560 3186 1684 3255 orationi,
1713 3184 1764 3240 uisi

962 3276 1024 3346 quia
1039 3275 1112 3331 aliud
1125 3292 1225 3331 nevum
1240 3275 1333 3344 nequit
1346 3275 1484 3344 imponere
1499 3273 1617 3346 signum.
1639 3270 1765 3341 lejuoare

962 3381 1139 3435 permensem
1154 3364 1288 3436 integrum
1302 3378 1358 3429 eos,
1375 3371 1403 3418 ut
1426 3361 1476 3429 ais,
1504 3359 1576 3432 quod
1603 3358 1765 3431 restringant

962 3452 1029 3509 vitia
1043 3453 1131 3509 carnis
1145 3453 1282 3525 precepit,
1298 3450 1371 3522 quod
1386 3459 1426 3506 est
1447 3450 1553 3506 initium
1579 3446 1759 3519 paenitentias.

962 3541 1016 3598 Sed
1030 3541 1084 3610 dic,
1102 3556 1202 3611 quaeso,
1219 3540 1294 3607 milri,
1310 3538 1375 3610 quid
1399 3539 1507 3611 prodest
1531 3537 1605 3593 diem
1625 3535 1762 3607 ieiunare,

963 3637 989 3684 et
1003 3639 1081 3686 nocte
1096 3630 1191 3686 terrei
1207 3637 1301 3699 quater
1312 3628 1464 3693 comedere,
1490 3634 1517 3681 et
1537 3625 1616 3682 bonis
1637 3624 1765 3681 carnibus

963 3720 1126 3791 optimisque
1140 3718 1208 3774 cibis
1222 3717 1284 3784 irui,
1301 3726 1327 3773 et
1348 3715 1505 3772 mulieribus
1529 3714 1593 3791 uti‘?
1615 3714 1681 3771 llaec
1706 3728 1761 3769 non

962 3806 1112 3875 debilitant,
1128 3807 1175 3862 sed
1190 3807 1279 3877 petius
1293 3805 1469 3862 corroborant
1483 3820 1602 3860 earnem.
1619 3801 1698 3872 Quod
1722 3817 1765 3857 se·

963 3893 1461 3952 melinanoediciseosaddomum
1491 3892 1550 3959 Dei,
1580 3907 1640 3961 quae
1669 3898 1709 3946 est
1736 3890 1765 3944 in

963 3986 1067 4051 Mecha,
1083 3982 1471 4056 ircpropterrecognitionem,
1487 3986 1514 4035 et
1527 3979 1566 4033 ibi
1580 3993 1657 4033 orare
1680 3993 1763 4047 quam

963 4073 1054 4130 dicunt
1069 4072 1149 4128 luisse
1164 4072 1229 4127 lldae
1257 4078 1285 4127 et
1307 4069 1432 4137 Abrahae,
1462 4083 1516 4122 non
1544 4084 1579 4120 cx
1606 4065 1763 4121 anctoritate

964 4163 1072 4230 babent,
1103 4161 1150 4217 sed
1175 4160 1251 4230 quasi
1286 4164 1470 4214 commentum
1493 4153 1603 4225 aliquod
1639 4151 1758 4226 lingunt.

963 4254 1113 4320 Antequam
1128 4249 1200 4304 enim
1215 4248 1303 4320 legem
1314 4244 1593 4318 praedic-asschdomus
1607 4244 1665 4297 haec
1683 4240 1764 4298 idolis

963 4340 1043 4411 plena
1056 4345 1125 4392 erat.
1143 4337 1198 4394 Sed
1210 4337 1233 4391 si
1248 4343 1285 4404 tn,
1302 4352 1318 4391 0
1334 4335 1447 4405 lloyses,
1471 4333 1558 4391 scires
1581 4330 1668 4401 qualis
1695 4338 1766 4386 esset

925 4426 1131 4503 pdomusilla,
1156 4433 1183 4481 et
1206 4423 1279 4495 quod
1305 4431 1436 4479 secretum
1466 4421 1504 4476 ibi
1533 4422 1639 4486 inesset,
1670 4427 1698 4475 et
1719 4436 1767 4477 cur

966 4513 1029 4569 illuc
1042 4514 1228 4569 blahomethus
1243 4511 1301 4578 iret,
1317 4519 1344 4566 et
1369 4526 1429 4581 que
1458 4509 1485 4563 in
1514 4510 1574 4583 lege
1592 4506 1765 4563 inveniuntur

963 4602 1043 4672 jussit
1058 4601 1157 4669 lacere,
1174 4600 1252 4656 raldo
1267 4599 1403 4655 mirareris
1418 4597 1493 4654 inde.

105 4749 196 4806 caedes
208 4755 236 4804 ct
251 4748 315 4819 iuga
329 4763 448 4816 suorum,
464 4748 602 4802 veritatem
620 4755 749 4803 testantur
766 4762 774 4815 ;
805 4763 866 4818 que
889 4747 912 4801 si
1001 4729 1119 4782 0000000·
1136 4726 1208 4782 00000
1223 4741 1290 4796 0080
1304 4724 1371 4779 mihi
1387 4724 1458 4793 [1000
1478 4723 1545 4779 0005
1564 4720 1692 4775 0000000·
1718 4720 1765 4775 00·

104 4838 219 4909 augelus
227 4836 336 4893 Donrini
349 4843 377 4891 ut
386 4837 453 4891 dicis
468 4853 530 4891 cum
539 4836 697 4903 custodiret,
723 4836 835 4892 minime
859 4835 913 4892 sibi
966 4823 1008 4870 0οῑ
1022 4815 1093 4869 0000
1108 4815 1178 4870 0000
1193 4815 1280 4885 legem
1298 4812 1344 4867 000
1360 4811 1514 4881 100000000ον
1531 4824 1612 4878 ‘luare
1622 4807 1765 4862 00000000

105 4934 269 5001 saraceni,
284 4933 473 4989 sauream
489 4940 515 4989 a
530 4934 619 4989 narseo
634 4934 749 5005 tegimus
769 4933 824 4998 (ur
840 4936 906 5006 aea.
965 4913 991 4958 0
1004 4911 1101 4958 0000
1116 4919 1176 4975 qus
1190 4903 1233 4957 ¹⁰1
1248 4900 1371 4971 000000
1385 4899 1423 4953 00
1438 4899 1525 4954 0000
1538 4895 1626 4968 0000
1651 4896 1757 4951 0000·

104 5025 176 5095 xix),
192 5039 260 5094 ques
275 5024 309 5079 ab
335 5023 450 5078 inimicis
478 5022 534 5078 suis
562 5038 671 5094 semper
699 5022 798 5093 eripuit
826 5024 910 5090 Deus,
1001 5029 1116 5083 hernus.
1135 5027 1254 5083 Breviter
1267 5024 1375 5096 quidem
1393 5023 1518 5080 volebam
1537 5022 1583 5078 tibi
1613 5021 1761 5091 notificare,

105 5129 186 5184 quem
202 5112 283 5168 etiam
298 5112 320 5167 si
335 5113 394 5166 talis
409 5119 477 5167 esset
506 5119 535 5165 ut
563 5111 636 5178 dicit,
668 5127 776 5181 semper
800 5111 913 5167 victoria
965 5117 1011 5172 sed
1026 5116 1108 5172 uredo
1123 5124 1232 5190 regatus
1248 5113 1402 5169 monstrabo
1418 5120 1519 5185 aperte.
1549 5112 1610 5167 Duo
1637 5109 1685 5165 lilii
1714 5111 1764 5167 Lot

104 5208 270 5273 5000000000,
287 5202 447 5271 0000010000,
460 5200 542 5256 00000
562 5208 589 5256 00
608 5200 706 5265 David,
727 5214 796 5270 quos
818 5199 911 5255 000010
965 5208 1051 5260 hmon
1066 5213 1092 5260 et
1106 5205 1196 5269 lloab,
1213 5205 1282 5259 liano
1305 5203 1417 5258 domum
1446 5199 1625 5267 honorabant,
1654 5205 1681 5254 et
1709 5200 1763 5256 duo

101 5291 179 5362 jussu
193 5290 289 5360 praelia
315 5289 524 5357 committentes,
554 5304 664 5362 semper
688 5287 802 5344 victoria
828 5288 912 5343 cemi-

106 5376 355 5450 labaturtll'llcq.
373 5392 419 5445 vr;
437 5378 526 5435 Eeod.
544 5378 776 5447 xrr1;Jorae.r).
793 5376 823 5435 Si
847 5393 911 5433 roro

104 5470 188 5525 etiarn
203 5468 335 5538 propheta
353 5482 442 5536 verus,
460 5473 488 5521 ut
502 5465 554 5536 ais,
570 5472 649 5535 esset,
664 5465 758 5539 praelia
780 5465 911 5522 commis-

104 5574 184 5612 surus
198 5562 287 5611 ulnrm
301 5554 353 5611 sibi
369 5555 441 5612 male
450 5554 570 5613 eveniret
579 5554 669 5613 sciret.
682 5553 826 5626 Quomodo
844 5568 910 5629 ergo

105 5660 169 5703 mec
182 5644 243 5718 lege
257 5642 369 5699 dimissa
382 5642 454 5699 illius
468 5659 513 5700 me
527 5644 615 5718 legem
636 5643 704 5700 dicis
718 5642 806 5715 potius
829 5659 910 5716 qnam

107 5730 288 5789 Chn'stiauam
302 5730 408 5804 insequi
421 5728 549 5789 deberet

966 5293 1038 5348 idola
1051 5292 1085 5347 ab
1101 5292 1202 5348 eisdem
1216 5290 1253 5345 ibi
1268 5288 1435 5356 colebantur,
1450 5289 1563 5344 alterum
1578 5303 1612 5342 ex
1626 5286 1699 5352 albe,
1726 5287 1765 5342 al-

965 5388 1050 5435 lerum
1065 5396 1099 5434 ex
1114 5380 1192 5454 nigro
1207 5378 1297 5449 lapide
1308 5378 1557 5451 paratum.Nomen
1568 5375 1677 5447 quidem
1691 5373 1764 5431 illius

965 5468 1036 5540 quod
1051 5484 1085 5523 ex
1099 5469 1179 5544 nigro
1193 5473 1251 5523 erat
1263 5467 1355 5540 lapide
1383 5465 1539 5533 blercurius,
1570 5480 1669 5521 nomen
1697 5478 1762 5519 vero

965 5552 1073 5609 alterius
1087 5554 1214 5609 chamos.
1229 5550 1351 5608 Alterum
1364 5549 1436 5622 quod
1450 5566 1484 5604 ox
1499 5549 1580 5622 nigro
1599 5546 1689 5618 lapide
1713 5552 1762 5612 est,

964 5641 993 5698 in
1007 5642 1109 5698 honore
1123 5639 1242 5707 Saturni,
1259 5642 1374 5701 eltcmrn
1389 5639 1461 5712 quod
1475 5654 1509 5694 ex
1523 5637 1588 5693 albo
1612 5636 1641 5692 in
1664 5636 1767 5690 honore

964 5729 1055 5789 Martis
1067 5730 1230 5791 edificatur
1245 5730 1473 5791 ascahhamo
1489 5726 1606 5783 ciclteres
1623 5734 1715 5778 eorum
1730 5717 1783 5775 ad·
