3780 6038
68 248 72 261 ¹
157 234 211 291 899

728 220 896 287 wantum
914 230 1058 290 hBBhTIS
1078 234 1107 291 S.
1127 236 1237 295 abusu
1761 248 1804 302 lli

138 407 141 411 .
156 375 221 414 nera
235 355 390 428 compassio
405 353 465 421 init,
480 353 505 410 al
518 368 585 411 nera
597 352 689 425 passio
702 369 757 411 non
777 354 852 411 initi
875 355 952 426 Quo·
967 362 991 422 A
1008 359 1094 418 victor
1107 363 1251 437 existeret,
1268 375 1401 440 quatenus
1415 376 1441 426 et
1457 369 1510 426 sihi
1524 368 1717 427 tentationem
1732 368 1804 428 rins

155 443 237 499 modo
252 440 335 496 stabit
346 439 420 513 qued
435 438 498 495 dicit
513 438 648 510 prophete
662 456 670 494 ε
685 459 697 493 ι
714 440 786 496 tere
800 440 952 514 languores

156 547 266 595 nostros
280 538 339 609 ipse
355 536 424 605 tulit,
440 543 468 591 et
480 534 593 591 dolores
616 543 729 592 nostros
751 536 814 608 ipsa
835 537 951 608 portavit

155 629 225 698 (lau.
244 626 317 697 urin).
340 624 396 681 »Si
410 624 534 680 Christus
557 623 585 679 io
608 639 688 680 cruce
709 624 832 681 dolorem
852 640 951 697 passna

154 732 208 772 non
225 714 273 770 luit
288 757 295 780 ,
318 729 404 787 qnare
424 721 564 783 taratopere
577 712 692 769 calicem
705 713 844 784 passionis
859 721 949 770 trans·

155 813 219 869 terri
238 827 298 868 ase
312 810 485 883 postularit?
500 810 610 878 (Multis.
627 814 719 876 xxvi.)
736 808 807 879 Quid
821 810 874 865 sibi
896 825 948 868 ro·

154 900 330 974 lnitsanguis
352 900 397 955 ille
425 899 574 965 desudans,
603 899 755 968 angustient
783 899 949 955 imminentia

154 991 251 1048 mertis
261 987 452 1047 contestatus?
466 986 537 1056 Quid
548 987 602 1042 sibi
612 987 696 1043 voluit
706 987 778 1060 qued
793 987 853 1059 ipse
869 988 949 1044 Chri-

152 1097 210 1144 stus
224 1087 252 1142 in
266 1084 432 1150 infirmitate,
449 1084 600 1141 secundum
617 1099 699 1156 qnam
718 1101 784 1141 caro
791 1084 949 1157 passionem

153 1177 251 1243 timuit,
263 1181 290 1231 et
300 1173 449 1240 voluntate,
470 1172 623 1229 secundum
635 1189 716 1245 quam
726 1173 838 1244 spiritns
848 1189 948 1245 prom-

155 1275 217 1339 ptus
242 1263 303 1331 ιἰιίι,
318 1262 506 1334 exponansait
517 1276 523 1315 :
536 1284 547 1311 ι
563 1260 679 1333 Spiritus
689 1262 797 1334 quidem
808 1271 949 1333 promptus

154 1371 205 1432 εει,
221 1377 284 1418 caro
295 1366 386 1416 antem
403 1356 560 1414 infirmat·
577 1358 678 1428 (ibid.)
692 1359 740 1414 Isti
754 1375 822 1432 ergo
833 1359 879 1430 qui
899 1375 951 1416 ne·

152 1459 219 1527 gent
233 1450 262 1506 in
276 1448 416 1506 salvatore
430 1446 580 1503 secundum
594 1445 780 1503 infirmitatem
796 1446 888 1503 carnis
900 1461 950 1502 ve·

152 1565 211 1606 ram
225 1546 309 1603 luisse
323 1545 488 1618 passionem,
504 1551 634 1615 quantum
650 1544 790 1613 insecat,
806 1558 867 1599 eam
890 1558 952 1615 qnae

1010 473 1070 513 rum
1089 465 1244 532 superando
1263 465 1405 536 praemium
1422 467 1538 537 justitiae
1567 468 1755 541 acquireret,
1784 480 1805 526 et

1010 546 1089 604 nobis
1104 549 1130 604 in
1146 552 1298 610 tentatione
1313 556 1408 627 positis
1419 556 1566 613 resistendi
1581 565 1611 613 et
1632 557 1762 614 vincendi
1783 558 1806 613 in

1010 649 1157 720 semetipso
1172 650 1329 722 exemplum
1346 651 1488 710 lormaret.
1503 654 1559 712 Sed
1587 655 1664 710 absit
1690 670 1708 711 a
1733 672 1806 713 sensu

1010 735 1164 794 Christiano
1183 747 1213 794 ut
1231 739 1312 795 ullam
1345 741 1373 796 in
1405 757 1486 799 carne
1520 751 1712 801 sacrosancta
1742 746 1807 820 hgni

1009 835 1147 892 vernaculi
1161 836 1321 894 inordinatae
1334 838 1523 896 delectationis
1536 848 1563 896 et
1578 842 1807 913 concupiscentie

1008 921 1110 980 illicitae
1124 925 1275 982 illationem
1290 927 1381 1001 aliquo
1395 929 1476 985 mode
1491 929 1590 997 luisse,
1606 938 1655 985 aut
1669 931 1755 998 dicat,
1767 941 1808 988 aut

1009 1019 1110 1088 credat,
1126 1022 1191 1094 qnia
1205 1024 1228 1079 si
1242 1024 1327 1081 ullam
1352 1043 1448 1098 praevae
1469 1024 1669 1085 delectationis
1693 1029 1807 1089 redicem

1008 1116 1055 1164 ant
1069 1117 1171 1166 motum
1184 1114 1395 1185 concupiscendi
1408 1116 1596 1173 inordinatum
1609 1118 1637 1173 in
1660 1116 1709 1174 illa
1731 1118 1807 1177 fuisse

1008 1197 1173 1269 diceremus,
1190 1201 1311 1272 proiecto
1326 1205 1362 1259 ab
1375 1205 1448 1261 omni
1462 1205 1539 1263 initio
1551 1205 1673 1264 liberam
1697 1223 1808 1282 negare-

1007 1309 1078 1350 mus.
1097 1294 1241 1365 Quomodo
1255 1309 1345 1357 autam
1363 1301 1460 1357 vitium
1481 1303 1643 1373 mundaret,
1669 1305 1695 1361 ai
1719 1306 1806 1362 vitium

1007 1386 1260 1454 portaratillotus
1288 1389 1401 1462 quidem
1428 1391 1603 1448 inordinatus
1634 1410 1671 1451 ex
1698 1392 1805 1451 infirmi-

1006 1478 1059 1527 tate
1078 1475 1289 1547 concupiscendi
1309 1494 1426 1554 surgens
1443 1495 1505 1537 cnm
1525 1480 1589 1554 ipsa
1617 1483 1805 1556 corruptione,

1005 1558 1041 1616 de
1054 1577 1105 1634 qua
1118 1563 1206 1620 oritur
1219 1581 1274 1622 nnn
1289 1566 1376 1623 solum
1391 1584 1471 1640 poena
1486 1577 1538 1636 est,
1554 1570 1607 1627 scd
1623 1569 1715 1644 culpa
1730 1575 1806 1647 :qnia

151 1654 200 1711 per
214 1635 369 1710 l⁸⁸⁸i⁰¹¹0¹⁰
379 1633 477 1690 Chfssfi
497 1632 568 1690 sm
599 1641 651 1701 ⁰⁸¹2
676 1633 878 1690 ⁰⁰¹¹Vi¹¹⁰¹¹¹¹m¹⁸
898 1647 951 1689 ⁰⁰*
1004 1664 1095 1714 mmen
1111 1659 1137 1714 iu
1153 1660 1298 1732 baptizatis
1312 1664 1346 1719 ad
1361 1663 1564 1723 damnationem
1573 1682 1631 1724 nou
1646 1668 1803 1741 imputatur,

152 1748 219 1808 gare
234 1729 458 1802 redemptionem.

188 1850 258 1906 Sunt
270 1846 316 1904 alii
332 1845 377 1919 qui
392 1860 446 1901 nen
463 1842 565 1900 minori
587 1842 725 1900 dementia
748 1839 784 1899 de
806 1840 950 1899 attactibus

151 1945 278 2003 humanis
291 1942 319 1998 in
333 1941 450 2008 Christo,
466 1938 617 1998 secuudum
639 1955 708 2013 ques
731 1938 874 1997 veritatem
898 1952 951 1993 na·

151 2046 219 2092 ture
231 2049 294 2091 cum
307 2029 473 2086 humanitate
495 2027 639 2101 suscepit;
661 2027 763 2101 qnidan
783 2043 838 2083 nen
862 2026 949 2082 solum

150 2126 231 2192 laisa,
251 2122 300 2178 sed
318 2119 457 2175 horrenda
471 2117 550 2174 eham
569 2117 760 2189 blasphemare
775 2130 829 2172 nen
849 2115 948 2170 timna·

150 2229 224 2280 runt.
236 2219 308 2290 Quia
316 2217 388 2275 enim
400 2215 547 2288 Apostolus
560 2214 612 2271 ait:
627 2239 638 2263 u
656 2215 718 2270 Nou
727 2214 861 2269 habemus
877 2227 948 2285 pon-

152 2310 263 2375 tilicem,
277 2307 323 2380 qni
338 2321 394 2362 nen
407 2303 494 2376 possit
521 2303 641 2375 compati
668 2301 872 2357 infirmitatibus
900 2316 948 2357 no·

152 2400 229 2465 stris,
245 2402 377 2452 tentatum
393 2400 484 2449 antem
498 2407 548 2464 per
563 2391 653 2447 emnia
676 2391 766 2462 (debr.
795 2390 843 2458 rr).
862 2411 873 2438 υ
898 2390 947 2443 Aa·

154 2493 248 2544 serunt
260 2486 409 2540 humanum
424 2479 552 2537 allectum
566 2480 594 2535 iu
618 2480 725 2535 Christe
753 2486 844 2535 metus
871 2477 948 2534 vitie-

150 2599 210 2640 rum
228 2580 350 2637 sensisse
369 2578 473 2650 absque
492 2591 628 2633 censensu
651 2583 742 2631 tamen
755 2574 880 2645 rationis,
906 2591 946 2631 se

963 1725 1065 1818 Bqnia
1080 1763 1129 1819 ρει
1150 1750 1268 1824 gratiam
1292 1768 1373 1810 nove
1400 1755 1622 1827 regenerationis
1651 1767 1801 1826 excusatur,

1004 1833 1149 1892 sieutdieit
1162 1840 1331 1909 Apostolus:
1360 1843 1447 1899 «tam
1467 1843 1534 1899 nihil
1556 1844 1746 1903 damnationis
1764 1854 1803 1904 est

1004 1922 1045 1978 his
1060 1925 1106 1997 qui
1122 1926 1228 1983 suntin
1242 1928 1428 1988 Christolesu
1444 1932 1535 2003 (Rem.
1553 1934 1628 2002 vrrs).
1649 1958 1661 1983 ι
1679 1935 1746 1993 llaec
1762 1942 1801 1992 ta·

1004 2028 1067 2069 men
1082 2015 1222 2087 corruptio
1236 2018 1418 2092 pergratiam
1433 2023 1602 2078 sacramenti
1616 2039 1675 2080 non
1695 2024 1800 2099 quidem

1002 2101 1143 2173 accipient
1158 2105 1239 2177 culpa
1252 2121 1307 2162 non
1322 2108 1366 2176 sit,
1381 2108 1431 2165 sed
1445 2117 1474 2164 ut
1487 2109 1657 2169 damnabilis
1672 2129 1728 2171 nen
1746 2113 1797 2181 sit;

1003 2199 1065 2272 quia
1078 2200 1101 2256 si
1115 2201 1198 2274 culpa
1211 2203 1323 2261 omniuo
1338 2220 1393 2261 non
1408 2212 1491 2276 esset,
1506 2224 1563 2265 nen
1578 2208 1701 2268 haberet
1718 2228 1799 2270 exen-

1002 2288 1066 2355 aari‚
1082 2289 1210 2361 quianon
1226 2291 1326 2349 debent
1355 2293 1492 2368 imputari.
1522 2296 1704 2372 Quapropter
1730 2301 1799 2357 illam

1002 2375 1185 2436 infirmitatem
1199 2381 1328 2438 humanae
1343 2390 1455 2451 naturae,
1467 2401 1530 2456 quae
1540 2402 1625 2459 poena
1640 2396 1695 2457 est,
1716 2390 1799 2448 solum

1001 2491 1061 2532 cum
1075 2478 1246 2550 susceptione
1261 2482 1353 2538 earnis
1380 2482 1522 2539 Christum
1545 2487 1736 2561 assumpsisse
1753 2506 1799 2547 re·

1001 2566 1099 2622 raciter
1113 2567 1229 2624 dicimus
1246 2587 1253 2624 :
1269 2569 1344 2625 illam
1362 2587 1437 2642 vero,
1461 2590 1523 2646 quae
1546 2574 1571 2630 si
1592 2592 1678 2648 pmna
1699 2585 1752 2647 est,
1774 2587 1800 2636 ut

152 2672 270 2730 cundum
284 2665 496 2738 concupiscendi
507 2663 702 2721 infirmitatem
717 2680 796 2737 qnam
811 2679 871 2734 nos,
900 2663 948 2735 qni
1000 2663 1081 2719 eliam
1102 2665 1181 2736 culpa
1203 2666 1248 2733 sit,
1273 2667 1425 2725 brillatenus
1449 2670 1595 2730 admisisse
1617 2673 1800 2734 indubium&

151 2769 310 2833 peccatores
324 2771 430 2823 sumus,
448 2771 481 2811 ex
500 2754 547 2809 illa
570 2752 697 2826 originali
721 2752 896 2824 corruptione
918 2752 946 2807 in
1001 2751 1178 2810 alhs-mamus.
1194 2755 1289 2828 Neque
1304 2757 1376 2813 enim
1392 2759 1432 2816 sic
1446 2760 1579 2818 victorem
1604 2763 1737 2822 uitiorum
1760 2767 1800 2821 di-

151 2875 244 2924 carne,
256 2870 336 2927 quam
351 2860 501 2925 portamus,
517 2850 628 2908 illicitos
641 2849 779 2922 appetitus
804 2858 828 2906 ct
856 2859 947 2905 mutua
1000 2855 1062 2897 tete
1078 2841 1215 2914 velumus,
1232 2852 1261 2899 nt
1276 2861 1337 2901 eum
1352 2846 1411 2918 ipsa
1425 2865 1486 2921 qnae
1500 2849 1626 2908 vinceret
1651 2855 1719 2911 sitia
1740 2871 1799 2928 per·

149 2942 379 3017 concupiscentiae
392 2940 532 3015 surgentia
544 2947 571 2996 et
586 2939 644 2995 vitii
667 2939 795 2995 tentantis
818 2937 946 2994 delecta·
1000 2944 1072 2995 tasse
1099 2940 1245 3014 aliquando
1273 2960 1305 3000 ac
1336 2945 1456 3002 sensisse
1482 2946 1622 3006 dieamus.
1659 2952 1800 3025 Propterea

148 3037 261 3100 tionem,
275 3032 356 3089 etiam
371 3029 457 3097 inviti,
474 3030 594 3086 solemus
622 3028 738 3084 sentire.
768 3029 825 3084 Nea
854 3035 946 3084 antem
998 3027 1071 3084 enim
1087 3029 1237 3100 perselam
1251 3049 1360 3103 poenam
1376 3032 1507 3091 infirmari
1526 3040 1684 3111 consensit,
1705 3050 1734 3098 nt
1756 3058 1800 3099 coa

148 3133 239 3183 metus
253 3122 358 3179 idcirco
385 3118 522 3175 Christum
549 3118 577 3173 in
605 3132 688 3174 earne
716 3133 765 3172 sna
791 3115 944 3174 voluntarie
959 3092 983 3154 0
998 3116 1044 3188 qui
1060 3118 1085 3172 in
1102 3117 1180 3191 culpa
1196 3128 1222 3175 et
1236 3120 1264 3175 in
1274 3138 1356 3194 poena
1364 3125 1547 3198 egrotabant,
1561 3129 1799 3205 primumaenlpa

148 3220 320 3287 sustinuisse,
350 3224 379 3273 nt
406 3214 483 3288 qnasi
512 3215 566 3271 illis
592 3213 759 3270 tentantibus
786 3212 944 3270 resistendo
995 3211 1166 3285 justificaret,
1182 3224 1209 3272 et
1222 3225 1318 3290 postea
1331 3234 1348 3275 a
1361 3220 1599 3291 poenaliberaret.

611 3485 918 3590 DOMINICA
955 3486 1022 3589 IN
1064 3487 1293 3596 Phnnls

187 3759 198 3788 ι
219 3737 286 3793 Cum
304 3732 571 3806 appropinquassent
599 3729 807 3802 Hierosolymis,
838 3737 865 3789 et
892 3744 942 3786 re·
996 3745 1048 3788 nee
1062 3747 1112 3790 sua
1126 3732 1227 3790 virtute
1242 3734 1361 3793 evadere
1375 3745 1512 3809 poterant.
1527 3741 1600 3798 Nam
1616 3745 1692 3804 sicut
1711 3748 1794 3817 naris,

146 3827 251 3884 nissent
266 3822 424 3895 Bethphage
439 3820 474 3876 ad
498 3826 619 3874 montem
643 3818 752 3884 oliveti,
773 3827 840 3876 tnnc
861 3817 941 3875 lesus
996 3819 1084 3877 tracto
1098 3823 1294 3892 gubernaculo,
1311 3825 1376 3883 illuc
1390 3826 1498 3884 ducitur
1512 3846 1567 3903 que
1582 3840 1736 3908 tempestas
1754 3839 1797 3895 im.

144 3916 219 3974 misit
232 3915 301 3971 duos
315 3910 476 3982 discipulos,
493 3908 587 3964 dicens
602 3907 642 3963 eis
658 3924 665 3962 ε
682 3908 721 3962 Ιιε
745 3906 774 3962 in
799 3906 941 3964 castellum
996 3910 1081 3980 pellit,
1098 3911 1138 3967 sic
1152 3912 1233 3968 home
1249 3913 1351 3970 divium
1364 3917 1458 3988 gratiae
1486 3920 1591 3979 auxilio
1614 3926 1725 3992 perdito
1752 3946 1796 4000 per

145 4005 219 4080 quod
233 4009 389 4061 contraeas
417 4006 469 4066 εει,
493 4003 521 4053 ει
545 3995 635 4051 ειειίιιι
662 3995 805 4052 invenictis
833 3995 940 4052 asinam
995 4006 1138 4067 peecatum
1153 4015 1208 4055 non
1224 4002 1296 4074 quod
1312 4003 1368 4059 vult
1382 4005 1452 4078 agit,
1468 4007 1796 4081 sadqnoddiabolus.sse

144 4095 295 4167 alligatam,
310 4095 338 4146 et
352 4087 456 4160 pullum
471 4086 531 4156 eius
546 4100 608 4142 eum
623 4099 656 4141 ea
670 4083 824 4158 alligatum,
839 4085 882 4141 cui
894 4100 941 4139 na·
995 4086 1065 4143 sicut
1078 4088 1196 4159 primum
1206 4090 1235 4145 in
1254 4099 1388 4161 potestate
1400 4102 1442 4149 ast
1455 4097 1549 4169 populi
1571 4098 1668 4160 lacere
1684 4105 1737 4162 sibi
1751 4123 1796 4164 re·

145 4198 193 4240 mo
207 4195 326 4253 unquam
340 4177 483 4233 hominum
498 4174 579 4242 sedit,
597 4173 693 4230 solvite
708 4172 784 4228 illum
808 4181 835 4228 at
856 4173 941 4228 addn·
994 4191 1058 4249 gem
1075 4177 1233 4245 quemeult,
1249 4178 1351 4236 iactum
1363 4190 1452 4239 autem
1479 4184 1515 4240 de
1537 4203 1628 4260 ragno
1658 4195 1793 4267 expellere

143 4273 195 4329 cite
210 4269 286 4324 mihi.
302 4268 336 4322 Et
350 4267 372 4321 si
386 4263 447 4337 quis
459 4263 539 4320 vobis
554 4261 657 4335 aliquid
677 4260 786 4330 dixerit,
809 4260 891 4318 dicite
915 4259 941 4316 ei
990 4265 1120 4336 jamnon
1136 4274 1176 4320 est
1191 4266 1219 4321 in
1235 4275 1369 4339 potestate
1383 4271 1454 4343 ejus,
1468 4273 1545 4331 etita
1560 4278 1695 4338 veluntas
1705 4285 1793 4357 ροριιιι

143 4359 208 4432 quia
221 4355 354 4413 Dominus
368 4369 480 4425 operam
503 4351 563 4422 ejus
587 4351 725 4406 desiderat
746 4356 773 4406 et
797 4348 940 4406 coelestim
994 4351 1023 4407 io
1037 4354 1229 4411 necessitatem
1251 4358 1429 4414 convertitur.
1450 4361 1496 4419 Sic
1518 4363 1611 4434 homo,
1635 4372 1793 4447 priusquam

141 4446 257 4504 dimittet
271 4460 320 4500 ens
334 4442 424 4514 (nats.
451 4442 523 4513 xxa).
545 4463 556 4489 ι
585 4439 740 4511 bethphage
761 4407 1327 4514 sacerdotumsspeceer,1ibemmhabet
1348 4449 1500 4521 arbitrium,
1524 4462 1618 4512 utrnm
1642 4462 1713 4518 velit
1735 4479 1794 4520 esse

142 4534 246 4594 nieulus
256 4539 313 4589 erat
325 4537 352 4587 et
377 4528 560 4586 confessionis
587 4528 714 4599 portabat
738 4536 842 4599 typum,
872 4527 935 4599 qnia
990 4530 1042 4585 sub
1056 4547 1144 4604 regno
1160 4531 1271 4589 diaboli.
1287 4534 1356 4591 Cum
1370 4547 1461 4594 antem
1475 4544 1619 4612 peccando
1632 4549 1659 4604 ei
1670 4551 1792 4627 subjuga.

140 4627 239 4685 domna
253 4623 347 4679 baccae
360 4618 566 4690 interpretatur.
584 4615 700 4672 Pulchre
725 4632 794 4689 ergo
818 4614 936 4673 relertur
989 4626 1033 4675 tur
1046 4634 1102 4674 non
1112 4627 1203 4691 potest
1213 4621 1249 4678 de
1256 4629 1393 4694 potestate
1403 4627 1462 4696 ejns
1481 4631 1568 4701 exira,
1585 4636 1652 4708 qnia
1667 4641 1792 4699 volumus

141 4713 357 4773 aitnainmonte
373 4706 483 4772 Oliveti,
499 4704 935 4763 comsitoleinaturaluciami-
989 4725 1031 4773 ,ῃ
1046 4719 1223 4773 mummi„
1237 4723 1437 4781 necessitarem.
1453 4728 1512 4786 Hoc
1526 4740 1568 4787 es,
1592 4737 1671 4806 quod
1692 4756 1791 4812 pm·

139 4813 257 4870 nistrare
271 4816 298 4865 et
312 4807 436 4863 laborum
448 4803 629 4875 dolorumque
644 4803 777 4871 solamen,
788 4802 853 4877 quia
871 4818 936 4860 cen·
988 4813 1063 4862 tores
1077 4805 1167 4862 solent
1180 4807 1273 4864 dicare
1290 4825 1297 4865 ι
1313 4812 1452 4872 Vellemus
1466 4833 1528 4875 esse
1540 4825 1643 4892 εειιειι,
1667 4832 1718 4886 aad
1738 4848 1790 4889 m„

139 4902 247 4959 fiteutes
260 4904 372 4972 peecata
387 4909 437 4950 sua
452 4894 558 4949 Christo
572 4893 722 4958 adhaerent,
738 4892 785 4965 qui
808 4906 859 4947 nos
883 4908 935 4947 nn·
988 4910 1153 4965 possumus.
1173 4898 1274 4953 Verum
1287 4900 1390 4968 dicunt,
1407 4905 1455 4960 sed
1469 4922 1525 4964 ιιοιι
1549 4910 1656 4972 habent
1678 4933 1791 4978 excusa.

138 4991 228 5050 ctione
246 4985 363 5059 spiritali
383 4990 410 5040 et
428 4982 552 5039 scientiae
567 4981 631 5038 lnce
646 4980 764 5037 relevet.
782 4980 823 5036 Ne
842 4988 934 5036 autem
987 4983 1101 5050 tionem,
1117 4985 1180 5056 quia
1195 4988 1311 5058 primum
1324 4999 1469 5062 potuerunt
1482 5012 1538 5054 non
1552 5015 1617 5059 essa
1633 5008 1691 5064 snb
1710 5021 1788 5082 pore.

137 5076 352 5136 absconderetur
366 5072 461 5130 civitas
476 5085 560 5142 supra
586 5077 706 5126 montem
734 5070 806 5125 hunc
833 5069 933 5140 posita,
987 5078 1058 5128 state
1072 5073 1183 5141 diaboli,
1198 5076 1234 5132 de
1248 5093 1302 5149 qua
1316 5080 1369 5134 nisi
1383 5083 1459 5138 solus
1482 5085 1557 5143 Deua
1585 5106 1673 5152 nemo
1700 5110 1788 5170 ρριρει

136 5167 216 5223 mittit
232 5162 382 5234 discipulos
396 5161 424 5216 in
437 5159 589 5226 castellum,
605 5158 678 5231 quod
693 5165 790 5214 contra
811 5172 859 5214 eos
880 5166 931 5226 est,
987 5160 1106 5231 eripere.
1129 5163 1233 5234 Populo
1251 5166 1362 5237 quidem
1377 5170 1516 5231 nationum
1530 5178 1659 5249 perfidiae
1673 5188 1788 5246 visentie

137 5262 166 5312 ιιι
180 5251 303 5327 perillus
325 5250 408 5306 totins
435 5257 528 5305 contra
557 5247 639 5320 positi
665 5247 741 5302 erbis
768 5245 932 5301 munitiones
985 5248 1088 5305 irretito
1103 5266 1184 5307 name
1199 5269 1317 5325 unquam
1330 5257 1472 5318 hominum
1487 5265 1569 5335 aedit,
1585 5269 1614 5325 id
1629 5282 1676 5331 ast
1697 5278 1786 5335 nullus

138 5342 271 5417 penenet.
285 5339 369 5393 Asina
384 5345 410 5393 et
435 5335 626 5410 puttustudaei
640 5342 713 5400 sunt,
726 5343 932 5408 etgantespre
984 5337 1080 5394 doctor
1098 5338 1204 5397 lrenum
1223 5347 1402 5404 correctionis
1428 5354 1553 5423 contulit,
1582 5375 1640 5430 quo
1668 5366 1714 5422 γε]
1740 5367 1786 5424 pf,

135 5440 198 5507 pter
212 5427 345 5502 quasdam
360 5425 561 5482 similitudines.
584 5425 633 5480 Eat
652 5423 727 5480 enim
750 5425 803 5480 hoc
827 5423 930 5479 animal
983 5450 1067 5506 gum
1081 5451 1096 5490 ῃ
1109 5437 1317 5500 malogohjbm
1331 5446 1374 5501 ,ΘΙ
1385 5447 1412 5503 in
1424 5449 1497 5506 viam
1507 5453 1571 5511 vim
1580 5465 1783 5532 mmmm

28 5556 33 5567 ·
134 5525 314 5594 immundum,
330 5531 356 5581 et
371 5537 427 5593 pne
440 5521 547 5579 celem
558 5521 690 5594 jumentis
703 5521 822 5589 ειιιιιιιιιι,
844 5528 871 5577 ει
893 5521 931 5576 in·
983 5522 1097 5581 Sederat
1112 5529 1384 5600 namquaillehemn
1399 5535 1486 5595 idest
1502 5541 1538 5598 ad
1561 5546 1783 5626 pohweg„

127 5620 249 5686 lirmum,
265 5622 292 5673 et
304 5610 439 5689 ignobile,
456 5616 483 5666 et
496 5609 669 5666 ouantemm.
686 5609 732 5667 Sic
744 5609 854 5666 inerunt
877 5610 929 5666 ho·
983 5614 1168 5686 requiesceret
1182 5616 1319 5689 docende,
1335 5623 1433 5695 siquis
1448 5629 1782 5713 rationabiliueejmffl.

104 5728 206 5790 ramea
215 5733 285 5787 ante
296 5721 451 5784 emman.
465 5717 557 5796 nipe
572 5717 687 5782 etiamn
706 5716 820 5779 diabole
842 5725 935 5790 arant,
985 5716 1077 5778 neam
1086 5721 1265 5794 reprimendo
1278 5728 1443 5799 coronaret.
1454 5734 1537 5797 tinde
1559 5754 1619 5802 non
1641 5744 1780 5811 Μ
