3780 6038
114 206 186 265 1⁰⁸7

693 187 863 245 wtsutttsttt
882 183 1029 242 Abantis
1046 184 1078 241 S.
1101 186 1212 245 sursit

1706 190 1767 246 tttt

114 328 180 402 gula
192 343 243 398 par
255 325 378 383 ordinem
392 323 570 398 explicemus.
587 315 719 388 Superbia
733 329 849 382 namque
872 320 913 368 est
927 311 954 372 A
969 313 1015 381 tia,
1051 329 1112 383 quse
1139 311 1304 384 flagellatum
1331 311 1413 381 ejicit,
1442 311 1507 383 qnia
1533 311 1647 369 interna
1674 313 1767 387 gaudia

115 442 193 484 amur
205 423 322 496 propriae
350 420 528 486 excellentiae,
563 416 670 487 quando
703 428 780 468 mens
811 411 913 466 bonum

114 514 188 586 quod
201 513 284 569 babet
296 511 468 585 singulariter
483 506 581 579 diligit,
595 504 622 558 id
637 502 749 558 estsine
765 516 798 556 eo
821 515 837 554 a
859 514 913 569 quo

113 602 216 659 bonum
230 600 388 673 accepit.0
413 597 540 671 superbia
568 593 704 667 pestifera,
733 589 798 661 quid
825 587 912 660 agis‘l

114 700 170 756 Cur
183 699 280 754 suades
295 698 383 755 rivulo
397 703 426 751 ut
440 711 499 752 sea
514 694 589 749 fonte
608 689 733 746 dividat?
750 688 804 742 Cur
816 684 913 741 suades

112 788 189 844 radia
202 795 233 842 ut
246 804 275 844 se
288 803 305 842 a
319 788 375 842 sole
389 793 476 843 vertat
489 785 503 837 ‘l
518 783 572 838 Cur
585 781 599 834 ‘i
614 779 665 834 nisi
680 776 772 842 atille,
788 775 852 829 dum
866 774 911 827 in-

113 876 189 932 fundi
202 876 308 944 desinit,
330 880 443 943 crescat,
459 872 559 939 eliste,
575 870 639 923 dum
654 866 689 923 ab
705 863 911 920 illuminantese

114 976 221 1037 avertit,
239 975 395 1031 tenebrosus
409 973 478 1039 iint;
504 979 616 1040 uterquc
643 981 718 1033 vcro,
746 964 811 1018 dum
837 961 910 1017 acci-

113 1081 178 1135 pere
193 1072 278 1120 cessat
293 1062 320 1117 id
336 1061 407 1132 quod
430 1060 546 1115 necdum
575 1056 664 1122 habet,
691 1051 818 1109 continuo
846 1047 911 1103 illud

110 1154 193 1209 etiam
208 1152 279 1225 quod
293 1152 376 1207 habet
389 1150 502 1205 amittat.
518 1148 576 1202 Hoc
591 1144 711 1218 profecto
732 1148 817 1196 tutum
841 1138 909 1229 agis,

111 1267 172 1307 aum
188 1250 383 1307 doccsdonum
399 1256 475 1303 extra
501 1246 621 1300 datorem
648 1241 769 1314 diligere,
798 1238 832 1292 ad
860 1238 912 1291 hoe

113 1340 200 1397 tendis
215 1348 244 1395 ut
260 1339 305 1409 qui
320 1346 423 1410 purtem
439 1336 502 1391 boni
518 1333 589 1404 quod
604 1333 638 1388 ab
662 1331 715 1386 alio
742 1329 834 1383 datum
861 1332 910 1391 est,

111 1445 237 1502 perverse
252 1428 302 1482 sibi
317 1426 445 1490 vindicat,
462 1431 545 1479 totum
561 1423 662 1478 bonum
678 1417 749 1489 quod
764 1417 792 1471 in
813 1415 858 1469 illo
874 1420 914 1469 est

109 1527 223 1592 amittat,
240 1525 330 1595 sicque
345 1521 392 1578 liat
405 1530 432 1577 ut
448 1538 497 1577 nec
520 1519 547 1575 id
558 1518 629 1590 quod
651 1516 733 1571 babet
746 1514 845 1569 utiliter
865 1512 913 1564 ba·

110 1619 174 1671 bere
191 1614 283 1685 possit,
299 1613 363 1666 dum
378 1612 443 1665 illud
456 1611 482 1665 in
493 1625 525 1665 eo
536 1626 551 1663 a
563 1623 616 1678 quo
636 1606 718 1660 habet
735 1619 789 1658 non
807 1599 909 1672 diligit.

111 1704 185 1760 Sicut
195 1703 266 1757 enim
280 1701 381 1757 bouum
392 1700 547 1756 veracitera
557 1698 609 1751 deo
620 1703 668 1761 est,
679 1695 716 1748 ita
726 1691 828 1747 nullum
837 1696 913 1743 entra

110 1804 197 1859 Deum
208 1801 309 1857 bonum
320 1800 419 1854 utiliter
428 1798 521 1854 baberi
529 1795 682 1868 potest,imo
691 1807 754 1848 raro
765 1806 814 1861 per
823 1790 873 1843 boa
882 1787 909 1841 id

110 1893 198 1965 ipsum
214 1890 286 1961 quod
296 1889 410 1944 babetur
423 1887 562 1951 amittitur,
578 1883 685 1954 quando
700 1881 728 1935 in
743 1895 775 1935 eo
799 1886 826 1934 et
847 1891 909 1932 cum

110 1997 143 2037 eo
159 1997 173 2036 a
188 1996 240 2051 quo
256 1979 370 2034 habetur
383 1993 437 2033 uon
455 1983 569 2031 amatur.
585 1973 656 2027 Nam
680 1969 831 2040 quicunque
856 1981 909 2020 nan

112 2078 186 2135 novit
207 2077 257 2132 nisi
285 2078 337 2131 hoc
362 2074 464 2129 bonum
492 2073 564 2143 quod
592 2069 682 2133 habet,
712 2068 739 2120 in
766 2063 910 2132 semetipso

112 2167 225 2239 diligere
246 2181 353 2220 neccsse
373 2171 436 2232 est,
456 2169 506 2229 ut,
539 2161 604 2215 dum
636 2159 663 2211 in
693 2156 777 2210 altero
808 2153 909 2208 bonum

115 2256 188 2326 quad
202 2270 256 2309 non
271 2252 353 2307 babet
369 2250 513 2322 aspexerit,
530 2256 603 2303 tanto
630 2246 747 2301 amarius
773 2258 821 2297 sua
848 2257 909 2295 eum

112 2351 282 2423 imperfectio
297 2356 428 2419 torqueat,
446 2354 545 2417 quanto
560 2361 621 2399 cum
636 2343 664 2397 in
678 2357 731 2412 quo
754 2355 835 2395 omne
857 2337 910 2392 bo-

114 2456 179 2495 uum
194 2437 325 2506 consistit,
340 2453 393 2492 non
410 2443 491 2490 amat.
506 2435 541 2489 Et
555 2433 654 2488 idcirco
668 2429 821 2501 superbiam
836 2443 910 2482 sem-

114 2527 296 2602 persequitur
314 2524 425 2592 invidia,
446 2523 509 2594 quia
541 2522 585 2593 qui
618 2520 673 2575 illic
704 2533 825 2574 anrorem
858 2531 911 2569 uon

113 2626 173 2699 figit
186 2624 233 2680 ubi
247 2624 349 2679 bonum
364 2631 413 2688 est,
429 2629 557 2692 quantum
580 2619 613 2674 de
640 2633 688 2673 suo
713 2630 837 2687 perverse
860 2630 910 2667 ex-

116 2714 226 2782 tollitur,
244 2720 345 2768 tentum
360 2711 469 2784 gravius
482 2710 515 2764 de
543 2708 616 2764 bono
644 2706 732 2762 alieno
757 2711 906 2773 torquetur.

115 2804 177 2861 Suae
197 2802 277 2877 igitur
296 2800 405 2856 elationi
421 2798 575 2868 justissima>
602 2811 683 2868 poena
714 2794 841 2863 deputata
872 2797 913 2845 est

116 2902 184 2974 ipsa,
202 2915 283 2971 quam
301 2896 473 2969 desuperbia
498 2902 587 2967 gignit
614 2892 729 2947 inridre.
761 2889 831 2959 Quia
857 2903 911 2957 quo

966 402 1075 470 amisso,
1110 401 1175 457 foris
1206 398 1418 458 consolationem
1451 417 1576 471 qnaerere
1616 403 1765 471 compellit.

967 492 1063 546 Postea
1077 490 1181 546 aceedit
1193 491 1268 563 gula,
1284 506 1344 561 quae
1359 491 1474 560 ejectum
1496 490 1617 559 seducit,
1631 491 1698 562 quia
1715 491 1769 547 ani·

966 596 1040 634 mum
1057 580 1234 636 exterioribus
1248 579 1405 647 inhiantem,
1426 581 1478 636 hoe
1500 580 1603 636 vitium
1624 580 1656 635 in
1683 580 1770 651 primis

966 669 1041 738 quasi
1056 669 1145 724 vicino
1156 677 1261 724 tentans
1270 685 1319 741 per
1335 669 1423 740 ipsum
1440 670 1596 725 naturalem
1624 670 1770 742 appetitum

967 768 1001 822 ad
1016 767 1152 822 excelsum
1164 767 1250 823 illicit.
1274 767 1410 823 Pastremo
1431 767 1636 837 superveniens
1659 766 1771 837 luxuna,

965 872 1026 926 quae
1036 855 1174 911 seductum
1185 854 1446 912 violentcrservituti
1460 855 1585 927 subjicit,
1601 855 1682 926 quia,
1698 863 1770 925 post-

965 960 1045 1015 quam
1070 959 1133 1000 caro
1160 960 1208 1015 per
1222 945 1359 1015 crapulam
1374 944 1545 1000 inflammata
1568 951 1622 1011 est,
1650 943 1770 999 ardorem

965 1032 1084 1086 libidinis
1102 1033 1335 1103 supervenientem
1359 1033 1495 1089 emollitur
1524 1046 1611 1104 atque
1643 1033 1772 1088 euerritur

963 1122 1095 1177 resolutus
1109 1121 1214 1176 animus
1228 1122 1334 1177 vincere
1358 1138 1412 1177 non
1438 1129 1538 1193 potest.
1570 1121 1669 1178 Serrit
1695 1121 1770 1194 igitur

965 1217 1112 1273 saevissime
1127 1218 1293 1274 damnationi
1305 1235 1382 1273 meus
1396 1219 1509 1291 turpiter
1522 1219 1655 1286 subacta,
1672 1226 1701 1274 et
1725 1217 1771 1273 nisi

966 1314 1059 1362 exorta
1086 1305 1229 1362 subveniat
1252 1307 1399 1363 salvatoris
1427 1309 1524 1378 pietas,
1554 1324 1613 1364 non
1641 1307 1696 1363 erit
1717 1307 1770 1376 jem

965 1396 1036 1450 unde
1050 1396 1157 1467 captivo
1171 1396 1297 1453 servienti
1312 1397 1410 1451 emissa
1423 1397 1581 1453 restituatur
1595 1395 1723 1452 libertas„

1176 1539 1214 1594 lle
1228 1540 1335 1610 septem
1347 1537 1554 1607 petitionibus.

926 1674 953 1733 Β
1004 1658 1157 1726 Sequuntur
1171 1663 1275 1726 septem
1303 1655 1445 1726 petitiones
1471 1664 1569 1712 contm
1592 1664 1707 1728 septem
1733 1655 1774 1712 ri·

962 1747 1009 1811 tia,
1030 1745 1127 1815 quibus
1145 1753 1237 1800 oratur
1254 1752 1282 1798 ut
1300 1745 1440 1800 subveniat
1468 1745 1514 1816 qui
1550 1760 1603 1801 nos
1639 1754 1669 1800 et
1701 1762 1775 1802 orare

963 1835 1055 1891 docuit
1070 1835 1181 1901 (detti.
1197 1835 1247 1903 vr),
1265 1834 1375 1903 etquod
1393 1833 1534 1889 orantibus
1555 1834 1701 1905 Spiritum
1724 1835 1776 1890 bo·

963 1941 1026 1979 num
1043 1923 1077 1978 ad
1091 1922 1211 1976 sananda
1225 1923 1336 1977 vulnera
1357 1930 1457 1987 nostra,
1488 1930 1516 1978 et
1542 1922 1579 1978 ad
1607 1923 1773 1979 solvendum

961 2013 1059 2085 jugum
1078 2011 1241 2082 captivitatis
1255 2018 1352 2066 nostrae
1366 2011 1475 2066 datarus
1492 2019 1567 2068 esset
1594 2013 1769 2084 repromisit.

964 2102 1018 2158 Sed
1031 2117 1086 2157 non
1113 2108 1256 2170 antequam
1283 2101 1317 2154 ad
1345 2101 1567 2171 explanationem
1595 2104 1702 2157 harum
1730 2118 1775 2157 re·

965 2191 1080 2257 niamus,
1101 2190 1175 2261 prius
1202 2189 1255 2244 alia
1279 2189 1366 2245 adhue
1392 2189 1572 2245 similitudine
1602 2191 1776 2246 demonstre-

965 2305 1024 2343 mus
1044 2296 1171 2359 quantam
1201 2288 1227 2341 in
1253 2287 1330 2342 uobis
1357 2289 1559 2357 corruptionem
1586 2306 1679 2361 supra
1706 2291 1776 2347 dicta

964 2385 1103 2450 generent,
1119 2385 1148 2431 ut
1168 2385 1267 2446 quanto
1296 2377 1472 2448 periculosior
1498 2378 1623 2451 languor
1652 2381 1776 2436 ostendi-

967 2474 1015 2533 tur,
1033 2473 1105 2521 tanto
1120 2466 1207 2537 magis
1227 2466 1377 2521 necessaria
1399 2466 1536 2522 medicina
1557 2469 1772 2540 comprobetur.

965 2555 1016 2610 Per
1038 2554 1192 2625 superbiam
1211 2554 1293 2626 igitur
1323 2570 1371 2610 cor
1401 2555 1518 2623 inflatur,
1555 2573 1608 2628 per
1643 2559 1776 2614 invidiam

965 2653 1070 2715 arescit,
1087 2668 1136 2723 per
1157 2652 1223 2706 iram
1252 2658 1353 2721 crepat,
1382 2667 1431 2721 per
1457 2652 1595 2708 tristitiam
1627 2657 1779 2712 conteritur

965 2749 991 2797 et
1005 2740 1081 2811 quusi
1096 2741 1122 2794 in
1144 2741 1283 2811 pulverem
1309 2741 1448 2813 redigitur,
1477 2759 1527 2813 per
1554 2746 1709 2801 avaritiam
1736 2746 1777 2801 di·

964 2831 1107 2902 spergitur,
1124 2829 1277 2901 pergulam
1292 2828 1407 2885 inficitur
1429 2838 1457 2884 ct
1478 2832 1557 2900 quasi
1587 2834 1776 2906 humectatur,

965 2936 1013 2988 pur
1032 2918 1165 2972 luxurium
1184 2917 1355 2972 conculcatur
1382 2926 1409 2973 et
1436 2918 1463 2973 in
1496 2918 1585 2975 lutum
1625 2923 1774 2996 redigitur,

114 3005 258 3046 ⁰⁰¹¹¹m¹¹¹¹e
278 2987 399 3043 ⁰¹¹³¹¹i¹¹m
432 2984 533 3039 b⁰¹¹¹¹m
566 2982 678 3080 di¹ffg⁰s⁰
712 2979 806 3047 ¹¹⁰l¹¹i¹t
840 2984 911 3031 “³⁶¹⁹
928 3008 1004 3088 cita
1020 3015 1047 3061 ut
1057 3007 1115 3076 jam
1131 3006 1213 3060 miser
1230 3007 1319 3061 dicere
1339 3007 1443 3077 possit:
1466 3030 1478 3056 ι
1500 3007 1607 3064 lnlixus
1637 3028 1721 3067 suum
1749 3013 1777 3068 in

117 3095 188 3135 ¹¹1¹ss0
206 3076 270 3134 b⁰¹¹i
290 3075 371 3131 ³¹1⁰OE
391 3074 474 3128 lil'Ose
508 3072 632 3127 fflbffiffl·
670 3067 758 3138 Quam
792 3065 912 3137 pr⁰f⁶⁰¹⁰
967 3092 1032 3146 limo
1047 3090 1182 3161 profundi,
1199 3099 1346 3146 etnonest
1372 3091 1530 3147 substantia.
1555 3094 1629 3149 Veni
1659 3096 1690 3151 in
1719 3098 1778 3153 alti·

117 3176 213 3232 alicnae
234 3172 369 3230 felicitatis
387 3188 523 3227 successus
540 3186 593 3224 non
608 3174 706 3235 ureret,
730 3165 752 3220 si
774 3165 857 3220 ullum
885 3163 913 3217 in

116 3280 170 3335 quo
185 3262 381 3319 omnebonum
397 3269 445 3328 est,
462 3274 643 3331 peramarum
667 3255 827 3327 possideret.
856 3252 915 3307 Nec

116 3354 190 3409 enim
205 3352 322 3408 alienum
338 3367 354 3405 a
368 3367 396 3404 sc
409 3349 542 3420 judicaret
556 3348 656 3403 bonum
672 3344 789 3412 alterius,
805 3342 827 3396 si
836 3357 913 3396 suum

117 3451 155 3506 ibi
167 3449 301 3521 diligeret,
318 3447 363 3503 ubi
379 3452 405 3502 et
417 3462 495 3500 suum
510 3454 536 3500 et
559 3444 668 3499 alterius
692 3443 793 3498 bonum
816 3440 913 3494 simili-

118 3545 159 3594 ter
172 3536 330 3607 possideret.
351 3535 429 3589 Nunc
448 3550 513 3605 ergo
534 3540 662 3603 quantum
690 3549 719 3586 se
745 3547 795 3601 per
817 3529 915 3584 elatio-

118 3642 180 3682 nem
195 3632 287 3680 contra
302 3626 455 3678 Creatorem
470 3621 583 3684 extollit,
606 3628 707 3676 tantum
732 3635 780 3690 per
803 3618 915 3673 livorem

120 3722 171 3778 sub
187 3721 311 3793 proximo
326 3719 406 3788 cadit,
423 3727 449 3774 et
463 3726 592 3790 quantum
620 3717 658 3772 ibi
686 3716 818 3771 fallaciter
836 3715 917 3786 erigi-

119 3818 170 3880 tur,
186 3817 288 3865 tantum
303 3808 347 3863 hic
369 3808 501 3863 veraciter
527 3806 718 3878 praecipitatur.
747 3803 801 3859 Sed
829 3820 917 3873 neque

119 3900 247 3956 desistere
262 3906 348 3970 potest
362 3897 445 3953 semel
461 3904 548 3966 carpta
574 3894 722 3965 corruptio.
754 3886 816 3947 blox
844 3892 916 3946 euim

120 4007 149 4055 ut
163 3998 196 4053 dc
208 3997 310 4054 invidia
323 3995 450 4069 superbia
464 4002 526 4049 nata
553 3993 643 4060 fucrit,
672 3990 740 4046 iram
769 3990 854 4061 ipsam
882 3990 916 4043 de

119 4106 147 4145 se
163 4087 242 4161 parit,
265 4086 328 4156 quia
338 4085 419 4139 miser
428 4083 570 4153 avisftb').
586 4083 731 4154 Propterea
740 4079 797 4150 jam
808 4077 917 4149 sibiipsi

120 4177 154 4232 de
168 4193 216 4231 sua
239 4174 445 4245 imperfectione
463 4172 593 4239 irascitur,
619 4171 681 4241 quia
704 4170 737 4224 de
751 4169 824 4224 bono
847 4168 917 4223 alte-

121 4275 176 4330 rius
195 4291 243 4347 per
260 4273 417 4328 charitatem
452 4288 505 4326 uon
539 4272 652 4338 luctatur,
686 4277 766 4340 atque
797 4267 859 4323 ideo
891 4265 918 4321 id

968 3180 1090 3235 tudinem
1108 3179 1198 3243 maris,
1218 3187 1245 3234 et
1263 3188 1407 3250 tempestas
1437 3180 1568 3237 demersit
1597 3201 1652 3240 me
1685 3187 1776 3258 (Psaf.

970 3269 1073 3337 uxvur).
1092 3288 1103 3318 r
1122 3269 1242 3338 Cumque
1256 3268 1319 3323 buia
1331 3267 1396 3323 fimo
1411 3268 1539 3346 profundi
1565 3272 1683 3329 animus
1701 3275 1781 3333 fuerit

970 3365 1077 3432 infixus,
1097 3372 1125 3419 et
1143 3365 1198 3421 luto
1217 3365 1443 3435 coinquinationis
1461 3374 1488 3423 et
1506 3367 1699 3429 immunditia
1727 3373 1780 3428 ab·

970 3455 1086 3520 volutus,
1102 3453 1181 3509 euelli
1196 3470 1365 3524 nequaquam
1381 3463 1479 3527 potest,
1490 3456 1544 3512 nisi
1560 3458 1595 3513 ad
1619 3460 1702 3516 illum
1725 3463 1779 3517 da·

971 3550 1026 3599 met
1044 3551 1071 3598 et
1089 3543 1147 3613 ejus
1166 3542 1293 3598 auxilium
1314 3544 1438 3613 postulet.
1466 3545 1507 3601 De
1541 3563 1596 3618 quo
1634 3550 1778 3607 Psalmista

971 3632 1089 3703 loquitur
1106 3631 1225 3686 dicens:
1258 3655 1268 3681 ιι
1289 3632 1454 3704 Exspectans
1486 3639 1649 3707 exspectari
1685 3642 1777 3697 Domi·

970 3738 1057 3788 num,
1092 3729 1118 3776 et
1150 3720 1264 3776 intendit
1296 3721 1386 3786 mihi;
1432 3730 1459 3777 et
1497 3725 1645 3783 exaudivit
1686 3747 1778 3802 preces

969 3827 1054 3875 meas,
1071 3808 1177 3865 reduxit
1190 3827 1233 3865 me
1248 3810 1281 3865 de
1298 3811 1355 3865 lacu
1371 3810 1487 3867 miseriae
1505 3821 1534 3867 et
1557 3814 1593 3869 de
1619 3817 1681 3875 luto
1704 3819 1776 3876 taeca

970 3898 1190 3968 (Desinunt).
1213 3899 1389 3970 »Propterea
1421 3916 1487 3973 ergo
1519 3902 1579 3974 ipse
1615 3922 1671 3962 nos
1701 3926 1775 3965 orare

970 3996 1445 4053 docuituttotumbouumnastrum
1463 3999 1498 4054 ab
1528 4001 1591 4070 ipso
1623 4005 1671 4073 sit,
1697 4016 1725 4063 ut
1751 4018 1776 4063 et

971 4086 1042 4157 quod
1057 4087 1182 4156 petimus,
1198 4095 1225 4141 ct
1238 4086 1309 4157 quod
1324 4094 1444 4158 petentes
1464 4088 1629 4163 accipimus,
1648 4096 1711 4167 ejus
1730 4097 1775 4153 da-

972 4193 1035 4230 uum
1050 4192 1104 4232 nou
1119 4183 1239 4231 nostrum
1254 4176 1379 4231 meritum
1389 4192 1448 4233 esse
1460 4177 1664 4254 intelligamus.

1008 4283 1098 4338 Prima
1112 4298 1178 4354 ergo
1201 4283 1294 4352 petitio
1323 4289 1416 4338 conus
1442 4285 1601 4356 superbiam
1631 4300 1699 4361 est,
1727 4310 1777 4364 qus

121 4361 285 4432 etiamquod
299 4360 380 4415 babet
397 4359 448 4414 sibi
477 4359 618 4430 disciplere
648 4357 750 4429 incipit,
781 4372 860 4426 quem
889 4355 917 4410 in
932 4378 960 4442 D
977 4372 1092 4427 pomino
1125 4370 1261 4426 ,150qu
1298 4393 1309 4420 „
1331 4370 1515 4429 Sancqficequ,
1564 4393 1674 4436 nomen
1706 4390 1777 4438 mum

121 4451 175 4507 alio
190 4449 303 4520 idquod
319 4448 418 4503 habere
433 4462 486 4503 non
506 4454 595 4519 potest
619 4446 750 4518 agnoscit.
772 4442 823 4513 Qui
852 4458 917 4516 ergo
973 4459 1350 4527 (uairp,v1)‚nllocenim
1366 4461 1492 4532 petimus,
1507 4471 1539 4518 ut
1566 4465 1616 4522 det
1639 4469 1721 4526 nobie
1743 4472 1777 4526 ti·

124 4545 544 4645 percharitateminbeototum
567 4543 664 4598 habere
679 4542 773 4614 potuit,
792 4541 820 4595 id
838 4541 919 4596 etiam
974 4566 1048 4604 mere
1063 4556 1090 4604 er
1116 4548 1238 4604 venerari
1265 4564 1364 4604 „omen
1396 4565 1485 4618 suum,
1514 4561 1657 4623 quatenus
1681 4561 1707 4615 ei
1733 4576 1779 4633 pff

124 4637 197 4710 quad
211 4636 416 4708 perelatronem
432 4641 507 4688 extra
529 4634 616 4689 Deum
640 4631 739 4687 habere
762 4630 918 4698 conabatur,
973 4638 1153 4694 humilitatem
1166 4637 1280 4709 subjecq
1294 4638 1387 4708 simm,
1403 4639 1448 4709 qui
1466 4655 1517 4710 pe,
1546 4646 1714 4717 superbiam
1739 4666 1778 4707 m·

125 4744 174 4801 l)er
188 4725 319 4782 invidiam
333 4730 360 4778 ⁰²
374 4724 440 4777 imm
463 4722 569 4788 millib
600 4721 672 4792 quja,
702 4728 845 4792 POSlqlfflffl
872 4735 922 4789 pel
973 4735 1059 4792 balles
1072 4744 1099 4791 et
1115 4742 1286 4792 contumaces
1299 4735 1458 4792 exstitimus.
1481 4738 1550 4795 Huic
1575 4745 1707 4814 petitioni
1728 4748 1778 4804 da.

124 4823 279 4895 superbiam
293 4823 379 4875 Deum
395 4818 502 4886 amittit,
518 4834 568 4889 per
581 4817 711 4873 invidiam
739 4815 826 4888 perdit
854 4831 920 4887 pro-

123 4914 227 4969 ximum
240 4920 266 4967 ct
280 4927 329 4981 per
343 4910 410 4964 iram
426 4907 613 4977 semetipsum.
639 4904 710 4975 Quia
736 4919 801 4977 ergo
830 4903 920 4959 omni-

123 5003 174 5058 hm
188 5000 293 5057 amissis
311 4998 377 5053 nibil
411 5005 532 5069 superest
563 4996 634 5051 unde
666 4994 793 5067 gaudeat,
824 4992 921 5048 infelix

122 5096 284 5155 couscientia
299 5112 347 5168 per
374 5095 505 5150 tristitiam
533 5094 560 5147 in
596 5093 746 5161 semetipsis
777 5091 920 5160 colliditur,

124 5187 228 5257 etquia
246 5186 280 5240 de
299 5185 387 5240 alieno
406 5182 478 5238 bono
497 5182 542 5254 pie
560 5182 644 5238 lactari
676 5179 769 5251 noluit,
804 5178 838 5234 de
872 5194 921 5235 suo

126 5274 198 5329 malo
212 5273 352 5328 cruciatur.

161 5388 223 5443 Post
236 5387 392 5458 superbiam
406 5402 482 5459 erga,
499 5394 523 5441 ct
538 5385 679 5450 invidiam,
702 5392 729 5439 et
755 5383 833 5452 iram,
861 5399 923 5454 quae

127 5476 265 5533 bominem
300 5475 440 5547 spoliant,
477 5475 602 5530 conuuuo
640 5473 744 5529 tristitia
780 5472 922 5544 sequitur,

126 5582 186 5640 quae
205 5565 333 5620 nudatum
348 5562 479 5636 flagellat.
498 5564 547 5626 Cui
562 5563 659 5620 deiude
687 5560 804 5620 succedit
831 5561 923 5619 avari-

150 5694 200 5767 (15
205 5692 222 5767 ¹)
235 5689 283 5749 Sic
295 5689 325 5749 in
340 5685 436 5749 codice
452 5701 459 5741 :
476 5686 558 5745 miser
572 5687 640 5746 aiis.

976 4824 1127 4881 lurdonum
1143 4824 1258 4894 Spiritus
1272 4824 1374 4881 timoris
1396 4824 1517 4895 Domini,
1541 4838 1572 4885 ut
1597 4833 1648 4891 ille
1678 4838 1714 4894 ad
1735 4854 1778 4895 eur

974 4912 1226 4971 veniensvirtutem
1252 4912 1280 4968 in
1296 4929 1328 4969 ao
1355 4922 1480 4972 exerceat
1510 4917 1693 4995 humilitatis,
1722 4943 1778 4998 que

976 5002 1109 5075 superbiae
1123 5002 1248 5057 morbum
1263 5011 1347 5071 sanet,
1364 5011 1494 5073 quatenus
1514 5006 1552 5061 ad
1579 5026 1702 5084 regnum
1729 5032 1779 5072 ωι-

977 5092 1063 5147 lorum
1078 5092 1149 5162 quod
1165 5091 1278 5164 angelus
1300 5091 1433 5162 superbus
1455 5110 1503 5165 per
1520 5095 1676 5158 elationem
1695 5105 1778 5178 perdi·

977 5180 1054 5247 didit,
1072 5181 1153 5235 homo
1170 5180 1279 5234 humilis
1292 5180 1433 5252 peruenire
1445 5183 1541 5251 possit.

1014 5285 1139 5342 Secunda
1153 5286 1246 5358 petitio
1261 5294 1300 5342 est
1319 5294 1412 5344 contra
1429 5288 1574 5362 invidiam,
1591 5312 1649 5366 qua
1662 5296 1775 5357 dicitnr:

981 5400 991 5425 a
1010 5375 1142 5431 adveniat
1156 5391 1270 5447 reguum
1299 5383 1411 5431 tuum.»
1442 5378 1569 5452 Regnum
1580 5384 1777 5456 siquidemllei

977 5470 1049 5526 salus
1063 5471 1267 5535 esthominum,
1297 5471 1361 5541 quia
1389 5478 1451 5528 tunc
1478 5474 1552 5531 Deus
1567 5477 1597 5533 in
1624 5482 1777 5541 bominibus

977 5576 1091 5634 regnare
1106 5559 1211 5631 dieitur,
1228 5559 1335 5631 quando
1349 5558 1401 5632 ipsi
1428 5561 1555 5622 homines
1573 5566 1698 5631 Domine
1715 5570 1776 5631 snb-
