3780 6044
689 219 984 280 DEFLOIIATIONES
1003 222 1054 279 SS.
1075 221 1228 282 uhthuu.

383 686 625 835 LIBRI
697 682 1540 837 DELFLOEATIONUM

579 1147 733 1261 SIVE
789 1145 1331 1262 EXCERPIIONUM

134 1417 185 1482 Ex
200 1417 368 1483 melliflua
383 1415 599 1484 diversorum
615 1418 755 1482 Petrum
771 1417 951 1500 signanter
964 1419 1161 1501 Augustini.
1177 1418 1394 1562 Hierongmi,
1411 1417 1596 1492 Ambrosii,
1610 1417 1779 1498 Gregorii,

226 1497 360 1576 Hilarii,
375 1497 624 1580 Chrysostomi,
642 1498 793 1571 Maximi,
810 1497 987 1580 OrIgenis‚
1005 1499 1168 1581 Remigii,
1186 1499 1304 1563 Cassio
1330 1500 1394 1574 ori,
1411 1497 1523 1575 Bodae,
1543 1496 1682 1562 Alcuini

514 1578 729 1662 aliorumque
744 1578 925 1646 doctorum
939 1579 1211 1647 orthodoxorum
1227 1577 1393 1655 doctrina,

916 1860 1006 1903 SUPER

175 2103 542 2210 EVANGELIA
581 2107 665 2213 DE
704 2107 1001 2214 TEMPORE
1039 2110 1160 2216 PEII
1197 2109 1347 2214 ANNI
1384 2106 1721 2237 CIRCULUII,

720 2381 786 2445 Per
801 2379 1028 2448 reverendum
1046 2381 1184 2446 Patrem

322 2601 849 2745 DOMINUM
903 2602 1556 2745 wennununu

304 2900 430 2942 ΛΙΙΑΊῊ
450 2900 621 2943 honestant!
641 2903 668 2942 S.
692 2899 782 2945 enisu
801 2901 944 2944 marinis
963 2901 999 2942 ΒΤ
1021 2901 1172 2943 eunurrtcts
1191 2901 1220 2942 IN
1238 2900 1326 2942 urunt
1347 2901 1438 2953 stetit,
1459 2888 1574 2944 ORDINIS

620 3107 649 3145 S.
673 3104 832 3161 renotem,
853 3104 1090 3147 consuhhutensrs
1109 3105 1261 3161 DIOEGESIS‚

771 3322 1120 3389 CONSCRIPTARUII

335 3615 375 3680 In
397 3631 562 3683 rhenones
578 3614 762 3699 postiliones
775 3617 995 3698 subsequentes
1008 3618 1278 3698 syntapmatizuti
1292 3619 1357 3681 eive
1370 3616 1555 3699 compositi.

154 4149 281 4221 (titulum
308 4165 389 4223 supra
413 4166 539 4208 recusum
564 4167 595 4207 ex
624 4152 742 4208 editione
770 4148 920 4208 Basileensi
933 4149 998 4207 enni
1018 4152 1096 4219 tihi,
1118 4150 1189 4223 typis
1213 4148 1334 4206 Gothicis
1353 4143 1460 4202 duabus
1479 4142 1612 4200 columnis
1634 4140 1767 4212 impressa

118 4238 285 4294 adverbum
308 4240 518 4311 exscripsImus.
535 4241 653 4297 Litteras
676 4239 793 4295 initiales
812 4239 897 4294 minio
926 4237 1058 4311 effigiatas
1073 4238 1200 4306 exhibet;
1217 4238 1314 4294 desunt
1336 4235 1503 4309 paginarum
1524 4229 1679 4288 numerales
1694 4233 1767 4285 noire

118 4326 252 4383 volumen
266 4334 309 4383 est
323 4328 350 4383 in
363 4328 429 4384 lolio
444 4329 559 4395 minori;
575 4329 680 4384 duabus
703 4329 825 4399 partibus
848 4335 956 4383 constet
980 4327 1006 4383 in
1028 4344 1109 4384 unam
1124 4326 1284 4400 compactis,
1300 4342 1361 4399 qum
1373 4332 1468 4383 tamen
1491 4319 1609 4379 seorsim
1622 4320 1713 4376 lucem
1728 4320 1767 4375 ri·

117 4423 225 4480 derant.
253 4425 381 4481 Werneri
403 4442 547 4483 sermones
568 4428 669 4484 claudit
688 4427 781 4483 notula
801 4425 977 4500 typographi,
1001 4439 1150 4496 suppresso
1170 4432 1261 4480 tamen
1280 4421 1366 4495 ipsius
1387 4419 1520 4476 nomino:
1540 4416 1682 4489 «Explicit
1695 4413 1766 4470 liber

117 4511 333 4569 Dellorationum
348 4515 469 4582 Petrum,
496 4516 608 4572 Basileae
623 4516 771 4586 impressus
785 4530 859 4571 anuo
874 4514 983 4570 llomIni
1004 4513 1072 4568 rtet
1108 4537 1119 4561 ι
1138 4514 1204 4569 Pars
1218 4511 1292 4584 prior
1307 4525 1463 4567 sermonum
1478 4506 1669 4566 collectionem
1684 4519 1764 4561 com-

117 4599 253 4670 plectitur,
268 4602 346 4671 cuius
356 4601 461 4658 initium
477 4604 530 4660 tale
543 4612 602 4659 est:
622 4627 632 4650 ιι
651 4605 785 4676 Incipiunt
800 4619 942 4660 sermones
971 4602 1106 4659 notabiles
1134 4600 1223 4671 valde,
1240 4608 1268 4657 et
1281 4600 1395 4657 multum
1417 4597 1558 4664 formales,
1578 4593 1670 4652 [ratris
1684 4590 1765 4648 Socci

116 4687 220 4744 ordinis
235 4688 432 4757 cisterciensis,
449 4692 483 4748 de
498 4693 609 4758 sanetis,
626 4693 666 4748 sic
680 4692 828 4764 nuncupati
844 4708 905 4747 cum
920 4692 955 4748 de
969 4708 1061 4757 succo,
1074 4690 1101 4747 id
1116 4699 1159 4748 est
1172 4691 1207 4746 de
1221 4689 1343 4747 medulla
1357 4703 1442 4745 sacrm
1452 4685 1561 4759 paginas
1573 4682 1643 4755 stylo
1658 4679 1765 4736 subele-

115 4776 193 4848 ganti
206 4776 419 4849 exquisitissime
435 4780 490 4835 sint
515 4780 633 4837 collecti.
653 4806 664 4829 r
681 4781 793 4852 Legitur
816 4781 850 4836 nd
878 4780 983 4838 calcem
1000 4801 1006 4836 :
1027 4805 1038 4829 u
1055 4781 1203 4837 Sermones
1218 4779 1253 4834 de
1267 4777 1368 4835 sanctis
1381 4774 1501 4832 flosculis
1513 4767 1765 4829 mellifluidocloris

116 4875 205 4929 uncti
219 4874 351 4931 Bernnrdi
365 4892 423 4948 prae
434 4879 542 4933 caeteris
558 4888 694 4950 utcunque
709 4879 844 4944 exornati,
874 4894 890 4934 o
918 4881 1013 4950 capuci
1028 4880 1087 4935 viro
1111 4878 1232 4936 Iohanni
1256 4877 1319 4947 (ric)
1337 4876 1372 4930 de
1387 4873 1550 4943 Griningen
1565 4869 1593 4923 in
1608 4866 1707 4936 inclyta
1722 4864 1766 4918 Ar

115 4962 270 5033 gentinensi
281 4964 391 5020 civitate
401 4965 547 5040 dihgenter
561 4966 701 5034 elaborat,
718 4981 789 5023 anuo
804 4981 820 5021 a
835 4966 935 5024 Christi
950 4968 1088 5024 natiuitate
1099 4969 1176 5034 titt,
1194 4966 1258 5021 Idus
1279 4962 1383 5020 mensis
1408 4960 1520 5033 Aprilis,
1541 4954 1688 5028 expliciunt
1700 4951 1763 5009 teli·

114 5050 197 5108 cilet'.
220 5054 243 5120 ι)
