3780 6038
197 198 250 257 aas
657 196 767 252 Perat
785 198 958 255 dLPllONSl
978 201 1026 256 EX
1045 201 1165 262 JUDAEO
1184 207 1371 265 ehhtsttsh
1794 215 1849 270 580

196 326 273 382 tollit.
290 326 351 394 lpse
367 324 447 379 etiarn
458 324 511 378 hoc
522 321 620 377 malum
632 322 711 376 vohis
727 331 838 392 propter
855 324 990 379 Christum
1004 330 1033 390 A
1085 329 1205 386 Parnes.
1223 332 1287 386 lure
1302 332 1385 404 igitur
1403 350 1468 404 pars
1488 335 1570 391 totius
1597 336 1679 392 dehet
1705 339 1848 408 suscipere

197 415 321 472 evenisse
345 413 501 475 confirmat,
531 411 643 465 dicens:
670 412 733 465 lloec
757 411 827 467 dicit
852 411 994 469 Dominus
1049 430 1159 474 nomen.
1174 420 1319 475 asseratis
1331 438 1382 477 non
1396 423 1600 480 inlerinrcausa
1626 424 1691 496 quia
1719 427 1848 483 videlicet

195 507 283 561 Dens:
294 499 636 576 Supertribussrelerilrus
647 499 995 573 lsr·net,atsupcrquatuor
1047 505 1133 560 lsrael
1149 507 1265 578 populns
1280 508 1341 565 licet
1352 519 1415 577 tunc
1428 512 1505 566 morli
1519 528 1572 568 uon
1588 528 1705 583 corpore
1722 532 1846 586 praesens

195 620 253 659 11011
263 603 426 658 wullenam
437 597 686 669 estmdlfflffl’dlwd
700 597 857 653 vendiderit
875 600 992 664 incarn,
1047 601 1188 672 adfuisset,
1205 606 1295 661 audito
1310 615 1399 662 tamen
1414 609 1487 680 quod
1502 626 1597 665 eorum
1619 611 1742 666 fecerant
1765 615 1843 680 socii,

195 696 444 765 ctpunpercm,pro
455 685 766 754 calceameutis(dmos.
778 687 817 755 u).
828 687 884 742 llcc
896 685 921 742 in
934 686 993 743 loco
1046 701 1186 747 consortes
1203 694 1299 764 culpae,
1317 694 1473 751 laudatores
1487 707 1513 751 et
1527 699 1713 764 consentanei,
1730 708 1757 755 et
1778 717 1845 772 par-

195 786 374 856 puatnnrpro
386 780 484 849 quarto
494 773 727 846 posuit,idemque
737 773 894 829 luitdixisse
908 793 993 849 super
1046 778 1142 851 ticipes
1161 783 1270 838 omnino
1281 784 1343 839 lacti
1358 794 1424 838 sunt
1440 785 1593 842 voluntatis.
1605 787 1734 844 Voluntas
1748 789 1844 862 itaque

193 883 323 950 quatuor,
334 891 414 947 quarn
430 871 575 926 siditisset
592 886 677 942 snper·
693 873 802 942 quarto.
820 866 889 924 Huic
903 869 992 925 simile
1046 866 1085 922 eis
1101 884 1149 938 pro
1163 868 1234 924 facto
1249 880 1289 925 est
1305 873 1468 941 reputanda.

195 967 328 1023 Salomon
344 961 476 1033 pelhibtll·
494 958 634 1023 1116111111,
660 958 808 1012 secundnm
838 957 911 1026 quod
938 958 992 1013 lle-
1080 966 1206 1021 Marsas.
1227 967 1258 1022 El
1274 968 1343 1024 sicut
1357 969 1425 1025 dicis
1441 972 1478 1023 ita
1496 987 1558 1027 esse
1571 972 1734 1038 concedam,
1751 976 1840 1029 lamen

193 1057 327 1111 braeorum
345 1051 406 1106 libri
416 1055 549 1104 testantur
561 1064 567 1100 :
581 1048 644 1103 Trio
657 1050 725 1102 sant
735 1047 991 1118 difficiliumilri,et
1044 1053 1117 1123 quod
1129 1053 1199 1108 liber
1214 1055 1250 1109 ait
1266 1056 1338 1128 quod
1353 1074 1403 1128 pro
1416 1058 1489 1127 justo
1504 1060 1614 1115 vendito
1630 1061 1681 1117 hoc
1706 1061 1747 1116 eis
1768 1063 1843 1120 acci·

191 1157 322 1228 quotuor,
334 1165 395 1224 pan
410 1148 527 1221 penitas
542 1145 721 1217 ignoroll‘ro.
739 1147 819 1215 xxx).
838 1145 866 1200 Si
881 1144 931 1200 tria
946 1145 990 1200 hic
1043 1140 1123 1204 derit.
1136 1144 1169 1198 ad
1181 1143 1265 1199 lsrael
1279 1163 1359 1216 posse
1375 1148 1510 1217 pertinere
1524 1164 1579 1203 noa
1594 1149 1685 1206 video.
1699 1150 1756 1221 lpsi
1770 1152 1841 1207 eninr

190 1247 334 1314 pareest
351 1244 573 1309 qualitorperse
595 1232 746 1302 intelligere
775 1233 854 1302 velis,
885 1243 989 1305 septem
1043 1239 1371 1314 christumquemdicjs¹
1389 1261 1443 1300 non
1467 1247 1633 1314 vendidisse,
1661 1248 1712 1304 sed
1740 1256 1841 1304 mulum

191 1332 265 1386 licut.
281 1329 342 1398 lpse
358 1334 511 1380 autemnon
528 1323 582 1376 nisi
596 1329 710 1393 quatuor
725 1331 858 1391 numerat,
884 1338 944 1394 quae
959 1338 988 1377 se
1043 1330 1280 1388 aludalscariote
1293 1334 1421 1406 leguntur
1436 1335 1536 1391 emisse
1547 1337 1658 1405 (natta.
1674 1339 1840 1400 xur1;Lac.

189 1429 333 1500 ignorasse
349 1423 482 1477 insinuat.
503 1421 577 1490 Ergo
603 1429 710 1491 oportet
735 1428 762 1474 nt
791 1424 912 1492 quatuor·
939 1435 988 1490 pro
1042 1433 1121 1481 ιιιιις
1139 1421 1288 1485 starent.

190 1518 291 1590 pannio
306 1512 479 1582 arripiamus.
497 1509 542 1565 Sic
556 1518 582 1563 et
598 1510 625 1562 in
641 1509 694 1565 hoc
710 1509 845 1579 propheta
861 1518 902 1563 est
919 1508 986 1563 acci·
1077 1518 1199 1575 Parcus.
1230 1519 1352 1590 OhJ'ectio
1389 1527 1435 1577 tua
1464 1539 1536 1578 nana
1565 1523 1678 1580 rationis
1722 1524 1842 1580 {unimur

189 1605 319 1677 piandus.
339 1602 499 1656 llocantem
516 1607 639 1669 quartum
656 1598 746 1653 scelus
775 1603 826 1662 est,
858 1605 886 1651 ut
914 1596 987 1652 illico
1040 1607 1168 1673 anchora,
1195 1609 1257 1680 quia
1295 1610 1340 1682 qui
1376 1619 1405 1665 ut
1433 1612 1556 1667 Christus
1584 1613 1751 1669 venderetur
1774 1630 1841 1671 coa-

189 1703 288 1770 suhdit,
300 1704 366 1773 pain
377 1698 563 1756 uendiderunt
574 1700 689 1769 arpenta
695 1698 809 1768 justum
832 1697 923 1761 ternos
936 1699 980 1766 u).
1001 1672 1026 1731 B
1041 1711 1150 1750 seusam
1161 1698 1344 1770 auxiliumque
1360 1701 1552 1767 adhibuerunt,
1567 1717 1623 1757 non
1646 1702 1738 1758 minus
1762 1721 1841 1777 quant

189 1787 276 1858 Quem
291 1785 392 1841 scilicet
404 1785 516 1853 justum,
533 1780 669 1836 Christum
685 1779 798 1850 intelligi
814 1780 948 1834 convenit.
1040 1794 1062 1848 εἰ
1078 1795 1131 1865 iij
1148 1796 1336 1852 vendidissent
1351 1796 1441 1853 scelus
1455 1799 1626 1855 incurrerunt
1636 1802 1726 1866 (Rom.
1744 1808 1776 1871 Ι).
1787 1803 1841 1858 ΝΘ.

223 1887 346 1940 1101535·
368 1882 470 1936 1d⁰¹¹0³
484 1888 510 1934 el
524 1879 609 1949 digna
625 1877 705 1931 ¹³¹¹(st
721 1877 865 1948 hucusque
877 1876 985 1931 dixeras
1040 1899 1092 1952 que
1105 1883 1177 1939 enim
1193 1897 1218 1939 et
1231 1885 1359 1940 Salomon
1372 1886 1442 1941 idola
1461 1886 1615 1954 fabricavit,
1629 1889 1678 1944 sed
1695 1891 1760 1961 qrria
1770 1906 1837 1946 uxo·

187 1973 287 2041 Omnia,
304 1971 356 2026 ”lsi
385 1972 455 2024 *¹⁸⁰⁰
483 1965 896 2047 lsslLOdllllsseS³¹¹010ll¹³l⁰mt
926 1981 986 2036 <1ssae
1040 1972 1150 2027 ribuset
1164 1974 1323 2029 concubinis
1340 1975 1538 2031 fabricantibus
1554 1980 1839 2050 assensumprrebuit,

185 2062 261 2119 nulla
275 2059 401 2117 consistit
417 2057 531 2121 ratione,
548 2055 685 2126 precipue
700 2070 760 2109 cum
785 2054 868 2108 multa
892 2061 985 2109 contra
1039 2076 1100 2114 epm
1116 2061 1261 2118 suspicasse
1277 2063 1365 2118 ripe„
1379 2064 1444 2119 (ιιοιι
1459 2065 1513 2135 (m
1527 2067 1588 2137 ηερ,
1606 2070 1662 2137 ῃ).

185 2163 238 2217 hoc
252 2159 336 2232 objici
352 2157 457 2229 possint
471 2155 598 2209 adversa.
610 2153 704 2207 Plures
719 2151 791 2207 enim
803 2160 865 2206 ante
877 2160 986 2207 terete·
1074 2159 1197 2215 hlnrsas.
1216 2159 1288 2216 Licet
1307 2159 1333 2214 in
1350 2162 1512 2232 supradictis
1524 2179 1617 2218 rerum
1634 2163 1721 2219 fatear
1743 2174 1770 2221 te
1797 2166 1837 2221 di.

186 2274 232 2313 res
247 2258 318 2311 hunc
333 2253 458 2309 eumdem
474 2248 638 2305 versiculum
655 2256 750 2304 contra
765 2245 874 2302 iudans
889 2247 916 2300 in
941 2255 983 2302 le·
1039 2245 1120 2311 risse,
1138 2249 1210 2302 nulla
1225 2257 1316 2304 tamen
1332 2252 1483 2306 necessitas
1503 2268 1549 2307 me
1579 2253 1654 2325 cogit
1683 2255 1836 2310 concedere

186 2345 343 2402 stimonium
358 2340 496 2413 protulere
510 2337 677 2409 frequenter,
690 2336 738 2390 sed
750 2335 916 2391 nullatutari
932 2352 983 2406 po·
1038 2336 1109 2391 hunc
1120 2337 1222 2404 justum
1235 2338 1371 2393 Christum
1382 2338 1497 2412 intelligi
1506 2350 1643 2413 oportere.
1657 2357 1720 2398 curn
1735 2342 1836 2415 loseph

185 2451 292 2499 luerunt
307 2441 425 2496 ratione.
445 2437 498 2492 Sed
513 2446 538 2490 te
567 2434 729 2506 prudentem
755 2434 840 2488 virum
868 2433 983 2489 uictima
1037 2449 1105 2488 sano
1120 2435 1257 2492 intellectu
1273 2437 1369 2491 dehent
1384 2438 1482 2507 accipi,
1498 2455 1579 2511 quem
1595 2439 1695 2495 iratres
1722 2440 1765 2496 sui
1795 2442 1836 2496 tri-

185 2533 271 2589 miror
286 2540 340 2585 lam
358 2527 437 2582 rilem
453 2523 635 2580 introduxisse
650 2523 793 2586 rationem,
806 2538 866 2593 quae
881 2521 982 2577 nullius
1036 2522 1110 2595 ginta
1124 2525 1261 2595 argenteis
1276 2526 1427 2582 vendidere
1446 2528 1529 2593 (Gen.
1547 2539 1674 2599 xxxvtt.)

184 2618 321 2677 firmitatis
334 2617 507 2673 [laudamento
522 2613 630 2676 insidat,
649 2611 798 2679 praesertim
814 2627 876 2667 curn
891 2611 983 2666 omnia
1071 2613 1195 2667 Parcus.
1216 2613 1360 2684 Siloseph
1388 2616 1519 2672 voluisset
1547 2616 1663 2690 intelligi
1688 2620 1831 2691 propheta,

184 2736 245 2792 quae
261 2722 355 2774 contra
373 2716 426 2771 hoc
441 2714 493 2769 dici
511 2712 625 2777 valeant,
643 2709 701 2781 ipse
715 2709 816 2780 optime
832 2709 914 2765 scias.
1036 2726 1084 2780 per
1095 2711 1207 2778 justum,
1224 2728 1278 2768 non
1294 2722 1429 2784 quartum,
1446 2715 1495 2769 sed
1510 2716 1600 2786 potius
1614 2717 1732 2787 primurn
1750 2719 1833 2773 dixis·

219 2811 338 2863 Partus.
356 2803 539 2860 Considamus
554 2815 649 2856 omues
666 2799 712 2871 qui
727 2806 792 2853 ante
807 2814 851 2853 me
866 2798 935 2851 hanc
955 2796 980 2851 in
1036 2807 1077 2855 set
1092 2809 1241 2870 precatum.
1258 2801 1408 2857 llludeuim
1422 2804 1496 2873 prius
1512 2806 1678 2861 commisere
1693 2807 1831 2872 delictum,

181 2897 291 2954 Judaeos
307 2904 378 2950 recte
395 2891 503 2964 quidem
533 2887 676 2944 induxisse
704 2886 901 2951 anctoritatem,
932 2885 981 2940 scd
1035 2889 1235 2961 propterquod
1252 2899 1345 2959 postes
1362 2892 1511 2947 Pharaonis
1527 2902 1589 2947 sunt
1611 2895 1684 2963 passi
1713 2895 1832 2951 durigst.

181 2993 313 3051 ludaicas
327 2990 497 3060 objectiones
508 3002 562 3041 uon
578 2983 742 3040 sufficienter
758 2998 809 3039 aec
824 2991 918 3052 aperte
933 2983 981 3037 dc·
1036 2977 1208 3049 rnrrrnjugnm
1221 2979 1322 3049 (deod.
1335 2982 1395 3049 ιιιι).
1405 2981 1459 3037 Sed
1468 2999 1531 3037 cum
1542 2983 1700 3053 proeuitentia
1710 2994 1829 3054 peracta,

182 3071 979 3143 struxissedicuntur,exindustriainpraesentilocoeam-
1031 3073 1090 3147 jam
1105 3075 1416 3148 sintliherntiapoena,
1433 3095 1517 3151 quare
1545 3079 1580 3137 de
1603 3080 1711 3138 indulto
1740 3099 1831 3139 rursus

181 3173 245 3227 dem
259 3168 362 3236 induxi,
378 3176 407 3221 ut
421 3181 516 3221 omnes
530 3179 591 3234 qnae
605 3159 663 3216 lieri
679 3168 790 3231 possunt
808 3159 980 3231 objectiones
1033 3165 1212 3220 criminentur
1227 3176 1340 3236 peccato
1355 3169 1369 3222 ‘t

181 3264 436 3336 utmeliuspoteris
467 3260 562 3327 iacias,
587 3267 614 3314 et
642 3274 736 3314 earum
766 3257 979 3312 destructionem
1069 3263 1192 3317 ltlotrsss.
1207 3263 1239 3318 Et
1255 3265 1278 3318 si
1293 3264 1442 3321 defendere
1457 3283 1565 3340 nequeo
1586 3267 1621 3324 de
1648 3271 1757 3341 loseph
1782 3272 1829 3327 hoc

180 3365 282 3412 mutata
298 3355 356 3409 vice
376 3350 523 3421 suscipias.
1032 3344 1130 3402 dictirm
1147 3346 1240 3415 luisse,
1257 3357 1373 3405 attamen
1390 3349 1424 3406 de
1437 3352 1491 3407 alio
1506 3353 1628 3424 quolibet
1637 3355 1714 3423 justo
1729 3354 1828 3412 dictum

216 3464 339 3519 hlousas.
355 3461 413 3515 Iloc
427 3457 541 3528 primum
552 3454 644 3510 verbis
669 3461 743 3509 recte
765 3452 849 3524 objici
877 3460 976 3523 potest,
1033 3458 1096 3500 esse
1111 3461 1224 3515 possum
1239 3461 1377 3503 asserere.

179 3563 242 3634 quia
256 3562 350 3617 dicens
364 3558 510 3630 propheta,
525 3570 610 3626 snper
621 3554 710 3609 tribus
720 3551 977 3616 sceleribus,statirn
1069 3548 1176 3602 Parnes
1202 3548 1345 3619 Indignum
1355 3550 1574 3607 necrationabile
1590 3569 1652 3608 esse
1665 3553 1785 3622 videtur,
1801 3561 1829 3609 ut

180 3644 577 3721 subjunxit,osteudensquod
606 3642 689 3697 lsrael
714 3642 765 3696 tria
791 3640 838 3696 illa
865 3648 977 3711 peccata
1030 3651 1095 3691 cum
1113 3644 1215 3691 tantum
1230 3638 1333 3693 crimen
1345 3639 1378 3692 sit
1392 3640 1465 3710 quid
1490 3639 1660 3713 indulgentia
1684 3644 1760 3698 nulla
1781 3661 1825 3699 se-

179 3739 358 3804 commiserit,
375 3736 510 3792 Christum
526 3742 617 3788 autem
639 3746 719 3803 quem
747 3745 798 3784 vos
824 3728 976 3801 intelligere
1030 3734 1126 3798 quatur
1141 3734 1250 3796 propter
1264 3727 1336 3798 quod
1350 3727 1442 3782 divina
1454 3729 1586 3783 sententia
1598 3730 1624 3784 in
1640 3739 1727 3786 totum
1745 3734 1829 3789 lsrae-

179 3841 270 3903 vultis,
288 3853 341 3892 non
357 3833 453 3896 lsrael,
470 3832 519 3887 sed
534 3830 600 3885 luda
616 3828 728 3884 occidit.
1030 3820 1063 3877 lis
1078 3823 1218 3888 desaeviat,
1235 3824 1375 3894 pupulum,
1396 3824 1470 3880 illius
1490 3828 1596 3882 celetur
1625 3843 1656 3883 ac
1686 3829 1827 3902 ignoretur

215 3924 460 3984 Patans.Nulluru
477 3930 520 3976 tua
535 3919 651 3987 obiectio
667 3917 766 3989 ingerit
794 3915 974 3986 impedimen·
1029 3927 1147 3982 persona
1162 3912 1189 3966 in
1204 3929 1284 3983 quem
1301 3913 1366 3967 illud
1384 3914 1431 3969 luit
1446 3915 1606 3982 admissum,
1622 3917 1737 3983 insuper
1766 3935 1824 3975 cum

177 4011 507 4082 tumtnihi,cumomnia
530 4007 749 4080 frequentissime
772 4013 904 4061 testentur
924 4020 973 4059 vo·
1028 4009 1119 4055 reatus
1142 4001 1192 4055 iste
1223 4001 1250 4055 in
1279 4002 1393 4057 llehraeo
1417 4020 1545 4060 sermone
1574 4005 1622 4059 tali
1656 4007 1827 4064 describatur

175 4117 279 4173 lumina
295 4129 344 4185 pro
357 4111 427 4167 Jnda
442 4108 524 4164 lsrael
538 4107 616 4178 poni.
1027 4096 1171 4162 vocabulo,
1187 4099 1267 4170 quale
1283 4099 1433 4167 imponitur
1448 4101 1485 4155 illi
1501 4101 1547 4174 qui
1561 4105 1705 4175 negaverit
1722 4107 1821 4161 Deum.

212 4213 335 4266 Marsas.
352 4208 387 4263 Ut
401 4204 504 4260 asseris
517 4202 554 4256 ita
568 4218 629 4257 esse
645 4216 700 4255 non
714 4198 833 4270 ambigo.
846 4197 900 4254 Sed
911 4213 972 4253 cum
1028 4186 1153 4241 Venditio
1167 4196 1258 4242 autern
1272 4188 1359 4244 ludaei
1376 4205 1429 4244 ιιοιι
1445 4199 1568 4262 aequatur
1592 4193 1733 4262 negationi
1760 4197 1822 4251 Dei.

176 4307 320 4373 peccatura
344 4296 414 4350 luda
443 4308 525 4363 supra
553 4291 687 4357 retulerit,
711 4297 737 4344 et
770 4294 972 4357 consequenter
1027 4273 1080 4331 Sed
1098 4275 1148 4346 ipsi
1178 4277 1259 4331 talem
1292 4294 1323 4332 ac
1350 4287 1452 4333 tantum
1480 4279 1662 4335 vendiderunt
1688 4284 1825 4340 hominem

176 4386 286 4445 Israelis
297 4393 436 4457 peccatum
448 4381 628 4449 subjunxerit,
645 4377 713 4434 satis
734 4375 880 4432 innotescit
899 4374 972 4446 quod
985 4389 1012 4450 [J
1026 4371 1160 4428 Christum
1176 4373 1307 4430 videlicet
1322 4373 1420 4430 Filium
1436 4375 1498 4444 Dei,
1514 4377 1587 4448 quod
1602 4378 1629 4432 in
1654 4380 1738 4451 culpa
1767 4388 1826 4437 snut

176 4493 318 4559 peccatum
335 4479 420 4537 lsrael
435 4495 451 4534 a
465 4483 577 4550 peccato
592 4474 662 4529 luda
677 4473 752 4528 aliud
767 4472 815 4528 sit.

211 4577 330 4631 namus.
343 4571 402 4628 Nec
415 4570 467 4624 hoc
481 4582 550 4622 rneae
566 4565 657 4621 obstat
684 4560 793 4617 rationi.
826 4563 972 4618 Peccatum

175 4655 522 4735 enimqnodtantummodc
533 4654 603 4709 luda
616 4652 727 4718 lecerat,
745 4658 887 4722 peccatum
901 4648 915 4705 J
920 4648 974 4704 uda

175 4761 303 4835 appellat,
320 4756 392 4830 quod
407 4764 496 4809 autem
524 4752 595 4806 luda
620 4748 702 4804 simul
730 4747 794 4804 lecit
821 4755 849 4803 et
875 4745 971 4812 lsrael,

174 4858 319 4925 peccatum
334 4852 448 4903 vocatur
463 4841 560 4898 lsrael.

210 4948 330 5002 Marsas.
347 4944 415 4999 Cum
432 4940 541 4996 lsraelis
562 4935 680 5009 populus
704 4941 776 4990 totus
802 4949 851 5003 per
876 4947 971 4989 omnes

174 5040 263 5089 terras
273 5029 386 5090 divisus,
403 5024 576 5080 Hierusalem
592 5030 692 5076 terram
704 5034 876 5091 nequaquam
899 5018 971 5073 inco·

174 5122 243 5177 leret
258 5118 311 5172 illis
328 5115 501 5186 temporibus,
522 5126 639 5184 quonam
655 5109 737 5164 modo
758 5107 854 5162 mortis
869 5106 971 5161 Christi

173 5207 270 5264 haberi
285 5205 370 5277 potuit
385 5203 477 5258 reusl

209 5307 328 5361 Partus.
342 5300 535 5372 Nunquidnam
549 5313 636 5370 negas
659 5313 720 5353 curn
750 5295 818 5351 Jude
840 5311 969 5367 magnam

174 5405 295 5462 illiorum
309 5399 452 5468 Beniamin
464 5406 492 5453 et
505 5399 569 5453 Levi
592 5405 697 5469 partem
721 5404 788 5452 tunc
813 5395 969 5467 Hierosoly-

173 5496 226 5552 mis
240 5493 324 5549 luisse
338 5491 353 5543 ‘l

207 5597 329 5651 hossas.
346 5585 426 5658 Quod
440 5594 541 5643 certum
557 5584 682 5644 omnihus
697 5593 749 5653 est,
774 5600 878 5658 negare
907 5582 968 5657 quis

170 5685 271 5745 audeat
283 5684 298 5738 ‘l

1026 4478 1109 4534 pares
1124 4463 1209 4518 Deum
1226 4471 1374 4537 negantes.

1063 4558 1191 4613 hlorsas.
1210 4558 1335 4629 Quatuor
1360 4559 1422 4615 volo
1449 4561 1578 4616 ostendas
1605 4571 1732 4631 peccata,
1763 4580 1823 4638 qua

1027 4657 1117 4714 omnia
1131 4663 1242 4728 pateant
1257 4656 1292 4710 ad
1307 4657 1393 4711 Deum
1407 4673 1510 4728 negare
1524 4674 1587 4714 esse
1601 4661 1733 4731 aequalia.

1063 4747 1183 4801 Parnes.
1201 4743 1282 4814 Quod
1297 4744 1365 4801 liber
1379 4746 1461 4802 tacuit
1475 4762 1526 4818 ego
1541 4748 1764 4820 ncscioaperire,
1774 4749 1820 4806 sed

1026 4845 1141 4902 forsitan
1155 4846 1274 4913 primurn
1289 4843 1338 4900 suit
1352 4853 1503 4915 peccatum,
1520 4862 1582 4901 cnm
1597 4846 1624 4900 in
1640 4863 1737 4904 eremo
1751 4851 1823 4905 vitu·

1026 4933 1082 4990 lum
1096 4933 1260 4990 conflatilem
1275 4950 1324 5004 pro
1342 4935 1398 4989 Deo
1412 4934 1558 4989 adorarunt
1582 4936 1685 5005 (Enod.
1714 4940 1818 5005 xxxii),

1026 5023 1053 5078 ia
1070 5040 1124 5095 quo
1140 5022 1212 5078 iacto
1227 5022 1294 5078 satis
1309 5038 1402 5077 verum
1419 5024 1503 5078 Deum
1520 5033 1701 5096 negaverunt,
1720 5035 1750 5082 et
1762 5028 1823 5100 quia

1024 5122 1076 5177 hoc
1092 5129 1233 5191 peccatum
1253 5120 1285 5174 ab
1307 5120 1437 5175 omnihus
1464 5129 1505 5175 est
1533 5129 1730 5192 perpetratum,
1760 5124 1820 5179 idco

1023 5208 1379 5266 cornmuneluitomnium.
1398 5209 1556 5264 Secundum
1584 5217 1626 5265 est
1652 5211 1682 5266 in
1711 5229 1767 5284 quo
1795 5221 1822 5268 et

1023 5301 1110 5355 Deum
1126 5299 1250 5353 similiter
1265 5306 1445 5368 negaverunt,
1459 5307 1485 5353 et
1513 5314 1609 5354 omnes
1636 5301 1822 5356 communiter

1022 5404 1216 5466 peccaverunt,
1232 5396 1341 5467 qnando
1356 5395 1483 5452 videlicet
1499 5395 1643 5451 leroboam
1662 5397 1762 5454 vitulos
1781 5398 1820 5453 si·

1024 5486 1102 5541 miles
1118 5484 1267 5549 fabricarit,
1284 5488 1310 5539 et
1326 5485 1360 5538 ab
1388 5484 1515 5540 omnibns
1541 5483 1654 5540 adorari
1683 5485 1821 5543 constituit

1023 5574 1149 5646 (lllllap.
1169 5573 1232 5643 ιιιι).
1252 5572 1478 5628 Tertiumautem
1507 5590 1567 5628 cum
1589 5574 1638 5629 [lei
1670 5577 1820 5647 prophetas

1022 5670 1143 5730 universi
1158 5674 1252 5728 eadem
1269 5671 1408 5728 voluntate
1422 5671 1737 5740 northmannensis
1748 5673 1820 5731 dicta
