3780 6038
113 221 168 277 557

863 217 1019 276 DlALOGl.

1712 227 1764 283 558

116 346 249 401 antemio
266 360 298 400 eo
313 345 402 400 anima
421 343 585 401 universalis
612 352 637 398 et
661 342 774 398 materia
795 341 913 398 inveniri
927 345 955 407 Α
972 352 1034 398 snnt
1048 344 1075 399 in
1087 361 1120 401 eo
1135 345 1285 417 composuit
1302 355 1327 403 ει
1341 347 1431 403 nullus
1450 347 1520 405 alins
1535 364 1624 404 rarum
1647 364 1764 424 compo·

112 435 214 506 possit,
235 435 369 508 quomodo
380 437 439 504 ipsa
455 435 508 487 sint
524 433 622 503 simpla
637 432 742 488 nescio.

153 546 271 600 Paratus,
306 543 451 613 Quomodo
475 540 675 596 firmamentum
705 542 847 612 probatum
872 548 913 596 est

114 651 178 690 esse
204 633 398 704 compositum,
424 633 581 688 necessario
605 631 774 686 concluditur
794 631 912 701 aliquam

114 739 178 778 esse
206 721 346 777 materiam
363 722 397 776 de
418 736 469 791 qtra
489 721 669 790 compositum
694 719 738 784 sit,
767 728 793 774 ut
815 720 912 786 lectus,

114 814 195 881 cujus
220 820 262 865 est
285 809 401 864 materia
423 808 537 880 lignum,
558 808 599 862 rel
623 808 758 872 cultellus,
782 808 858 875 enjus
873 818 912 862 est

113 898 229 955 materia
247 898 358 953 serrum.
379 897 456 951 Hanc
475 905 564 951 autem
589 896 729 951 materiam
744 894 913 950 firmamento

114 988 286 1058 simpliorem
298 1003 359 1043 esse
371 1002 485 1041 neeesse
501 995 550 1051 est,
563 985 793 1056 ‹puemadmorlnm
809 985 913 1057 lignum

113 1077 197 1142 lecto,
216 1084 241 1131 et
258 1076 359 1130 ferrum
384 1074 496 1129 cultello
518 1074 642 1143 simplius
665 1081 716 1127 est.
733 1075 765 1128 Et
779 1073 912 1145 quoniam

113 1165 205 1221 onrais
217 1164 333 1220 materia
348 1163 408 1233 ipso
424 1162 496 1234 quod
512 1163 546 1217 de
567 1178 601 1217 ea
618 1162 717 1217 lactum
733 1170 776 1217 est
791 1161 914 1232 simplior

113 1259 167 1318 est,
185 1270 235 1309 nec
252 1253 334 1308 babet
350 1253 375 1306 in
388 1268 417 1307 se
433 1251 547 1306 formam
564 1251 606 1305 vel
621 1251 767 1323 imaginem
784 1251 824 1305 sui
839 1267 914 1306 corn·

115 1343 210 1414 positi,
240 1351 313 1413 patet
333 1340 496 1395 firmamenti
521 1340 662 1394 materiam
688 1340 788 1393 nnllam
813 1355 914 1409 corpo-

114 1448 193 1487 ream
209 1432 236 1485 in
253 1448 284 1485 se
295 1430 409 1486 formam
420 1429 533 1496 lrabere,
549 1437 576 1483 et
590 1428 651 1482 ideo
662 1429 772 1483 omnino
787 1427 913 1498 simplam

115 1537 192 1576 esse.
214 1518 293 1588 Quod
311 1519 333 1572 si
348 1519 470 1572 dieamus
498 1517 524 1571 in
553 1532 585 1571 ea
607 1517 709 1588 aliquid
733 1518 913 1588 rompositutn

114 1636 188 1683 osse,
204 1618 287 1672 al'am
303 1631 365 1669 esse
375 1614 516 1669 materiam
528 1613 561 1667 de
572 1628 625 1684 qua
640 1613 792 1682 composita
804 1614 837 1665 sit
852 1628 915 1668 esse

115 1731 232 1770 necesse
248 1720 299 1777 est,
315 1729 377 1783 quae
392 1719 417 1766 ει
429 1710 553 1780 simplior
563 1710 606 1762 sit.
617 1710 671 1764 Sed
686 1716 712 1763 et
729 1709 803 1763 illam
817 1709 914 1765 dicen·
931 1703 955 1764 B

115 1815 157 1859 tes
178 1803 367 1872 compositam,
400 1800 479 1853 aliam
505 1797 651 1852 fatebimur
672 1798 840 1868 simpliorem
864 1800 915 1852 lta·

119 1892 188 1948 bere
211 1890 365 1954 materiam,
393 1898 420 1943 et
444 1889 483 1943 sic
498 1887 524 1940 in
549 1885 692 1940 infinitum.
716 1885 792 1954 Quod
809 1888 917 1941 ntrite-

115 1998 190 2051 mas,
206 1995 321 2035 neeesse
346 1985 388 2033 est
413 1983 441 2030 ut
466 1977 608 2031 materiam
626 1975 697 2029 illam
714 1977 840 2044 simplam
856 1991 918 2030 esse

116 2072 266 2127 fateamur.
287 2067 361 2122 Ecce
385 2066 529 2136 probatum
555 2065 620 2118 satis
641 2074 682 2118 est
707 2065 732 2117 in
749 2063 919 2118 firmamento

121 2160 275 2221 materiam,
292 2164 319 2210 et
332 2155 420 2225 ipsam
443 2152 567 2223 simplam
590 2168 661 2207 esso.
679 2155 804 2206 Animam
828 2162 919 2207 autem

120 2249 147 2303 in
165 2247 265 2302 eodem
279 2244 371 2299 taliter
389 2242 570 2305 inveniemus,
595 2242 659 2313 quia
688 2242 794 2298 scilicet
822 2240 920 2296 sormoe

120 2337 176 2392 illae
193 2335 293 2406 quibus
308 2333 368 2403 ipsa
382 2331 496 2386 materia
512 2339 553 2385 est
570 2331 724 2396 informata,
742 2347 795 2386 non
810 2339 921 2401 propter

121 2426 216 2479 solum
232 2423 356 2493 corporis
379 2421 606 2491 complementum
621 2419 699 2474 luctae
722 2430 796 2475 sunt.
817 2421 921 2475 Formae

122 2523 197 2579 enim
213 2520 325 2576 duobus
342 2519 431 2573 modis
445 2518 580 2572 dicuntur.
594 2516 665 2572 Aliae
680 2517 750 2571 enim
763 2519 849 2572 solum
863 2534 922 2573 cor-

122 2611 201 2683 poris
215 2608 364 2664 ostendunt
379 2607 536 2671 terminum,
563 2614 593 2659 ut
621 2604 796 2678 triangulatio
818 2606 860 2661 rel
875 2622 921 2660 ro·

122 2700 257 2761 tanditas,
273 2697 317 2753 rel
329 2697 457 2767 quaelibet
471 2696 524 2750 alia
538 2693 645 2767 figura;
662 2695 688 2749 in
704 2695 793 2765 lapide
808 2695 841 2749 ad
857 2694 923 2748 nilril

124 2798 179 2852 alia
193 2797 296 2860 valant,
314 2795 365 2848 nisi
382 2794 454 2865 quod
477 2793 563 2863 ipsius
587 2792 711 2863 corporis
732 2791 847 2863 liguram
863 2791 922 2847 effi·

121 2888 207 2943 ciunt.
233 2884 303 2940 Alite
316 2899 383 2939 vero
404 2891 430 2938 et
458 2898 556 2953 eorpus
576 2882 720 2936 inlnrmant
735 2890 760 2936 et
774 2881 807 2936 ad
825 2896 923 2952 quam-

123 2985 186 3039 dam
204 2982 347 3037 utilitatem
366 2989 459 3034 natura
475 2990 591 3052 cogente
607 2980 711 3035 habiles
725 2981 802 3036 laetae
826 2980 922 3033 viden-

123 3083 177 3137 tur,
190 3080 219 3127 ut
234 3072 309 3126 auris
325 3072 411 3124 lorma
427 3071 462 3123 atl
486 3068 662 3134 audiendum,
679 3068 750 3125 oculi
766 3070 800 3124 ad
824 3069 921 3123 riden—
939 3054 963 3117 C

123 3159 201 3220 dum,
216 3164 243 3211 et
257 3155 376 3228 singulae
404 3155 518 3209 aliorum
542 3154 727 3209 membrorum
743 3156 835 3209 lormae
853 3161 922 3223 aptae

123 3255 188 3302 aunt
204 3246 238 3300 ad
255 3261 335 3299 auum
353 3243 484 3299 officium.
505 3245 571 3298 ltetn
586 3242 673 3297 lorma
688 3243 789 3298 cultelli
803 3243 838 3297 ad
853 3243 921 3297 inei·

122 3343 257 3407 dandum,
275 3355 359 3396 serrae
372 3340 406 3394 ad
423 3339 595 3404 serrandum,
613 3339 691 3392 rastri
701 3354 809 3410 quoque
824 3338 922 3393 habilis

121 3440 164 3488 est
177 3431 214 3486 ad
229 3429 398 3485 fodiendum.
424 3429 457 3482 Et
473 3427 600 3498 quoniam
616 3427 731 3482 matoria
747 3428 837 3482 varias
848 3427 874 3481 in
890 3443 922 3482 se

122 3543 195 3601 quas
220 3541 358 3596 nunqnam
382 3524 516 3578 habuerat
545 3523 650 3579 noviter
670 3523 770 3580 formas
789 3524 919 3594 suscepit,

121 3625 231 3673 constat
245 3616 311 3687 quia
322 3631 368 3668 eas
388 3630 441 3667 non
460 3629 496 3667 ert
512 3630 552 3677 se,
568 3614 616 3667 sed
632 3613 743 3668 alterius
767 3612 807 3667 rei
821 3613 920 3681 adjun-

120 3708 212 3762 ctione
228 3719 288 3773 unae
309 3712 336 3757 at
360 3703 450 3771 potior
466 3712 492 3755 et
507 3702 630 3772 simplior
654 3703 687 3755 sit
701 3702 803 3768 babuit,
819 3716 879 3772 quae
893 3701 920 3754 in

121 3810 152 3850 se
168 3794 292 3849 diversas
308 3799 334 3845 et
360 3793 461 3845 lormas
488 3798 515 3845 et
542 3791 676 3861 imagines
701 3790 771 3854 lecit,
801 3790 920 3843 maxime

119 3890 540 3953 enmnuttanecesntasesset,
571 3897 599 3942 ut
631 3891 696 3942 tales
724 3887 751 3941 in
775 3886 920 3941 uellerent

121 3981 222 4037 lormae
237 3978 440 4049 relinragines.
471 3977 524 4031 Sed
548 3978 599 4031 hoc
624 3977 712 4048 magis
736 3993 768 4030 ex
783 3976 920 4031 desiderio

121 4079 283 4135 factumest
298 4076 417 4130 animm:
433 4091 494 4145 qum
523 4074 607 4128 voluit
633 4075 803 4130 commisceri
819 4073 865 4128 lali
880 4073 918 4127 rei

121 4177 321 4246 cuinunquam
355 4174 439 4226 luerat
466 4172 605 4227 commista
635 4172 715 4226 simul
743 4181 768 4226 et
789 4171 920 4242 congluti·
1008 4223 1013 4234 ,

120 4274 196 4329 nata,
213 4281 245 4319 er
258 4278 329 4318 nora
343 4263 533 4318 commistione
549 4263 628 4315 novis
643 4270 683 4316 est
701 4262 813 4315 materia
824 4261 919 4315 tbrmis

120 4364 276 4420 informata.
293 4361 426 4431 Quoniam
442 4360 525 4431 igitur
541 4360 741 4415 firmamentum
756 4376 818 4415 cum
833 4375 918 4414 ornin-

122 4454 175 4509 bua
190 4468 250 4525 quae
263 4449 572 4521 possidetcompositnm
584 4449 732 4504 seeundum
744 4447 921 4519 philosophos

122 4558 179 4599 non
203 4539 356 4606 dubitatur,
380 4553 494 4593 necesse
516 4545 558 4592 est
581 4545 609 4592 ut
632 4537 795 4608 principium
820 4537 922 4590 habere

122 4638 266 4698 credatur.
288 4636 376 4692 Omne
402 4636 473 4690 enim
501 4635 681 4704 compositum
704 4635 814 4707 aliquod
839 4632 922 4687 babet

121 4737 300 4811 principium.
321 4735 378 4790 lloc
397 4734 479 4806 igitur
503 4734 584 4788 modo
612 4741 686 4804 patet
709 4733 840 4787 mundum
861 4748 922 4787 esse

122 4835 259 4884 creatum.
297 4823 385 4879 Omne
413 4830 502 4876 autem
529 4822 708 4892 compositum
738 4838 851 4877 necesse
880 4828 922 4875 esi

122 4915 338 4985 compositorem
354 4911 465 4965 babere.
480 4910 574 4981 Neque
589 4911 659 4964 enirn
674 4910 775 4981 aliquid
789 4926 819 4964 se
834 4911 920 4980 ipsum

122 5020 217 5086 potest
229 5025 411 5080 componere,
428 5007 579 5078 eodemque
600 5008 681 5062 modo
704 5024 785 5062 omne
801 5014 919 5063 creatum

122 5118 280 5168 creatorem
295 5107 399 5162 habero
415 5120 528 5161 necessa
544 5114 597 5160 est.
616 5105 689 5159 Nihil
712 5105 783 5158 enirn
800 5103 921 5176 seipsum

124 5214 217 5281 potest
227 5220 336 5260 creare.
349 5202 506 5258 Creatorem
522 5203 604 5274 igitur
619 5201 712 5256 mundi
727 5200 771 5273 qui
788 5202 862 5256 Deus
878 5202 922 5256 di-

126 5296 202 5354 citur
216 5310 279 5350 esse
294 5308 409 5349 neeesse
425 5299 475 5346 est.
876 5306 889 5331 ι

162 5417 291 5472 Marsas.
310 5412 493 5469 Adversarius
514 5413 596 5487 igitur
617 5416 741 5473 insistere
754 5418 865 5489 poterit,
880 5419 925 5476 di-

128 5522 196 5564 cens
219 5502 431 5575 compositorem
455 5503 536 5558 istum
560 5505 613 5560 rim
638 5506 803 5563 universalis
826 5507 925 5566 animae

129 5609 273 5667 essequa)
283 5590 680 5650 scilicetvisnaturavocatur.
707 5594 783 5665 Quae,
801 5596 923 5669 inquam,

129 5695 227 5751 aalma
240 5689 364 5747 materiai
375 5688 481 5765 juncta,
501 5688 703 5750 firmamentum
717 5700 744 5750 et
758 5694 849 5752 omnia
864 5714 926 5773 quaa

968 442 1034 496 sitor
1048 451 1094 496 aut
1109 452 1214 499 creator
1230 452 1284 499 est.

1005 544 1123 599 Parnes.
1140 544 1218 614 Quod
1233 546 1312 614 dieis,
1335 556 1406 602 stare
1427 564 1480 604 non
1504 556 1606 618 potest.
1626 548 1760 618 Quoniam

967 634 1039 686 enim
1063 634 1187 689 ridemus
1216 635 1316 689 lormas
1346 637 1445 707 ortibus
1472 638 1587 693 materia
1615 638 1761 695 informata

968 730 1019 790 est,
1032 722 1121 776 sarias
1138 731 1163 777 ει
1178 724 1213 778 ad
1229 725 1318 780 varios
1334 742 1398 780 usus
1423 726 1530 781 babilas
1551 743 1623 794 esse,
1638 738 1761 784 naturam

967 821 1067 890 ipsam,
1093 823 1171 890 cuius
1195 821 1359 877 admistione
1393 832 1419 878 et
1443 825 1565 894 potentia
1597 823 1674 881 tautae
1698 842 1750 882 sun

968 912 1071 973 tormer,
1088 917 1193 964 constat
1215 926 1268 965 non
1293 911 1405 966 omnino
1420 911 1511 967 laxum
1531 912 1580 968 sed
1603 914 1761 971 restrictum

967 998 1169 1071 quodammodo
1198 1014 1279 1068 posse
1306 1000 1421 1056 babere.
1439 1001 1495 1056 Sed
1520 1004 1590 1059 lianc
1605 1004 1758 1059 restrictam

968 1099 1100 1149 naturam
1124 1095 1308 1152 restrictorem
1328 1097 1457 1164 aliquem,
1478 1097 1523 1170 qui
1546 1107 1667 1155 tamena
1685 1098 1761 1158 nullo

969 1191 1150 1263 restringatur
1164 1192 1266 1248 lrabere
1281 1209 1395 1249 necesse
1409 1202 1464 1249 est.

1004 1280 1126 1334 llorsas.
1143 1281 1339 1336 llestrictorem
1359 1281 1440 1336 istum
1456 1281 1573 1338 animam
1597 1283 1684 1356 ipsam
1700 1302 1762 1342 esse

968 1369 1131 1439 respondeo,
1161 1370 1289 1439 quanm
1311 1386 1400 1440 suam,
1424 1378 1505 1442 prout
1532 1373 1621 1440 libuit,
1650 1373 1701 1430 sibi
1717 1391 1761 1431 re·

969 1457 1088 1512 strinxit.

1004 1565 1126 1619 l'araus.
1152 1564 1243 1635 Opera
1267 1566 1330 1621 talia
1357 1582 1421 1623 esse
1450 1567 1548 1623 animae
1563 1584 1617 1624 non
1638 1576 1762 1640 possunt,

970 1660 1019 1716 scd
1035 1661 1096 1715 talis
1113 1661 1235 1728 lactoris,
1251 1663 1297 1733 qui
1314 1680 1405 1734 perse
1420 1665 1604 1734 perlectussit
1619 1667 1763 1737 sapientia.

972 1749 1072 1803 Anima
1089 1754 1179 1804 aulem
1194 1749 1346 1819 perlectam
1361 1767 1417 1806 non
1433 1752 1514 1806 babet
1524 1753 1698 1823 sapientiam.

1008 1839 1128 1893 llursas.
1146 1837 1205 1900 Qua
1214 1839 1316 1894 ratione
1332 1847 1410 1910 potes
1424 1849 1575 1896 monstrare
1590 1842 1662 1913 quod
1676 1842 1766 1898 anima

972 1926 1121 1997 perlectam
1137 1943 1190 1980 non
1206 1928 1288 1982 babet
1298 1929 1483 1999 sapientiam?

1009 2015 1135 2070 Parrus.
1153 2015 1223 2084 Quin
1237 2033 1268 2070 ex
1285 2032 1337 2088 quo
1351 2018 1442 2072 anima
1467 2019 1611 2074 commista
1623 2027 1664 2075 est
1678 2027 1766 2075 mate-

976 2113 1031 2179 riae,
1057 2121 1084 2168 ει
1108 2113 1221 2169 materia
1245 2123 1286 2170 est
1303 2115 1401 2171 animae
1422 2115 1605 2188 incorporata,
1629 2134 1767 2191 nunqnam

975 2211 1067 2274 postea
1090 2203 1216 2258 dolorum
1243 2203 1429 2260 vicissitudine
1446 2214 1473 2260 et
1496 2206 1662 2278 voluptatum
1682 2209 1769 2264 caruit

974 2291 1074 2346 enimn.
1105 2292 1184 2347 Nulla
1208 2292 1309 2364 quippe
1329 2294 1456 2365 voluptas
1486 2294 1584 2364 oritur,
1610 2296 1662 2350 nisi
1689 2298 1770 2353 dolor

975 2392 1153 2459 praecesserit,
1170 2398 1199 2444 nt
1226 2406 1306 2445 nemo
1335 2407 1454 2463 unquam
1468 2392 1617 2448 delectatur
1639 2393 1768 2459 bibendo,

975 2478 1026 2532 nisi
1043 2478 1117 2550 qrius
1132 2478 1248 2534 doluerit
1262 2479 1389 2544 sitiendo,
1405 2495 1485 2535 nanto
1509 2481 1662 2536 delectatur
1676 2498 1771 2538 corne-

972 2568 1073 2631 stione,
1090 2567 1142 2620 nisi
1159 2568 1329 2637 praecesserit
1350 2566 1431 2623 dolor
1446 2568 1473 2621 in
1491 2567 1571 2634 lame,
1588 2571 1728 2626 autetiam
1744 2571 1771 2626 in

977 2657 1079 2726 requie,
1096 2656 1149 2709 nisi
1165 2665 1226 2711 ente
1256 2656 1373 2711 doluerit
1388 2673 1420 2712 ex
1445 2657 1549 2713 labore.
1572 2658 1626 2713 Sed
1641 2668 1668 2714 ει
1690 2666 1730 2716 sic
1744 2662 1773 2715 in

977 2744 1083 2800 cunctis
1110 2742 1261 2799 aflectibus.
1287 2745 1362 2801 Ratio
1377 2753 1466 2800 autem
1484 2761 1616 2816 corporea
1631 2765 1661 2802 se
1675 2757 1772 2805 conta-

977 2833 1059 2905 gione
1079 2833 1230 2895 denudans,
1251 2842 1276 2888 et
1297 2833 1432 2904 seipsam
1461 2851 1556 2904 puram
1580 2835 1771 2906 considerans,

979 2930 1125 3001 perpendit
1149 2930 1214 2984 illutl
1239 2930 1309 3001 qnod
1325 2931 1391 2983 nibil
1416 2931 1497 2985 sentit
1511 2931 1608 2986 melius
1622 2941 1648 2986 et
1662 2932 1772 3005 dignius

978 3035 1040 3074 ease
1055 3034 1088 3074 eo
1103 3019 1174 3089 quod
1185 3027 1221 3073 tot
1236 3018 1406 3073 diversarum
1418 3019 1573 3089 passionum
1584 3021 1773 3078 accidentibus

978 3124 1032 3163 non
1048 3108 1182 3176 subjacet.
1198 3107 1312 3163 Constat
1326 3108 1408 3180 igitur
1421 3107 1538 3162 animam
1554 3125 1607 3164 non
1623 3109 1771 3181 perlectam

976 3197 1077 3251 babere
1106 3196 1281 3266 sapientiam.
1315 3197 1374 3250 Alia
1391 3197 1454 3250 item
1470 3197 1504 3251 de
1526 3197 1621 3252 eadem
1636 3216 1664 3252 re
1681 3205 1772 3269 polest

976 3295 1035 3348 dari
1051 3294 1130 3359 ratio,
1143 3293 1215 3364 quod
1235 3293 1337 3349 scilicet
1348 3294 1448 3357 anima,
1466 3309 1528 3350 cum
1542 3296 1674 3351 rationem
1686 3299 1769 3367 exuit,

975 3383 1065 3437 statim
1087 3383 1229 3446 luxuriam,
1251 3382 1331 3450 furta,
1353 3383 1508 3444 homicidia.
1524 3392 1551 3438 ει
1571 3392 1668 3441 caetera
1682 3386 1771 3457 diligit

975 3472 1049 3537 vitio,
1076 3487 1136 3542 quae
1154 3471 1284 3542 parleclae
1308 3471 1420 3526 rationis
1442 3481 1602 3527 exsecratur
1616 3475 1767 3546 sapientia:

975 3569 1047 3623 unde
1066 3568 1164 3623 iterum
1186 3568 1298 3623 evidens
1316 3576 1357 3623 est
1379 3568 1566 3638 imperfectam
1592 3586 1653 3625 esse
1672 3572 1770 3629 animae

974 3667 1144 3737 sapientiam.
1164 3667 1306 3721 Probatum
1331 3666 1414 3739 igitur
1428 3669 1495 3721 satis
1509 3677 1549 3722 est
1565 3668 1617 3723 illis
1632 3672 1677 3740 qui
1692 3672 1770 3727 Seri-

974 3756 1060 3825 pturis
1075 3771 1128 3809 non
1144 3754 1265 3819 credunt,
1290 3754 1373 3808 atium
1390 3771 1451 3809 essa
1467 3755 1607 3822 lectorem,
1624 3759 1704 3827 cnjus
1719 3777 1771 3832 pet·

974 3866 1003 3904 se
1016 3850 1135 3921 perlecta
1158 3851 1194 3904 sit
1217 3850 1349 3920 sapienta,
1378 3851 1445 3904 sicut
1471 3858 1544 3921 patet
1563 3868 1613 3922 per
1632 3854 1766 3911 rationem

972 3950 1052 4003 nobis
1067 3949 1101 4003 ab
1115 3964 1150 4003 eo
1165 3947 1319 4002 attributam
1345 3962 1431 4017 opora
1454 3950 1550 4002 animae
1566 3950 1624 4004 sine
1644 3951 1706 4020 ipsu
1721 3969 1767 4008 ra-

973 4047 1045 4101 tione
1062 4062 1123 4100 esso
1140 4044 1235 4099 uitiosa
1251 4053 1277 4098 et
1292 4043 1493 4115 quodammodo
1509 4045 1606 4116 turpia.
1618 4046 1770 4121 Conseqnt.

973 4143 1015 4191 tur
1030 4150 1097 4206 ergo
1114 4133 1189 4186 illnm
1205 4148 1256 4202 per
1279 4149 1359 4203 qarom
1379 4132 1511 4186 rationem
1532 4134 1697 4204 accepimus,
1714 4155 1768 4194 uon

972 4239 1100 4285 animam,
1117 4221 1166 4275 sed
1181 4221 1264 4274 alium
1280 4237 1350 4279 esse.
1379 4221 1505 4292 quoniam
1522 4220 1579 4276 fieri
1595 4226 1687 4297 nequit
1702 4236 1730 4282 ul
1745 4228 1769 4283 is

898 4357 904 4368 .
973 4310 1089 4382 quirem
1104 4309 1220 4380 aliquam
1237 4307 1376 4372 abhorret,
1395 4309 1436 4362 rel
1461 4319 1632 4381 exsecratur,
1649 4329 1710 4368 eam
1726 4315 1769 4372 la-

935 4413 960 4473 1)
976 4415 1038 4454 cero
1053 4397 1131 4453 velit.
1152 4397 1279 4467 Sequitur
1294 4412 1401 4469 quoque
1416 4413 1450 4451 ex
1464 4400 1516 4454 boc
1533 4399 1650 4456 animam
1664 4402 1771 4477 imper-

976 4487 1062 4552 lectas,
1074 4487 1195 4541 datorem
1208 4501 1273 4540 vero
1284 4486 1397 4541 rationis
1409 4486 1537 4556 perlectae
1547 4505 1608 4545 esse
1618 4493 1769 4562 sapientiae.

975 4576 1098 4646 Cumque
1110 4576 1179 4629 ratio
1194 4583 1323 4644 operetur
1347 4575 1373 4627 in
1390 4575 1491 4642 anima,
1514 4581 1672 4635 necessario
1691 4581 1772 4638 dator

976 4665 1090 4720 rationis
1107 4663 1188 4719 lactor
1204 4670 1246 4717 est
1270 4663 1375 4718 animae.
1393 4662 1470 4731 Quod
1486 4680 1546 4718 eum
1565 4667 1608 4731 sit,
1627 4675 1654 4722 ει
1668 4671 1768 4738 anima,

976 4771 1005 4818 nt
1020 4762 1145 4833 superins
1159 4760 1302 4832 probatum
1318 4768 1370 4824 est,
1385 4759 1412 4813 in
1427 4761 1538 4813 materia
1552 4763 1642 4818 omnia
1656 4780 1770 4836 compo-

976 4851 1028 4905 sita
1047 4850 1216 4914 sormaverit,
1241 4848 1366 4905 concludi
1388 4847 1573 4903 indubitanter
1595 4859 1683 4921 potest
1699 4856 1771 4924 quod

976 4948 1021 5019 qni
1037 4947 1171 5002 rationem
1187 4946 1271 5007 dedit,
1288 4954 1313 4999 et
1324 4945 1415 4999 omnia
1431 4944 1502 5011 lecit,
1515 4952 1540 5000 ot
1550 4948 1672 5002 omnium
1689 4968 1773 5009 causa

977 5037 1083 5094 existit.
1104 5036 1140 5089 Et
1155 5037 1212 5091 brec
1228 5035 1338 5106 quidem
1364 5035 1399 5089 de
1415 5034 1506 5088 anima
1521 5037 1662 5105 sententia,
1680 5042 1773 5113 utique

977 5142 1019 5190 est
1035 5134 1236 5205 plrilosoplrica.
1257 5131 1354 5185 Dicunt
1370 5132 1443 5186 enim
1462 5130 1615 5202 plrilosoplri
1634 5137 1707 5205 quod
1727 5157 1774 5194 ra.

976 5232 1086 5288 tionalis
1101 5231 1191 5288 anima
1202 5227 1326 5300 procedit
1341 5229 1375 5283 de
1390 5228 1553 5283 universati.
1572 5231 1657 5287 ludaei
1668 5246 1774 5306 autem,

978 5330 1008 5377 ut
1022 5320 1106 5386 nosti,
1135 5335 1232 5375 omnes
1259 5302 1365 5372 animas
1393 5317 1421 5372 in
1434 5317 1529 5372 mundi
1543 5319 1680 5392 principio
1696 5324 1777 5383 simul

979 5425 1106 5475 asserunt
1126 5433 1188 5473 esse
1209 5423 1327 5482 creatas,
1342 5423 1370 5471 et
1384 5417 1412 5472 ln
1427 5415 1489 5472 loco
1512 5432 1567 5473 uno
1590 5421 1735 5493 repositas,
1753 5432 1779 5480 ει

980 5532 1123 5589 quousque
1137 5516 1347 5587 incorporentur
1359 5530 1455 5571 ornnes
1473 5530 1527 5570 non
1543 5531 1605 5572 esse
1620 5518 1693 5577 diem
1710 5537 1778 5577 ven·

980 5613 1071 5661 turum
1098 5604 1205 5675 judicii,
1230 5611 1258 5660 et
1283 5616 1317 5658 ex
1341 5620 1396 5677 quo
1419 5604 1667 5677 incorporabuntur
1690 5610 1781 5664 statim

981 5692 1128 5768 provenire
1146 5692 1229 5751 finem
1257 5693 1366 5750 mundi.
1396 5692 1541 5750 Christiani
1561 5708 1626 5750 aero
1654 5700 1782 5752 astruunt
