3780 6038
149 202 201 260 sos
712 187 1093 250 miscuisse.
1117 190 1228 250 nmen
1754 203 1795 259 ‚p

151 324 317 384 desiderium
331 316 468 378 accendit.
503 313 589 373 Pedes
613 315 809 385 jumenti-sunt
832 317 944 373 extremi
959 321 984 383 Α
1001 315 1086 386 Quem
1103 326 1165 374 ante
1179 315 1274 375 fideles
1284 319 1459 378 crediderunt
1486 331 1653 393 ventnmm,
1669 322 1745 381 hunc
1756 341 1796 383 nos

150 413 263 488 quossd
276 408 453 480 judicandum
472 405 609 462 constituit
633 406 789 476 Apostolus,
820 406 905 478 quiet
921 406 943 461 si
997 403 1106 461 venisse
1122 406 1271 462 credimus.
1290 408 1320 462 ln
1343 408 1403 479 ejus
1417 409 1520 484 quippe
1541 411 1630 468 laude
1645 411 1797 472 coelestisst

149 519 203 559 non
220 501 273 556 sint
287 495 435 554 dorsumin
445 493 664 565 quoseditDeus,
676 501 767 549 tamen
777 494 944 549 instruuntur
998 500 1105 550 terrena
1121 495 1277 561 concinunt,
1292 496 1354 566 quia
1370 514 1425 570 qno
1440 509 1576 556 nascente
1606 501 1739 557 coelesreg
1752 502 1796 557 vif.

148 608 208 647 ounr
222 586 352 643 militibus
365 601 379 638 a
394 585 509 639 loanne.
526 582 601 638 btulti
615 581 716 654 quippe
741 590 863 638 sternunt
877 599 940 639 ves·
997 597 1069 647 tutes
1083 592 1228 649 decantant
1246 594 1333 667 gloria
1356 596 1383 651 in
1399 597 1518 655 excelsis
1533 599 1608 667 Deo,
1630 607 1661 655 et
1684 598 1714 654 in
1735 607 1797 656 tem

146 689 259 744 timente
275 682 400 745 inviam,
417 680 479 751 quia
496 679 630 735 exercitus
654 689 808 751 martyrum
825 695 943 751 corpora
997 695 1050 749 pax
1065 680 1230 750 bominibus,
1247 682 1344 738 eodem
1359 685 1452 740 mundi
1474 687 1606 758 principe
1620 688 1798 759 triumphator

147 793 195 833 sua
211 773 371 835 animarum,
388 769 476 825 vicum
492 775 650 840 tegumenta
671 784 720 838 pro
736 767 851 823 Domino
865 767 941 834 dant,
997 768 1126 824 mortales
1141 769 1229 826 vicem
1239 770 1326 826 laudis
1341 775 1507 843 rependunt,
1537 775 1672 832 dicentes
1688 793 1697 832 ε
1714 777 1797 832 Parin

148 879 201 938 quo
216 859 393 934 sequentibus
409 855 503 913 electis
517 855 809 912 callcmsaciantrecte
822 855 941 912 vivendi.
996 855 1069 911 coelo
1083 864 1110 913 ει
1137 856 1229 930 gloria
1258 859 1284 913 in
1300 861 1430 916 excelsis.
1448 863 1552 919 Turbae
1562 863 1672 937 quippe
1687 864 1796 933 retecta,

144 963 235 1020 invia
262 956 380 1029 denique
408 960 533 1010 sternunt
556 954 724 1021 vestimenta,
754 952 800 1024 qui
826 968 941 1023 corpora
996 943 1160 1018 deqninqne
1183 947 1303 1018 panibus
1332 948 1478 1006 etduobus
1505 951 1638 1023 piscibus
1666 951 1797 1010 voluerunt

144 1067 194 1108 sua
217 1050 347 1106 edomant
370 1052 399 1099 ut
414 1042 530 1098 Domino
558 1041 611 1097 iter
635 1042 669 1097 ad
689 1049 808 1096 mentem
833 1051 939 1112 parent,
996 1056 1095 1112 rapere
1109 1041 1204 1099 lesum
1221 1045 1543 1120 etconstitnereregem,
1561 1049 1615 1105 sed
1631 1048 1796 1124 ipselugitin

144 1141 187 1198 vel
205 1135 332 1207 exempla
346 1134 417 1189 bona
445 1130 621 1201 sequentibus
648 1129 798 1201 prebeant.
817 1129 941 1185 Frondea
994 1136 1124 1186 montem.
1139 1131 1219 1188 Nunc
1237 1141 1327 1188 autem
1353 1150 1410 1190 non
1438 1135 1568 1208 reprimit
1595 1153 1686 1194 voces
1713 1154 1796 1196 comm

145 1245 213 1286 vero
228 1227 271 1283 vel
286 1238 377 1280 ramos
404 1220 438 1275 de
458 1219 602 1274 arboribus
622 1219 740 1284 caedunt,
758 1216 818 1290 qui·
832 1219 941 1274 Petrum
994 1217 1039 1289 qui
1054 1235 1169 1292 regnum
1184 1220 1271 1276 David
1295 1225 1503 1280 restaurandum
1529 1225 1561 1280 in
1588 1242 1625 1283 eo
1641 1226 1792 1285 concinunt,

144 1314 296 1375 sententias
313 1310 355 1366 vel
370 1307 493 1379 exempla
505 1313 632 1377 carpunt,
644 1314 671 1362 et
685 1306 713 1360 in
728 1305 770 1361 via
786 1305 836 1360 Dei
851 1306 942 1361 adau-
993 1305 1021 1362 ln
1041 1322 1095 1379 quo
1109 1316 1173 1379 apte
1187 1309 1269 1365 docet
1296 1312 1366 1383 qirod
1396 1313 1492 1369 eterni
1512 1313 1628 1386 imperii
1654 1332 1705 1372 rex
1732 1326 1795 1375 esset

143 1413 239 1472 ditoris
252 1409 371 1465 animum
396 1402 529 1460 venientis
545 1400 640 1457 humili
669 1402 941 1474 praedicstionesub-
993 1402 1020 1458 in
1037 1405 1124 1472 ooelis,
1141 1421 1195 1461 non
1219 1414 1324 1463 tantum
1340 1409 1369 1463 in
1398 1411 1492 1466 terris.
1511 1413 1555 1467 Ad
1572 1413 1652 1485 quod
1675 1431 1794 1485 percon.

142 1503 265 1559 mittunt.
283 1496 352 1552 lusti
368 1508 486 1565 namque
509 1498 539 1546 ut
551 1492 643 1562 palma
657 1490 803 1558 florebunt,
831 1491 940 1562 angusti
992 1501 1121 1564 temptum
1137 1494 1242 1563 mortis,
1250 1503 1276 1552 et
1284 1497 1402 1570 gloriam
1414 1500 1644 1567 resurrectionis,
1663 1511 1692 1559 ει
1707 1505 1793 1560 trium·

142 1593 171 1647 in
180 1587 331 1651 radicibus,
347 1583 395 1637 loti
424 1582 453 1636 in
469 1580 581 1636 floribus
601 1587 628 1636 et
643 1579 786 1643 tractibus,
812 1578 938 1650 quoniam
993 1581 1077 1654 pbum
1088 1584 1258 1640 ascensionis
1277 1587 1439 1654 perveniret.
1471 1588 1544 1646 Hine
1564 1599 1631 1662 post
1661 1608 1793 1650 mum.

142 1681 232 1736 bonus
246 1676 317 1733 odor
331 1670 432 1728 Christi
446 1676 518 1734 sunt,
537 1672 564 1724 et
578 1675 704 1724 stemnnt
727 1667 799 1723 viam
825 1666 936 1723 manda·
951 1670 978 1731 B
992 1670 1094 1727 tionem
1108 1671 1145 1727 sit
1159 1672 1317 1745 discipulis:
1333 1697 1344 1721 a
1360 1675 1432 1730 Data
1443 1677 1564 1733 estmihi
1574 1680 1793 1752 omnispotestna

144 1778 231 1825 l⁰f¹1ffl
243 1764 293 1821 Dei
309 1762 380 1816 '³⁰⁰³
394 1759 478 1814 lama.
992 1757 1021 1813 in
1034 1759 1104 1815 ooelo
1112 1768 1139 1816 et
1153 1760 1181 1815 in
1195 1769 1266 1818 terra
1287 1763 1402 1833 (ltattb.
1415 1768 1529 1835 xxviii).
1545 1764 1716 1825 ‚Consonat
1742 1771 1793 1826 ιω,

147 1896 149 1900 .
181 1881 191 1906 «ι
210 1857 243 1912 Et
258 1867 320 1910 cum
333 1851 389 1919 jam
401 1845 634 1919 appropinquaret
643 1845 678 1901 ad
688 1844 938 1901 descensummon·
992 1848 1077 1903 turbae
1093 1849 1153 1905 voci
1174 1842 1320 1919 G'abrielis,
1349 1851 1395 1924 qui
1409 1852 1445 1908 ait
1459 1854 1541 1909 matri
1570 1856 1703 1912 Domini.
1723 1858 1792 1915 «1110

144 1942 290 2003 ti20¹ive¹i
319 1943 463 2010 caeperunt
477 1951 574 1991 omnes
602 1935 686 1990 turbe
714 1933 938 1991 descendentium
992 1943 1045 1998 eris
1063 1944 1181 2016 nigrius
1196 1952 1223 2001 es
1238 1946 1320 2002 titius
1341 1947 1474 2006 artissimi
1495 1952 1658 2021 vocabitur,
1671 1961 1700 2011 et
1724 1954 1791 2011 auri

141 2043 296 2119 gaudentes
312 2036 422 2093 laudare
438 2032 780 2102 Dominumvocemagna.
798 2032 939 2087 »Descen-
991 2030 1030 2086 illi
1045 2033 1179 2088 Dominus
1195 2034 1269 2090 Deus
1284 2036 1378 2091 sedem
1392 2037 1478 2108 patris
1493 2038 1587 2095 David
1604 2041 1682 2113 ejus,
1698 2052 1726 2099 et
1749 2060 1789 2100 η.

140 2133 220 2189 dente
236 2127 353 2184 Domino
376 2123 411 2178 de
425 2129 518 2178 monte
534 2118 643 2186 Oliveti,
671 2119 754 2175 idest
781 2119 938 2176 humiliante
991 2119 1123 2192 gnabitin
1139 2121 1221 2178 domo
1234 2123 1321 2180 Jacob
1336 2124 1363 2180 in
1385 2133 1521 2182 ueternum
1537 2128 1621 2199 (Luc.
1632 2133 1666 2202 1),
1687 2150 1700 2182 s
1717 2133 1789 2190 Μ

142 2239 172 2279 se
187 2219 222 2276 ad
235 2214 418 2274 infirmitatem
440 2217 541 2266 nostrae
556 2209 659 2275 carnis,
675 2224 736 2265 cum
762 2208 795 2263 sit
806 2208 833 2263 in
849 2208 938 2264 iormc
991 2208 1189 2283 ergoclsmsnt
1200 2228 1232 2265 :a
1249 2212 1380 2270 Horam
1403 2214 1431 2269 1„
1445 2216 1576 2284 excelsis,
1593 2218 1625 2274 id
1655 2228 1698 2276 es,
1724 2220 1788 2280 „ln

141 2309 205 2366 Dei.
226 2306 293 2362 Cum
303 2303 349 2358 illo
363 2298 532 2356 descendunt
545 2298 640 2363 turbae,
656 2296 685 2352 id
709 2304 752 2367 est
763 2295 938 2353 humiliantur
990 2320 1041 2362 nm
1056 2306 1083 2362 in
1095 2307 1265 2381 coelsstibns,
1280 2308 1328 2365 ubi
1342 2310 1624 2387 scilieetomnegenu
1633 2316 1688 2373 sibi
1702 2317 1788 2377 fleme.

141 2406 193 2461 sub
207 2417 292 2460 manu
303 2399 364 2470 ejus
379 2396 425 2470 qni
435 2393 626 2452 misericordis
645 2391 779 2467 indigent,
802 2401 832 2448 nt
858 2394 936 2451 abeo
990 2402 1043 2461 tur,
1066 2396 1230 2469 coelestium,
1258 2399 1428 2456 terrestrium
1456 2409 1484 2459 et
1511 2401 1693 2463 internorum
1715 2409 1787 2481 (Pti-

142 2494 307 2571 exaltentur.
991 2484 1059 2556 pepp,
1075 2484 1117 2557 ῃ),
1140 2506 1152 2537 ,

179 2607 189 2632 ιι
207 2580 307 2637 Turbae
320 2583 412 2634 autem
427 2589 486 2645 quae
501 2570 700 2645 precedebant,
716 2576 743 2626 et
757 2586 818 2642 quar
833 2585 932 2643 seque·
1023 2572 1177 2630 Notandum
1206 2575 1279 2647 quod
1320 2576 1443 2635 hosanna
1465 2579 1639 2639 Hebraicum
1682 2585 1787 2643 verbnm

141 2677 251 2737 beatur,
267 2665 421 2726 clamabant
434 2662 559 2719 dicentes
569 2661 711 2717 :Hosanna
721 2658 936 2728 titiones-idme·
989 2661 1170 2734 compositum
1184 2671 1227 2720 est
1240 2680 1273 2720 ex
1290 2674 1416 2738 corrupto
1425 2675 1451 2724 et
1464 2667 1585 2742 integro.
1602 2671 1689 2730 Salva
1715 2690 1788 2732 nan·

139 2771 266 2829 nedictus
280 2765 327 2839 qui
341 2762 414 2821 venit
438 2778 484 2817 rex
498 2759 525 2815 in
554 2758 666 2815 nomine
680 2756 803 2814 Domini.
828 2760 885 2814 Pax
907 2758 936 2815 in
989 2766 1041 2822 que
1061 2750 1120 2808 aive
1133 2749 1257 2810 salvifica
1270 2753 1343 2825 apud
1357 2756 1515 2814 eosdicitur
1529 2758 1594 2816 bosi
1610 2768 1640 2819 et
1654 2777 1729 2821 ann.
1752 2773 1789 2821 aa

139 2861 209 2919 coelo
237 2865 263 2914 ει
289 2853 379 2929 gloria
405 2850 432 2905 iu
461 2847 588 2907 excelsis.
607 2870 618 2896 ι
635 2846 799 2903 Benedictus
810 2846 936 2919 quisenta
988 2837 1142 2909 interiectio
1155 2841 1339 2913 deprecantis.
1371 2843 1496 2916 Denique
1525 2846 1554 2903 in
1569 2850 1685 2920 psalmo
1708 2868 1786 2924 cnm,

137 2962 255 3023 regnum
270 2942 355 3018 patris
366 2938 453 2997 nostri
467 2937 557 2994 David
573 2953 580 2993 ε
596 2937 725 2992 Dosanna
738 2934 766 2990 in
781 2935 931 2993 excelsis·
989 2937 1034 2993 ubi
1047 2952 1105 2992 axx
1121 2939 1285 3010 Interpretes
1308 2939 1524 3000 transtulerunt:
1540 2943 1565 3001 0
1579 2945 1712 3017 Domina,
1736 2951 1788 3007 sst-

139 3028 461 3104 Praeceduntprophetae,
485 3031 635 3099 sequuntur
653 3023 783 3096 apostoli.
812 3023 1049 3095 abyssuscaum
1079 3043 1122 3082 me
1141 3025 1195 3096 lac,
1225 3027 1252 3083 in
1269 3028 1387 3085 Hebraeo
1402 3030 1617 3102 scriptumest:
1634 3040 1788 3096 Ananim.

136 3127 265 3199 abyssum
291 3114 578 3182 inaooattPsat.xa1),
600 3112 837 3184 idestlenlegem
865 3113 946 3168 alte:
987 3114 1042 3182 nai,
1055 3114 1117 3170 hosi
1132 3130 1213 3170 anna.
1231 3115 1312 3184 Quod
1331 3117 1466 3190 interpres
1481 3129 1579 3178 noster
1609 3124 1787 3200 Hieronymus

135 3232 204 3272 ram.
221 3209 369 3268 Praeoessn
379 3205 511 3263 iudaicus
525 3201 651 3275 populus,
667 3208 778 3257 secutus
793 3207 835 3258 est
858 3216 930 3273 gen·

136 3306 207 3360 tiles.
222 3298 353 3356 Homines
368 3295 463 3351 fideles
484 3289 666 3349 clamantfilio
688 3288 778 3345 David
798 3289 932 3345 :Bosan-

134 3408 189 3448 na:
206 3389 279 3462 quod
294 3386 387 3442 Latine
403 3383 501 3439 dicitur
522 3379 606 3444 salus,
636 3378 698 3450 quis
717 3378 828 3434 credunt
843 3378 930 3434 David

134 3477 219 3533 tilium
243 3476 294 3531 Dei
320 3470 415 3535 filiurn,
444 3483 527 3523 uniam
555 3464 640 3520 tilium
666 3463 772 3520 salvare
796 3471 929 3535 terrenos,

134 3561 174 3623 ut
186 3563 255 3636 justi
283 3562 311 3616 in
335 3557 496 3629 angelorum
519 3555 625 3609 ruinam
640 3550 821 3609 edificentur.
836 3551 929 3608 Conti-

133 3658 226 3712 tentnr
242 3651 324 3707 etiam
351 3645 526 3702 benedictum
550 3642 596 3715 qui
616 3642 690 3697 venit
704 3640 731 3695 in
745 3640 855 3696 nomine
870 3641 929 3696 Do·

133 3751 209 3819 mini,
239 3749 266 3804 id
294 3754 336 3804 est
357 3744 442 3801 Patris
464 3740 516 3808 sui,
546 3740 672 3812 qnoniam
701 3739 785 3795 Filius
806 3739 840 3795 de
850 3741 929 3795 Patre

133 3840 247 3912 suscipit
262 3851 372 3903 nomen,
388 3840 415 3890 ει
423 3834 502 3887 Pater
510 3830 544 3885 de
559 3828 639 3885 Filio.
656 3827 885 3900 cenantemque
900 3826 930 3883 lit

131 3940 158 3997 in
172 3940 231 3996 Deo
245 3932 383 3994 consessio
399 3930 460 3987 sola
474 3936 516 3985 est
530 3935 557 3984 et
571 3927 692 3983 laudatio
707 3926 843 3982 bonorum
867 3941 929 3996 quae

130 4027 251 4103 prestita
264 4032 306 4082 est
327 4022 363 4078 ab
391 4035 435 4087 eo,
450 4015 608 4074 Benedictio
639 4029 704 4072 vero
723 4030 784 4087 quse
800 4013 854 4070 fita
868 4013 927 4071 Deo

986 3202 1143 3277 diligentius
1157 3204 1297 3261 elucidans
1325 3205 1362 3261 its
1377 3208 1514 3265 transtulit
1531 3228 1538 3264 :
1557 3234 1569 3259 ι
1588 3211 1727 3282 Obsecro,
1740 3216 1788 3274 Do·

985 3292 1069 3360 mine,
1097 3292 1184 3358 salvs,
1204 3293 1332 3351 obsecro.
1351 3318 1362 3343 n
1379 3295 1454 3352 idem
1473 3313 1598 3372 namque
1613 3303 1785 3377 significato

985 3390 1112 3457 Domine,
1130 3408 1178 3463 per
1192 3392 1410 3462 interiectionem
1429 3396 1618 3470 obsecrantis,
1645 3404 1720 3475 quod
1743 3405 1785 3462 ob

985 3494 1064 3535 secro
1084 3480 1200 3535 Domine
1228 3497 1276 3552 per
1302 3481 1396 3552 ipsum
1423 3483 1539 3540 uerbum
1567 3489 1781 3551 obsecrationis.

984 3568 1114 3623 llosanna
1124 3568 1217 3641 itaque
1233 3567 1318 3640 salva,
1330 3570 1446 3628 obsecro
1456 3572 1613 3645 significat,
1626 3593 1784 3656 consumpte

983 3657 1082 3724 vocali,
1099 3675 1159 3730 qnae
1173 3658 1285 3715 uerbum
1307 3661 1473 3717 antecedens
1491 3664 1628 3723 terminat
1650 3685 1713 3727 cum
1731 3689 1784 3745 par·

983 3746 1053 3804 lente
1068 3746 1168 3803 dicitur
1181 3747 1255 3803 bosi.
1274 3746 1353 3818 Quod
1367 3750 1472 3807 metrici
1479 3753 1656 3814 scandendis
1665 3762 1783 3818 versibus

984 3834 1176 3907 synalinpham
1204 3843 1313 3907 vocant,
1350 3838 1475 3910 quamvis
1510 3843 1647 3915 scriptam
1674 3849 1781 3907 litteram

982 3934 1316 3990 scandentestransilisnt.
1332 3936 1362 3990 ln
1377 3936 1429 3993 hoc
1439 3945 1532 3994 autem
1540 3943 1633 4000 verbo
1648 3946 1779 4013 liossnna,

982 4020 1070 4079 littera
1097 4037 1152 4078 non
1178 4022 1318 4090 scribitur,
1349 4024 1399 4080 sed
1413 4039 1496 4082 sensu
1525 4027 1782 4104 loquentinmsalro

128 4128 157 4183 in
172 4125 251 4183 nobis
270 4119 409 4194 impletur,
425 4118 491 4174 dum
515 4114 574 4186 ejus
592 4109 736 4170 beneflciis
763 4110 920 4184 implemur.
980 4111 1102 4168 funditus
1116 4110 1314 4169 intermittitur.

654 4464 718 4567 IN
756 4463 863 4568 Dlli
900 4461 1247 4569 PALMARUM

167 4750 178 4778 t
195 4724 283 4783 Dicite
297 4719 362 4776 tatis
377 4716 442 4774 Sion
458 4734 465 4771 ε
483 4715 555 4770 Ecce
569 4711 698 4768 Rentuns
709 4708 964 4773 venittibiman-1)
979 4708 1051 4765 dicat
1064 4707 1205 4780 subjungit
1221 4723 1227 4764 :
1246 4731 1258 4757 fl
1275 4709 1348 4766 3000
1379 4726 1425 4766 m
1441 4716 1503 4767 mu,
1531 4715 1623 4770 mi..
1654 4737 1667 4769 ‚
1682 4717 1777 4775 m,

129 4826 232 4883 suetua,
248 4812 349 4869 sedens
372 4822 456 4878 super
469 4803 575 4860 asinam
590 4808 618 4857 et
631 4799 735 4871 pullum
749 4797 923 4870 subjugalem
977 4806 1049 4853 serat
1077 4797 1209 4853 Dominus
1236 4814 1285 4870 per
1308 4807 1451 4870 peccatum
1466 4800 1500 4854 ab
1524 4801 1653 4862 humano
1668 4821 1775 4880 genere,

128 4905 261 4979 (laetior.
282 4900 329 4973 rx).
345 4896 458 4954 Mandat
473 4892 603 4949 vobisrex
615 4887 744 4955 coelestis,
755 4887 922 4942 iratrescba-
977 4886 1024 4957 qui
1039 4886 1178 4957 proximus
1193 4886 1218 4942 ei
1242 4886 1331 4943 iuerat
1357 4887 1557 4946 rationabiliter
1580 4894 1700 4951 virenti.
1727 4892 1777 4950 Sed

128 4994 239 5060 rissimi,
267 5006 318 5063 per
346 4986 506 5061 prophetam
534 4977 701 5043 Zachariam,
730 4974 861 5049 gaudium
881 4974 922 5029 sui
977 4974 1023 5046 qui
1039 4983 1194 5031 recesserat
1208 4991 1260 5045 per
1275 4975 1434 5045 injustitiam
1458 4984 1596 5047 nostram,
1628 4984 1707 5040 venis
1731 4997 1776 5055 per

127 5085 271 5141 aduentus.
297 5077 378 5135 Venit
391 5073 426 5130 ad
449 5067 697 5128 reconciliationem
712 5063 855 5127 Dominus,
877 5062 922 5135 qui
976 5062 1189 5120 misericordiam
1204 5079 1292 5119 suam.
1310 5065 1360 5120 Per
1372 5064 1564 5123 uisceraenim
1578 5070 1776 5129 misericordia

127 5187 161 5227 ex
182 5175 296 5242 peccato
325 5163 406 5238 primi
434 5157 554 5233 parentis
582 5155 662 5212 vobis
690 5153 778 5210 luerat
806 5152 921 5207 alienus.
975 5151 1036 5218 Dei,
1051 5152 1170 5207 visitavit
1184 5152 1338 5208 nosoriens
1353 5169 1385 5209 ex
1400 5153 1455 5211 alto
1473 5154 1559 5217 (Lae.
1580 5159 1617 5229 ι),
1637 5159 1776 5218 laelium

126 5260 157 5315 Et
173 5268 315 5326 antequam
335 5252 463 5319 ueniret„
479 5245 611 5321 praemisit
624 5245 741 5314 legatos,
766 5242 921 5313 propbetas,
976 5241 1061 5298 coelos
1075 5248 1102 5296 ει
1116 5240 1267 5308 descendit,
1283 5249 1310 5297 ει
1324 5241 1415 5317 caligo
1429 5243 1481 5299 sub
1496 5244 1772 5322 pedibusejnsffmt.

127 5343 309 5419 patriarchas,
324 5342 419 5398 dicem
429 5338 491 5394 eis:
512 5334 625 5391 «Dicite
641 5330 704 5387 litiae
717 5332 793 5397 Sion,
811 5330 862 5384 »ia
880 5335 922 5384 est
971 5329 1058 5399 xvii).
1077 5327 1219 5385 Inclinsvit
1234 5328 1329 5396 coelos,
1348 5329 1375 5385 id
1404 5338 1446 5387 est
1461 5331 1620 5391 humiliavit
1646 5336 1770 5404 εωιωιῑε,

127 5432 283 5491 annuntiate
297 5427 429 5485 Ecclesiae
454 5440 535 5480 mese.
567 5418 747 5491 Quamfrliam
763 5417 830 5474 Sion
859 5417 921 5473 ideo
970 5417 1075 5475 scilicet
1089 5417 1235 5483 Deitatem,
1251 5417 1360 5490 etipsos
1370 5419 1487 5493 angelos
1495 5424 1772 5492 pes-mmmmm.

127 5529 221 5588 uocat,
232 5518 296 5592 quia
310 5516 367 5571 litia
381 5510 578 5585 speculationis
591 5517 619 5565 et
633 5506 825 5564 delectationis
839 5505 920 5561 debet
969 5521 1043 5570 nem,
1060 5520 1142 5576 quam
1156 5503 1250 5559 habuit
1264 5504 1299 5560 de
1313 5504 1487 5576 reparatione
1509 5506 1627 5567 humani
1641 5510 1770 5587 genem:

122 5629 194 5671 esse.
210 5609 277 5668 Sion
293 5605 367 5664 enim
378 5601 534 5675 speculatio
543 5599 753 5669 interpretatur:
767 5593 920 5667 quaeaspi·
969 5601 997 5649 et
1011 5591 1069 5665 ipse
1083 5592 1230 5649 descendit
1253 5591 1372 5649 uniendo
1403 5593 1458 5650 sibi
1471 5594 1626 5659 humanm
1640 5608 1760 5657 mrum

103 5700 263 5763 ritualibus
274 5694 405 5758 hostibus
417 5689 502 5751 debet
516 5687 570 5748 sibi
595 5684 757 5764 providere.
772 5683 829 5744 Sed
856 5682 923 5759 quid
969 5679 1098 5739 inclinati
1109 5688 1173 5737 eunt
1195 5681 1296 5755 angeli,
1324 5695 1387 5738 cuna
1414 5683 1584 5763 accedamus
1609 5684 1650 5749 a'd
1674 5689 1767 5759 nm,
