3780 6038
109 183 159 250 tat

610 184 774 246 alternant
794 184 936 247 ‚tonans
965 180 1235 243 t'ln‘oocmcn‘sls

1715 185 1766 239 tat

104 323 167 385 tos,
191 313 260 372 sicut
286 312 321 371 ad
349 311 513 390 spiritualem
528 320 631 388 patrem
662 330 739 371 suurn
762 313 910 383 revertitur,
925 312 953 377 Α
968 311 1100 370 exhibens
1115 328 1122 384 ;
1138 313 1250 370 vocibus
1268 327 1335 385 quas
1362 308 1390 369 in
1418 324 1450 370 ee
1474 307 1603 370 deformia
1629 307 1767 369 temnebat

113 419 224 461 noemae
250 412 292 461 est
316 413 344 461 ut
374 420 476 479 magna
515 402 700 461 misericordia
741 399 909 477 suffragetur.

115 493 226 549 ldultam
241 493 348 564 qrridem
364 493 486 566 peccarit
497 507 503 561 ;
515 492 587 564 qaod
598 492 656 564 ejus
670 493 763 566 lingua
776 492 839 548 satis
848 508 912 548 cca·

114 583 253 639 venientes·
267 583 391 653 loquitar.
417 582 494 640 Unde
521 581 543 636 si
570 589 666 639 vcstrae
693 582 785 654 pietati
813 582 910 652 placet,

115 671 311 744 nragisdiguus
324 673 412 740 reaia,
428 687 508 741 quam
523 688 583 727 caan
596 688 629 727 co
653 679 680 726 et
707 672 759 741 ipsi
790 671 912 743 postula-

118 777 178 815 naas
190 777 247 816 esse
262 761 377 818 videtur.
394 761 487 816 l'aleat
501 761 584 834 igitur
596 760 669 832 apad
684 760 832 816 boniantern
862 776 912 815 te-

116 856 197 904 steam
213 850 292 920 hujus
306 850 459 921 prerritontis
473 850 582 904 lramilis
594 857 621 905 ot
634 866 708 917 sera,
724 856 752 904 at
769 848 911 916 credimus,

117 939 260 994 confessio.
278 939 371 993 Valeat
400 939 482 994 etiarn
510 946 600 994 nostra
624 954 672 1008 pro
702 954 734 993 eo
762 937 860 992 cterota
888 945 914 993 et

115 1027 271 1082 clraritatira
289 1027 459 1099 supplicatio.
490 1027 578 1098 Super
606 1027 699 1082 ornnia
726 1033 814 1081 autem
845 1028 911 1091 laec,

116 1115 417 1171 consideretararobis
440 1116 477 1187 pii
503 1115 586 1186 patris
615 1116 772 1171 revertentis
799 1114 846 1169 lilii
868 1115 914 1183 pia

116 1204 259 1275 susceptio,
271 1204 350 1274 quiin
359 1204 623 1277 longinquaregione
635 1213 738 1276 partem
748 1204 912 1270 substantiae,

116 1309 195 1364 qrram
202 1294 494 1366 acceperat,‹lissiparit
503 1293 638 1349 larrrriose
648 1294 763 1349 virendo
773 1295 842 1362 (Luc
853 1296 912 1362 xv).

347 1432 428 1501 168
450 1430 616 1487 Et‘tsreta
643 1431 700 1485 t‘tl.

120 1544 228 1601 Dilecto
239 1545 269 1600 ia
286 1544 397 1604 dirrare
414 1547 496 1602 Petri
509 1544 839 1603 Guillclmobonoreiilis
850 1544 915 1599 oitoe

155 1632 333 1703 oiiotilitttt,
346 1633 492 1706 destrictus
518 1635 726 1692 l'indocinensis
747 1632 916 1689 monosterii

156 1722 274 1780 bannilis
288 1739 392 1789 seruus,
409 1724 643 1796 dormtulitotcm,
657 1740 707 1796 per
725 1740 809 1797 quem
828 1722 917 1777 multi

154 1813 339 1884 placuerunt,
355 1814 523 1869 nallatenus
538 1813 677 1870 oblivisci.

158 1937 291 2007 Quoniam
304 1939 409 1994 utilitati
424 1939 539 2011 proximi
553 1947 678 2011 taraqaam
703 1946 800 1996 nostrae
823 1941 916 2012 prori-

125 2027 198 2095 dere,
215 2028 273 2099 ipsa
289 2028 446 2101 evangelica
461 2030 640 2100 praeceptione
668 2045 818 2095 amnentur,
846 2030 918 2100 qaod

125 2117 220 2171 honori
236 2125 263 2172 et
275 2117 355 2173 bonae
370 2117 490 2188 opinioni
520 2118 673 2173 nroaasterii
699 2119 781 2173 nostri
809 2126 917 2175 conua-

123 2205 192 2260 riarn
207 2220 266 2260 esse
279 2206 476 2278 cognoscimus,
490 2206 568 2261 robis
585 2206 673 2261 celare
701 2221 750 2261 nec
776 2222 918 2275 possumus

123 2309 173 2347 nec
188 2293 327 2348 debemus.
344 2295 410 2349 Ciam
426 2310 512 2365 nuper
526 2295 698 2350 santonicum
718 2294 826 2364 iremus,
850 2296 918 2351 sicat

123 2378 289 2449 priusvobis
303 2394 351 2433 nos
382 2379 445 2433 illuc
472 2380 555 2434 ittrros
581 2380 744 2448 dixeramus,
774 2380 917 2436 metuenda

123 2474 234 2536 repente
245 2467 352 2522 tonitran
367 2473 394 2521 et
407 2467 598 2523 coruscationis
609 2474 753 2538 tempestas
775 2469 893 2524 exoritur
909 2483 916 2538 ;

120 2556 360 2625 quarehcmentcr
374 2555 466 2624 territi,
491 2564 518 2611 et
544 2556 804 2612 reverberationibus
831 2574 916 2630 gran-

121 2643 200 2711 dinis,
216 2651 243 2698 et
257 2643 355 2715 pluviae
369 2643 588 2701 inundationibus
601 2661 654 2700 non
681 2645 851 2702 mediocriter
878 2647 918 2702 la·

120 2731 208 2805 ligati,
221 2733 255 2787 ad
269 2731 449 2789 obedienciam
465 2741 580 2790 t'estram
595 2733 630 2789 de
644 2734 708 2789 l¹inu
724 2736 809 2802 (289),
835 2751 915 2805 quarn

119 2820 228 2876 obviam
244 2821 395 2889 babuimus,
425 2821 576 2894 hospitandi
604 2823 692 2895 gratia
718 2822 849 2878 divertere
876 2824 917 2879 di·

119 2925 203 2980 gnum
218 2909 353 2964 duximus.
370 2910 421 2966 Ubi
436 2911 515 2967 raldo
528 2911 669 2983 indignum
693 2911 846 2968 obedientia
869 2929 914 2968 re-

119 2999 413 3069 perimusmoaacbam
429 3000 557 3054 Garinonr
573 3000 710 3055 cellarium
739 3001 845 3069 domus,
875 3002 915 3056 in·
929 3030 955 3093 C

119 3088 266 3144 humanum
281 3088 407 3143 videlieet
431 3089 567 3143 hominem
594 3097 621 3144 et
648 3089 767 3146 avaritiae
795 3107 913 3145 semum.

118 3175 169 3243 Qui
185 3177 292 3247 quando
307 3176 424 3248 prirnnm
439 3178 554 3247 primani
577 3177 673 3233 domus
701 3185 806 3247 pertram
835 3180 915 3236 intra·

119 3263 217 3331 rimas,
233 3265 361 3336 grunnire
376 3265 466 3336 copie,
483 3272 510 3320 et
522 3282 572 3321 nos
584 3272 659 3321 torro
674 3266 759 3334 valta,
788 3275 813 3323 et
842 3267 914 3323 obli-

967 402 1105 471 tenacitas,
1122 419 1171 458 nos
1185 401 1376 460 subsannando
1390 399 1515 459 dominos
1528 415 1638 469 vocans,
1663 399 1767 456 daemo-

969 492 1061 547 niacus
1079 493 1159 562 169
1175 493 1323 547 monachus
1336 492 1381 547 ille
1396 490 1547 560 clamabat,
1563 489 1624 560 Quo
1636 488 1767 545 intratis?

967 580 1233 645 Priorabest3ail1il
1262 581 1393 637 laciemas
1420 579 1519 647 vobis,
1549 594 1603 634 non
1633 578 1767 634 habemas

968 667 1189 741 etiamspatiam,
1207 668 1457 740 inqaodaodecim
1487 667 1548 737 equi
1577 667 1659 723 i‘estri
1688 667 1765 735 (290)

967 757 1074 813 valcant
1089 757 1224 814 collocari.
1245 759 1278 812 Et
1305 759 1379 813 loeas
1406 757 1572 812 stabuloraar
1601 755 1766 811 stillicieatar

968 862 1064 917 capere
1078 853 1192 916 poterat,
1209 854 1234 902 et
1249 846 1337 902 adlruc
1350 853 1438 916 potest
1464 861 1547 916 equos
1572 845 1681 917 viginti.
1711 842 1765 913 Qui

967 952 1028 990 cnm
1044 936 1100 990 laec
1114 943 1140 990 et
1154 934 1207 990 alia
1222 935 1305 990 nialla
1319 934 1473 1007 expulsoria
1488 933 1572 988 rerba
1595 933 1631 988 ab
1658 948 1692 988 co
1720 931 1766 986 diu

968 1023 1142 1079 similitudine
1159 1031 1259 1078 tantaiar
1275 1023 1411 1093 patientiae
1434 1030 1676 1093 supportassemus,
1705 1021 1766 1076 licet

968 1112 995 1166 in
1014 1111 1094 1167 curule
1109 1120 1199 1168 nostro
1215 1112 1287 1167 aliud
1303 1119 1461 1177 r‘ersauutur,
1479 1111 1652 1183 impatientiae
1677 1118 1765 1164 mirrea

968 1201 1105 1256 llanrnram
1122 1203 1225 1257 ratione
1239 1201 1432 1273 supprimente,
1448 1200 1566 1254 (lisimas
1592 1200 1666 1255 sibi:
1698 1199 1765 1254 Fra-

968 1297 1017 1358 ter,
1034 1290 1089 1345 noli
1104 1291 1253 1346 contristari
1271 1305 1277 1358 ;
1294 1290 1370 1345 rides
1389 1289 1451 1359 quia
1471 1289 1561 1361 pluria
1588 1305 1638 1345 nos
1664 1295 1765 1361 urget,

966 1379 1023 1450 jaan
1040 1378 1078 1435 sol
1094 1379 1206 1449 occidit3
1218 1379 1361 1434 necessitas
1370 1378 1498 1434 aclnronet
1509 1377 1636 1449 hospitari
1648 1393 1655 1444 3
1668 1393 1765 1449 panem

968 1475 995 1523 et
1009 1467 1111 1531 vinam,
1129 1469 1228 1539 piscem
1248 1475 1275 1523 et
1303 1484 1409 1523 caseum
1438 1467 1577 1522 nobiscum
1605 1475 1767 1538 portamus,

969 1573 1090 1613 caremus
1105 1557 1219 1613 libenter
1233 1563 1329 1613 caetera
1344 1572 1404 1627 quae
1418 1572 1473 1611 noa
1487 1556 1627 1610 habemas.
1644 1555 1690 1610 Sic
1712 1561 1769 1609 tan-

974 1645 1035 1701 dem
1050 1646 1132 1717 erepit
1146 1646 1311 1702 atrocitatem
1335 1646 1424 1701 saltus
1451 1645 1579 1716 paulatini
1607 1644 1744 1716 deponere
1761 1658 1767 1710 ;

974 1735 1168 1805 aliquantalum
1183 1735 1274 1790 levare
1288 1733 1441 1806 supercilia,
1457 1740 1484 1789 et
1497 1749 1564 1804 quos
1590 1733 1665 1802 prius
1693 1733 1770 1803 qnasi

970 1823 1075 1879 clausos
1103 1831 1223 1879 mouerat
1249 1823 1350 1890 ocutos,
1381 1830 1538 1891 monstrare,
1567 1820 1665 1877 deinde
1691 1821 1770 1876 uobis

971 1912 1098 1985 dignatus
1112 1921 1152 1967 est
1166 1913 1239 1982 loqui
1257 1926 1263 1980 ;
1281 1910 1420 1966 nobiscum
1437 1911 1528 1979 etiam,
1544 1910 1592 1964 sed
1602 1910 1716 1965 multam
1726 1925 1769 1965 ro-

971 2008 1049 2074 gatus
1066 2002 1151 2056 uoluit
1161 2000 1244 2057 retici.
1262 2001 1360 2055 l’anenr
1377 2008 1403 2055 et
1413 2000 1515 2066 rimam,
1531 2014 1591 2070 qaae
1604 2015 1654 2054 nos
1668 1999 1770 2054 habere

972 2090 1082 2155 sciebat,
1099 2096 1125 2144 et
1140 2106 1200 2160 qnare
1215 2090 1322 2160 longius
1338 2089 1407 2144 terre
1421 2105 1504 2158 equos
1526 2087 1667 2160 gravabat,
1690 2087 1769 2143 nobis

971 2179 1066 2234 obtulit
1083 2194 1090 2248 ;
1107 2180 1197 2234 terrama
1213 2187 1238 2234 et
1254 2193 1401 2245 annonam,
1428 2177 1525 2246 acribus
1550 2174 1715 2244 abundabat,
1743 2184 1771 2232 et

970 2281 1020 2322 nos
1035 2284 1142 2338 prorsas
1157 2268 1356 2340 indigebamus,
1373 2265 1478 2337 penitus
1492 2264 1645 2337 denegarit.
1677 2266 1770 2320 l'alete

971 2363 997 2412 et
1012 2355 1172 2427 discipulam
1189 2356 1306 2423 Scrutare,
1327 2355 1372 2425 qui
1401 2355 1528 2410 alteritate
1556 2353 1693 2409 conditum
1721 2370 1769 2409 or-

971 2444 1060 2500 dinem
1075 2461 1123 2500 sua
1138 2444 1316 2500 amaritud'ne
1342 2443 1493 2513 insapidum
1522 2443 1618 2511 reddit,
1648 2458 1684 2498 nc
1706 2458 1768 2499 am·

969 2534 1041 2605 plius
1053 2541 1158 2604 noceat,
1176 2533 1239 2590 loris
1253 2533 1408 2589 monasticae
1422 2532 1570 2589 ser'critatis
1584 2531 1704 2606 alligate.

1187 2670 1268 2741 170
1291 2669 1543 2726 nt¹1st01nvtlt

973 2785 1179 2842 Venerabiliius
1190 2785 1311 2843 dominis
1322 2789 1351 2841 et
1359 2784 1498 2856 tratribus
1508 2783 1658 2841 Gcillclmo
1669 2784 1767 2841 Silo·

986 2875 1076 2932 rentii
1085 2875 1301 2943 obietilttltnt
1314 2873 1456 2930 &cncede
1467 2873 1561 2929 abbati
1569 2873 1768 2944 &semiadop-

986 2961 1081 3034 sridus
1092 2963 1302 3021 l'iadocinensis
1317 2961 1486 3018 monosterii
1500 2977 1646 3017 servorum
1656 2977 1765 3019 seruus.

986 3051 1184 3124 Deurnctoeoe
1192 3050 1768 3123 lieisuntpcrsectecordedilioere‚etpuae

986 3145 1087 3198 contre
1097 3141 1260 3210 illumfiunt
1272 3142 1304 3196 in
1313 3140 1420 3197 mundo
1431 3141 1557 3213 perfecto
1571 3139 1632 3196 odio
1653 3138 1765 3197 babere.

1006 3264 1034 3319 Si
1050 3280 1121 3320 verre
1136 3264 1272 3319 charitatis
1287 3263 1393 3318 vincalo
1409 3263 1436 3316 ia
1451 3263 1566 3318 invicem
1597 3263 1700 3335 alligati
1726 3281 1769 3318 su-

120 3368 173 3420 qao
189 3351 327 3407 oculorum
342 3353 607 3423 lumineinspicere;
633 3360 727 3424 postea
751 3370 815 3410 reru
841 3357 913 3410 indi·
969 3369 1038 3418 mus,
1054 3353 1116 3408 etsi
1145 3353 1251 3408 terrore
1280 3352 1396 3424 Spiritus
1423 3353 1508 3406 sancti
1537 3352 1642 3407 accensi
1674 3361 1769 3408 contra

117 3439 355 3510 sciplinatarerba
378 3442 499 3512 prolerre
525 3458 580 3497 noa
607 3442 718 3509 distulit,
747 3443 832 3499 Deam
861 3462 915 3500 non
969 3449 1116 3497 tortuosam
1132 3449 1159 3495 ct
1172 3441 1315 3496 subdolam
1332 3441 1407 3495 illam
1423 3443 1509 3509 (itii,
1526 3456 1604 3511 quem
1621 3442 1715 3510 nostis,
1735 3459 1769 3498 ne

115 3535 246 3598 metucns,
262 3528 364 3584 nullam
380 3529 468 3599 nobis,
490 3530 591 3587 nullam
621 3531 709 3588 ordini
736 3534 914 3589 reverentiam
968 3531 1066 3585 ammae
1081 3539 1178 3585 nostrae
1204 3546 1264 3585 carn
1293 3530 1394 3602 populo
1421 3529 1469 3585 Dei
1497 3537 1617 3603 pereant,
1646 3547 1769 3603 pugnare

152 3705 226 3774 (288)
239 3705 387 3762 duilleimo
401 3705 504 3762 oebali.
521 3707 695 3774 Salnmrensi,
707 3709 807 3763 honest
821 3708 850 3764 S.
859 3709 916 3764 Flo·
968 3709 1015 3764 riae
1030 3707 1062 3762 de
1080 3708 1145 3762 Pina
1159 3708 1260 3763 ordinis
1273 3707 1464 3764 cisterciensis.

117 3775 194 3830 rentii
209 3776 244 3831 ad
257 3776 374 3847 Ligerim
392 3791 398 3844 ;
415 3778 483 3842 viro,
500 3786 528 3832 ut
540 3780 600 3848 cias
614 3778 730 3834 coenobii
750 3779 916 3835 monimenta
1004 3783 1078 3847 latta)
1093 3779 1243 3837 Duodecim
1266 3780 1330 3852 equi
1349 3780 1445 3835 uestri.
1471 3779 1620 3834 Nurneroso
1649 3780 1768 3848 cqrritata

120 3845 235 3907 tradunt,
252 3864 352 3919 genere
366 3865 397 3902 nc
412 3849 545 3921 religiosis
560 3849 679 3904 moribus
698 3850 806 3921 insigni.
824 3852 916 3905 Frater
968 3851 1093 3920 stipatum
1110 3851 1158 3905 iter
1173 3852 1261 3906 lucere
1274 3851 1380 3905 solitam
1405 3848 1554 3904 Gotliidurn
1580 3850 1701 3905 indicant
1725 3869 1767 3913 aa,

120 3917 192 3971 enim
210 3918 395 3974 laitliolonsis
414 3920 644 4001 Toparclrae;qui
660 3922 686 3974 in
715 3920 773 3990 ejas
799 3922 914 3991 gratiani
969 3937 1029 3990 qaae
1044 3921 1136 3975 scribit
1149 3921 1186 3976 lib
1201 3937 1220 3987 r,
1232 3921 1301 3992 epist
1314 3926 1340 3988 8,
1356 3921 1389 3974 ad
1407 3921 1571 3985 Pacatulam,
1596 3930 1622 3976 et
1649 3921 1697 3975 lib.
1727 3939 1766 3986 ιιι,

121 3987 219 4043 latram
237 3990 265 4045 S.
282 3990 416 4046 Florentio
443 3999 469 4046 et
494 3991 669 4061 proventibus
696 3992 815 4062 opimam
844 3992 915 4062 apud
969 3992 1046 4062 epist.
1066 3995 1096 4045 lt»
1119 3993 1152 4046 ad
1168 3992 1339 4046 ildebertum.
1356 3992 1490 4046 Nimirum
1506 3992 1527 4045 is
1542 3992 1669 4046 Ecclesia
1680 3992 1769 4074 splen-

120 4059 218 4115 Dolum
233 4059 414 4117 obedientiam
430 4061 527 4117 dicitur
541 4060 679 4129 obtulisse,
706 4062 814 4130 praefuit
840 4063 916 4118 annis
969 4061 1018 4116 dor
1031 4069 1059 4116 et
1073 4078 1138 4132 opes
1153 4071 1213 4117 tanc
1238 4070 1335 4125 erant;
1366 4078 1451 4131 nequo
1475 4070 1564 4117 tannen
1591 4063 1767 4118 immodicam

122 4131 165 4196 te,
183 4148 265 4201 nsque
285 4133 318 4187 ad
333 4148 471 4188 excessum
487 4134 542 4189 lene
553 4132 688 4188 Pusclralis
701 4134 737 4187 ll.
969 4132 1069 4189 elixcris
1083 4132 1110 4186 in
1124 4132 1255 4200 Golfrido,
1270 4134 1376 4203 qualern
1391 4134 1418 4186 in
1445 4133 1497 4188 aliu
1525 4133 1642 4202 qrrodam
1668 4134 1768 4190 abbate

157 4204 232 4271 (289)
244 4202 435 4259 obedientiam
448 4203 573 4259 chinu.
585 4204 616 4258 ld
631 4211 670 4258 est
679 4205 825 4272 prioratam
836 4204 916 4275 paulo
970 4204 1065 4258 ararito
1078 4204 1233 4273 perstringit
1247 4205 1275 4260 S.
1292 4204 1441 4259 Bernardns
1456 4204 1481 4257 in
1496 4204 1630 4285 Apologia
1643 4205 1677 4258 ad
1694 4206 1767 4260 Guil-

125 4272 235 4328 inlerias
247 4273 452 4343 Quoiatrontis
462 4277 476 4326 i
487 4274 664 4330 Priorobest.
678 4274 915 4342 Ecclesias,cellas,
970 4275 1079 4329 leimam
1094 4274 1220 4330 abbatem
1237 4293 1242 4327 :
1261 4275 1336 4344 Quod
1350 4275 1436 4340 enirn,
1453 4276 1547 4344 inquit,
1564 4281 1596 4330 at
1611 4279 1716 4332 caetero
1728 4281 1768 4332 tc·

124 4342 228 4422 altaria,
244 4359 303 4413 qarae
318 4344 489 4410 raronasterio‚
505 4345 548 4400 rel
564 4345 660 4415 naaion'
684 4346 800 4416 cuipiam
823 4346 917 4401 Eccle-
975 4362 1063 4411 ceant,
1074 4348 1216 4418 specimen
1227 4345 1529 4412 lcumititetiscst,cum
1541 4349 1623 4401 tento
1631 4351 1770 4419 pompaei

125 4428 175 4491 srae·
185 4421 289 4493 perora,
305 4413 367 4493 naria
381 4414 439 4484 ejus
453 4422 517 4469 natu
531 4422 558 4470 et
572 4415 607 4468 im
630 4415 685 4471 erio
699 4422 836 4485 regantur,
861 4417 919 4487 ejas
933 4389 960 4450 D
974 4418 1105 4490 equitatu
1120 4416 1259 4478 incedere,
1272 4419 1363 4472 tantis
1374 4417 1520 4472 nominum
1530 4417 1702 4472 crinitorum
1714 4419 1769 4474 sti-

126 4481 177 4562 loea
193 4483 359 4538 ‹abedienuas
373 4483 514 4540 rorabant.
531 4485 576 4540 Sic
591 4432 637 4538 ai.
654 4501 673 4552 ι,
689 4486 766 4555 epist.
784 4492 810 4554 9,
827 4486 873 4541 lib.
891 4504 919 4553 a,
974 4488 1038 4612 patri
1052 4484 1200 4559 obsequiis,
1212 4493 1351 4558 quotenus
1364 4486 1468 4543 duobus
1478 4487 1614 4559 episcopis
1625 4489 1713 4545 uarices
1723 4489 1771 4544 ab·

128 4560 205 4621 epist.
223 4558 257 4610 32
272 4562 298 4609 et
312 4554 359 4609 lib.
376 4570 403 4620 r,
420 4556 497 4623 epist.
516 4559 559 4609 38.
576 4555 715 4610 Falbertas
728 4556 805 4627 epist.
825 4559 921 4614 lzdtii
990 4559 1046 4614 otis
1060 4557 1216 4613 areltitudo
1228 4559 1376 4628 sufficiet?
1392 4557 1520 4621 derelict,
1535 4558 1562 4613 si
1572 4575 1630 4614 non
1646 4559 1702 4615 vidi
1719 4561 1770 4615 olr-

126 4623 191 4707 duo,
206 4624 335 4681 Vloieaus
345 4626 455 4680 scilicet
466 4631 496 4682 et
510 4626 670 4692 Durendus,
687 4626 766 4683 errabo
774 4630 921 4752 praepositi
975 4629 1066 4683 intem
1082 4631 1114 4682 te
1130 4632 1302 4708 retroactae
1317 4628 1441 4708 emplius
1456 4630 1488 4683 in
1503 4644 1553 4684 sao
1567 4629 1769 4687 ducerecerni-

123 4696 295 4751 stipulantes
308 4696 344 4751 ed
359 4696 530 4752 obedientias
540 4712 644 4753 evitasse
656 4698 725 4754 velte
735 4714 824 4754 encre.
843 4700 921 4770 nepi·
976 4702 1048 4753 tatae.
1065 4699 1186 4753 Trieaita
1200 4714 1283 4767 corros
1298 4699 1341 4752 rani
1357 4715 1483 4769 episcopa
1498 4699 1674 4770 concederet3
1705 4708 1771 4772 quot

125 4765 199 4819 stolis
215 4766 368 4836 pontilicura
383 4767 482 4836 ptarmica
495 4773 524 4822 at
538 4767 636 4823 Urbani
652 4769 675 4822 ll
692 4784 697 4819 :
717 4770 843 4826 Undenas
857 4771 919 4895 eln-
975 4771 1052 4840 paud
1068 4740 1147 4825 lttttiic
1161 4770 1233 4824 alere
1248 4770 1350 4838 pandat
1363 4770 1492 4839 episcopi.

123 4838 457 4911 acopnsorclriepiseopis,
465 4838 609 4911 episcopis,
618 4840 662 4894 ina
671 4855 771 4895 ιιονιιιιι
779 4856 862 4911 paroc
873 4842 920 4897 riis
1010 4841 1085 4908 (titt)
1097 4840 1238 4898 bernardo
1249 4841 1341 4896 cibati
1351 4840 1377 4895 S.
1390 4840 1489 4908 Serpit.
1502 4842 1531 4894 ln
1541 4839 1671 4897 suburbio
1681 4842 1770 4897 Ande-

124 4908 267 4978 prierotea
278 4909 479 4966 ctoicdienticc
487 4910 620 4966 Ecclesiae
631 4858 825 4966 Cinaeiecenris
839 4913 918 4967 cnis-
973 4927 1050 4991 garae
1067 4911 1189 4966 civit-rtis.
1206 4913 1367 4966 Narraeratar
1382 4911 1408 4964 in
1433 4911 1526 4966 littoris
1549 4912 1671 4985 llugonis
1685 4913 1770 4986 legati

125 4981 201 5033 ient.
219 4980 341 5051 Ulgerias
355 4981 444 5050 episco
465 4979 705 5051 nsnnaegavonsis
724 4981 758 5035 ad
775 4981 918 5053 sugerium
973 4989 1041 5036 artu
1055 4981 1176 5048 abbanes,
1191 4983 1235 5052 spa
1261 4982 1384 5037 Falconis
1410 4982 1514 5036 cananitis
1541 4982 1703 5039 absolutioni
1726 4985 1773 5040 ad·

125 5048 293 5104 «leoteriam
301 4998 920 5136 liubertiabitatisllarguliensis:Sonevcnero·
973 5053 1087 5119 l'aerant,
1104 5052 1251 5108 lteraardas
1265 5052 1350 5107 abbas
1364 5052 1413 5106 SS.
1430 5052 1518 5125 Sergii
1539 5061 1569 5108 et
1594 5054 1701 5121 lincoln,
1731 5056 1771 5110 sic

124 5117 918 5193 bilisacreligiosusejusdemloctconucntusgniedscs-
972 5123 1043 5177 enim
1060 5122 1313 5179 lrocnronasteriam
1343 5124 1474 5178 interdum
1495 5123 1655 5204 appellant,
1685 5125 1771 5182 inter-

124 5192 186 5243 tem
194 5189 247 5245 loci
255 5191 334 5247 illios
345 5193 430 5247 etiarm
438 5194 675 5249 ‹irremotissinrir
685 5193 849 5251 obedientiis
857 5210 918 5252 con·
971 5194 1036 5248 llam
1050 5194 1099 5250 SS.
1116 5195 1202 5265 Sergii
1219 5202 1245 5250 et
1260 5194 1388 5261 lledordi,
1405 5201 1432 5248 at
1448 5195 1475 5248 ia
1494 5195 1641 5264 clrprlomate
1665 5196 1772 5253 Clrilde-

124 5264 691 5334 ueramondisderiensiumtelipercsibiia
702 5266 919 5337 l'otremetpos·
970 5264 1037 5319 barti
1055 5267 1090 5319 lll
1106 5266 1187 5338 regis,
1204 5266 1238 5320 ad
1253 5267 1329 5337 errjas
1343 5282 1422 5320 ιιιίιιιι
1438 5266 1613 5321 Clodoraeaar
1629 5267 1654 5322 ll
1682 5267 1767 5341 origi-

125 5335 213 5386 lercm
224 5348 312 5387 aarum
325 5332 513 5389 devincet-ibus
524 5337 692 5391 anonuaterii
702 5336 757 5401 sui,
768 5336 917 5392 liebertum
972 5353 1033 5390 neni
1049 5353 1124 5390 sarain
1140 5338 1258 5392 referant
1272 5337 1396 5391 rnranaclri
1413 5336 1441 5391 S.
1459 5338 1556 5404 Sergii.

123 5402 216 5458 uirum
226 5419 370 5474 crepitum.
380 5403 447 5457 llinc
457 5411 484 5458 et
496 5404 682 5461 obedientiarii
702 5406 916 5461 obedientiarum

1006 5408 1080 5465 latta)
1098 5408 1201 5465 Contra
1218 5411 1377 5463 tortuosum
1392 5407 1576 5463 cisulrdelunc
1590 5407 1685 5464 iilann.
1702 5409 1769 5465 Rai-

122 5474 268 5544 praerositi,
293 5482 321 5528 nt
348 5475 375 5528 in
404 5472 497 5529 litteris
521 5477 657 5531 Innocenti
686 5478 733 5530 ll:
757 5478 867 5533 lta-iores
888 5481 917 5533 et
970 5477 1077 5531 naldura
1092 5478 1769 5552 electamdallegarensern,cajaslaicnomenprae

121 5489 320 5625 obedientiarii
348 5545 579 5626 Clreniocensinen
616 5550 755 5627 fratrum.
784 5548 916 5604 Caeterum
970 5547 1154 5619 indignatione
1181 5550 1332 5620 supprimit,
1361 5549 1409 5604 sed
1437 5549 1558 5604 rronrinat
1582 5550 1697 5621 epistola
1725 5568 1767 5608 se-

120 5630 148 5670 ra
164 5631 234 5687 pago
249 5617 416 5683 Pieuaiensr,
432 5623 528 5687 praeter
543 5618 613 5673 lianc
628 5618 771 5688 prioratum
792 5619 820 5675 S.
851 5619 915 5675 Fla·
969 5620 1069 5699 quenti.
1095 5620 1134 5677 De
1162 5622 1241 5692 hujus
1270 5620 1399 5678 electione
1426 5619 1527 5677 dictum
1556 5627 1596 5679 eat
1621 5620 1692 5694 epist
1718 5626 1764 5693 21,

113 5688 205 5758 rentii,
221 5704 237 5743 a
250 5689 316 5745 Pina
329 5688 411 5744 etiam
426 5703 526 5744 nonren
539 5689 807 5764 geritnronasterium
818 5689 847 5747 S.
858 5691 914 5746 lla·
968 5689 1015 5745 bb.
1032 5706 1072 5745 ιιι.
