3780 6038
52 194 121 248 illd
505 180 798 240 boatoasstotttss
817 180 870 238 SS.
892 182 1043 241 Pitana.
1064 212 1098 227 -
1117 184 1226 241 le.11.
1629 187 1698 242 llll

51 326 120 372 nutu
148 312 198 373 Dei
212 310 328 369 Romani
347 307 488 383 principes
517 324 580 365 cum
607 306 773 365 exercitibus
799 308 851 364 tn·
866 310 895 373 A
909 317 985 365 sunt.
1005 310 1038 366 Et
1065 309 1129 384 quia
1155 310 1214 368 baeo
1241 309 1334 367 omnia
1354 325 1402 383 per
1431 308 1531 367 Christi
1553 310 1702 382 potentiam

54 407 142 463 dream
166 403 349 467 intraverunt,
370 396 523 470 parricidas
550 398 658 453 ttrdaeos
682 397 767 453 variis
781 412 849 468 sup·
905 408 968 454 suot
989 399 1094 466 sedata,
1123 399 1216 455 omnia
1230 408 1293 455 sunt
1307 399 1387 456 nobis
1411 400 1447 455 ad
1463 399 1578 456 salutem
1591 407 1697 471 parata.

56 494 148 567 pliciis
185 493 392 557 interemerunt,
428 485 565 543 civitatem
593 486 766 541 Hierusalem
793 484 852 557 igni
905 488 971 544 ldeo
997 489 1034 544 ob
1048 489 1123 543 nulla
1146 489 1257 561 negotio
1284 489 1470 562 negligamus,
1494 490 1560 561 quin
1587 489 1701 547 totale·

56 589 269 646 succenderunt.
294 583 399 641 Deinde
413 583 449 638 ad
471 584 560 639 exitus
573 582 680 639 viarum
694 582 769 638 servi
780 581 851 637 diri·
906 585 1033 641 alluentia
1047 587 1081 641 ad
1097 586 1194 656 epulas
1209 585 1261 642 Dei
1275 588 1431 643 veniamus.
1450 586 1500 643 Dei
1515 586 1617 659 quippe
1630 602 1700 643 con·

56 687 172 753 guntur,
207 685 233 732 et
253 673 391 747 quoslibet
422 687 522 727 vocare
547 671 748 743 praecipluntur,
788 669 852 742 qnia
906 673 1008 729 rivium
1034 684 1075 731 est
1090 675 1219 747 perennis
1243 674 1462 748 vitagentium.
1495 676 1536 731 ild
1549 677 1602 733 boo
1613 676 1703 733 currit

56 767 192 842 prolecto,
212 765 276 819 dum
308 761 396 819 ludaei
427 762 463 817 ad
496 761 603 832 nuptias
621 760 673 816 Dei
690 759 785 816 venire
803 776 852 815 re·
907 760 1030 835 quisquis
1046 763 1096 820 Dei
1109 771 1242 836 precepta
1268 764 1384 835 implere
1407 766 1516 837 satagit.
1533 765 1574 820 De
1585 763 1702 820 exitibus

55 873 161 932 cusaut,
188 860 303 933 apostoli
322 860 349 914 in
368 859 441 915 rium
470 858 593 932 gentium
617 860 760 925 abeuntes,
787 857 852 912 ido·
905 858 1012 915 riernm
1040 860 1128 916 vocati
1141 861 1177 916 ad
1203 862 1312 933 nuptias
1322 861 1379 931 jam
1406 859 1613 928 discumbimus,
1641 861 1704 933 quis

56 953 169 1008 lolutras
196 951 233 1006 ad
254 949 350 1021 epulas
382 949 432 1004 Hei
451 948 581 1003 invitant.
603 948 692 1003 Bonos
710 955 738 1003 et
765 945 853 1002 malos
906 947 942 1004 de
957 947 1039 1003 variis
1071 949 1211 1005 erroribus
1238 951 1274 1006 ad
1288 957 1463 1008 sacramenta
1483 949 1621 1008 dominica
1634 965 1704 1007 oon·

57 1048 308 1115 congregaverunt,
347 1038 410 1110 quio
441 1037 541 1092 multos
561 1037 693 1108 reprobos
711 1052 772 1093 cum
792 1035 853 1091 ale·
907 1036 1047 1093 venimus.
1085 1038 1120 1093 Et
1143 1038 1214 1107 ideo,
1237 1039 1418 1107 dilectissimi,
1440 1048 1517 1097 reste
1531 1038 1644 1110 nuptiali
1657 1055 1704 1095 re·

56 1139 109 1196 ctis
136 1137 171 1192 ad
189 1135 270 1192 iidem
297 1140 450 1191 traxerunt.
492 1133 598 1205 Nuptiae
623 1133 855 1190 discumbentium
909 1134 1113 1207 splendeamus,
1143 1139 1174 1191 ut
1195 1134 1320 1193 videlieet
1334 1137 1423 1193 Deum
1449 1153 1499 1209 pro
1513 1137 1650 1206 omnibns,
1678 1145 1705 1193 ct

57 1227 216 1298 implentur,
255 1224 367 1295 quando
398 1238 531 1279 numerus
557 1222 706 1278 electorum
725 1220 854 1292 implebi-
909 1223 1049 1294 proximos
1076 1231 1208 1296 tanquam
1222 1239 1273 1279 nos
1292 1224 1368 1297 ipsos
1382 1225 1541 1296 diligamus.
1561 1222 1650 1295 Quem
1677 1225 1706 1281 in

59 1326 112 1373 tur.
151 1317 208 1372 Rex
229 1314 343 1370 intrabit
369 1311 575 1369 discumbentes
603 1311 707 1379 ridere,
746 1311 855 1382 qnando
909 1312 962 1369 lrac
989 1320 1066 1369 veste
1094 1327 1145 1368 rex
1163 1313 1267 1368 intrans
1295 1329 1349 1368 non
1371 1313 1515 1383 invenerit,
1542 1313 1655 1387 ligatum
1671 1315 1706 1371 de

59 1417 92 1472 od
106 1415 237 1485 indicium
254 1413 344 1470 reniet
358 1421 471 1467 cunctos
490 1426 540 1484 pro
564 1410 667 1465 meritis
687 1410 854 1479 discernere,
911 1409 1036 1466 convivio
1054 1410 1116 1479 ejici
1131 1409 1159 1464 in
1187 1411 1316 1466 tenebras
1331 1410 1479 1467 infernales
1501 1411 1621 1480 jubebit.
1647 1413 1706 1468 Ho-

60 1506 131 1560 sieut
150 1504 280 1574 scriptum
299 1508 341 1556 est
357 1518 364 1554 ι
387 1524 398 1549 l
417 1501 511 1556 l'enlut
525 1499 657 1554 Dominus
684 1498 711 1552 in
723 1498 857 1567 judicium
912 1514 973 1554 rum
988 1505 1076 1554 autem
1093 1498 1217 1555 civitates
1232 1499 1299 1568 ipsis
1314 1498 1428 1571 perditis
1441 1508 1603 1555 cremantur
1616 1500 1708 1571 aqui-

60 1610 123 1650 cum
144 1591 219 1647 ouini
242 1592 383 1661 despecto,
406 1610 418 1637 ι
439 1588 491 1643 hoc
511 1594 554 1643 est
571 1595 628 1641 tarn
647 1586 793 1660 diligenter
808 1586 858 1655 jn·
914 1588 964 1643 bns
1000 1587 1076 1643 servi
1112 1586 1193 1643 missi
1212 1587 1315 1657 injuriis
1342 1586 1432 1643 allecti
1458 1596 1616 1655 enecentur,
1645 1588 1708 1661 quia

61 1690 161 1745 dicabit
180 1688 208 1743 io
225 1689 278 1744 boc
298 1686 401 1742 mundo
416 1685 664 1758 despectissimum,
686 1700 765 1756 quem
781 1682 857 1739 omni
870 1666 897 1727 Β
912 1684 1039 1741 nimirum
1049 1685 1219 1741 daemonibus
1232 1684 1367 1756 perdendi
1376 1684 1592 1756 permittuntur:
1621 1684 1711 1757 aqui·

61 1777 152 1852 gloria
167 1775 442 1833 excellentissimum.
472 1774 535 1830 Non
563 1773 678 1828 vestitus
700 1781 776 1829 resta
804 1789 858 1827 nu·
913 1776 965 1830 bus
994 1773 1189 1844 praedicatores
1219 1773 1266 1830 bic
1288 1773 1461 1830 contumeliis
1488 1773 1652 1847 allliguntur,
1681 1784 1710 1832 et

61 1866 138 1939 ptiall
156 1867 230 1922 lorus
249 1864 405 1937 projicitur,
431 1863 494 1935 quia
517 1878 618 1921 carens
636 1861 768 1918 charitate
796 1861 857 1929 Dei,
912 1878 1029 1935 corpora
1052 1863 1160 1920 illorum
1187 1863 1298 1921 demum
1322 1862 1379 1935 igni
1401 1862 1617 1935 inexstinguibili
1642 1879 1709 1921 auc·

62 1964 164 2037 nuptiis
179 1963 240 2035 ejus
255 1962 303 2034 qui
328 1969 369 2018 est
385 1960 504 2017 charites
531 1975 587 2016 nou
611 1958 778 2015 admittetur.
808 1960 861 2015 i'e·
914 1960 1077 2017 conduntur.

63 2052 112 2109 stis
148 2067 265 2125 namque
303 2050 430 2123 nuptialis
467 2057 508 2105 est
542 2047 673 2115 charitas,
692 2064 742 2119 per
778 2063 861 2119 quam
949 2050 990 2105 De
1003 2049 1047 2105 his
1070 2050 1173 2121 nuptiis
1201 2051 1288 2108 texuit
1310 2068 1357 2109 rex
1386 2050 1518 2109 Salomon
1540 2050 1620 2108 dulce
1647 2050 1710 2123 epi·

63 2141 226 2214 adipiscitur
245 2150 347 2197 aeterna
376 2139 496 2197 claritas.
535 2139 630 2193 Hanus
655 2145 682 2193 et
709 2137 794 2208 pedes
822 2136 861 2192 ibi
912 2137 1082 2208 tbalomium,
1096 2140 1163 2195 dum
1177 2140 1205 2195 in
1220 2141 1328 2199 landem
1343 2142 1443 2214 sponsi
1467 2148 1496 2198 et
1511 2140 1627 2213 Sponsae
1654 2157 1706 2212 per

63 2238 174 2293 funibus
192 2244 386 2309 pecccatorum
416 2233 587 2305 ligabuntur,
627 2249 687 2303 quae
705 2233 751 2290 bic
768 2232 861 2305 pravis
915 2236 1045 2308 Spiritum
1081 2239 1220 2295 concinuit
1257 2239 1371 2297 Cantica
1410 2238 1588 2296 canticorum.
1626 2239 1713 2295 Filius

63 2328 196 2399 operibus
231 2326 470 2397 constringuntur.
512 2322 634 2379 Hembra
669 2322 771 2395 quippe
800 2338 862 2394 qnae
915 2310 1015 2398 c‘puippe
1043 2328 1118 2397 regis
1145 2328 1314 2385 Hierusalem
1342 2327 1520 2401 desponsavit
1544 2327 1597 2384 sibi
1623 2326 1711 2384 liliam

64 2417 115 2473 boc
131 2416 166 2473 ad
189 2415 292 2471 malum
314 2414 451 2477 laxantur,
475 2411 515 2467 ibi
533 2412 569 2467 ad
588 2410 753 2484 supplicium
779 2427 861 2469 coar·
914 2416 990 2488 regis
1004 2416 1159 2490 Babylonis,
1174 2430 1372 2491 acceptamque
1386 2418 1501 2474 tradidit
1521 2417 1711 2485 erudiendam,

62 2522 182 2571 etantur.
205 2514 237 2567 ln
269 2510 398 2567 tenebras
434 2508 585 2566 exteriores
604 2509 786 2580 projiciuntur
813 2508 861 2580 qui
915 2523 998 2587 arque
1020 2515 1171 2571 ornandam
1196 2514 1249 2572 sub
1272 2531 1356 2572 manu
1376 2516 1521 2583 custodis;
1549 2515 1609 2587 ipre
1645 2530 1715 2572 vero

63 2619 142 2660 nuno
173 2599 323 2657 interiores
342 2600 468 2655 tenebras
496 2598 694 2656 delectabiliter
711 2597 860 2670 patiuntur.
916 2604 983 2659 abiit
1006 2603 1144 2660 instruere
1157 2604 1325 2669 convivium,
1341 2605 1471 2675 quoniam
1484 2604 1574 2660 denuo
1588 2619 1716 2660 reversus

63 2693 106 2747 lbi
124 2690 176 2748 erit
195 2690 275 2745 llutos
305 2697 332 2744 et
359 2688 463 2744 stridor
480 2687 611 2753 dentium,
628 2688 692 2758 quia
711 2686 863 2742 transibunt
916 2708 979 2748 cnm
994 2692 1098 2765 ingenti
1127 2700 1258 2763 apparatu
1285 2692 1461 2765 maximoque
1487 2691 1561 2748 cultu
1587 2692 1715 2747 installa-

63 2790 100 2845 ab
115 2788 193 2861 aquis
207 2786 310 2842 nivium
325 2786 360 2841 ad
386 2784 504 2841 calorem
530 2783 645 2840 nimium
661 2784 733 2853 (iub.
765 2784 857 2852 xxiv).
916 2796 976 2843 tum
989 2788 1142 2844 introducet
1152 2789 1304 2844 thalamum
1329 2804 1422 2845 secum
1438 2789 1473 2844 ad
1489 2788 1608 2860 nuptias,
1625 2803 1715 2860 sporr-

63 2882 88 2933 Α
105 2879 178 2933 turno
197 2876 298 2932 etenim
322 2874 394 2946 iguis
413 2876 516 2941 lletum,
547 2874 661 2929 animno
688 2872 792 2945 frigore
811 2888 862 2944 pa·
917 2894 955 2933 sae
982 2885 1128 2933 ornatores
1142 2877 1247 2934 ducens
1269 2877 1296 2932 in
1325 2876 1467 2949 palatium,
1498 2877 1558 2947 ejus
1572 2893 1637 2934 vero
1651 2893 1714 2934 cor-

63 2968 168 3023 tiuutur
199 2965 342 3021 stridorem
389 2963 525 3019 dentium.
560 2962 669 3017 «utute
687 2970 779 3017 autern
798 2969 862 3017 sunt
917 2973 1042 3038 ruptores
1056 2966 1168 3021 tradens
1181 2966 1208 3021 in
1223 2965 1344 3024 carceris
1358 2965 1535 3037 supplicium.
1565 2967 1622 3023 Hex
1648 2966 1716 3023 ilie·

64 3066 164 3133 rooati,
179 3064 261 3137 pauci
280 3078 346 3121 vero
363 3062 451 3132 electi,
474 3084 485 3111 i
503 3061 568 3134 quia
586 3060 715 3117 videlicet
728 3058 807 3116 multi
826 3059 862 3116 ad
877 3024 902 3089 C
916 3063 1035 3119 rusalem
1064 3070 1106 3119 ast
1122 3064 1205 3129 Deus,
1234 3062 1315 3133 cujus
1344 3060 1417 3118 lilius
1430 3070 1472 3119 est
1489 3062 1628 3119 Christus.
1656 3064 1714 3120 Hex

65 3155 148 3211 tidem
167 3163 314 3219 vocantur,
352 3152 402 3208 sed
428 3150 479 3207 soli
511 3151 591 3207 electi
610 3149 758 3206 solvantur.
796 3150 863 3205 Duas
914 3150 1058 3224 Babylonis
1084 3158 1126 3207 est
1148 3151 1288 3208 diabolus.
1317 3151 1461 3207 Gentilitas
1489 3167 1558 3208 vero
1584 3160 1641 3208 erat
1655 3152 1715 3220 eius

65 3245 225 3301 vocationes
255 3250 327 3311 sunt,
348 3255 406 3297 una
430 3239 558 3307 exterior,
575 3239 629 3294 alia
651 3238 780 3296 interior.
811 3240 864 3294 Per
917 3239 986 3310 filia,
1001 3248 1147 3298 comesset
1162 3239 1324 3298 idololatriae
1347 3240 1450 3297 dedita.
1465 3241 1542 3297 Hanc
1557 3240 1616 3312 ipre
1630 3254 1646 3296 a
1661 3242 1715 3296 Pa-

66 3342 243 3408 exteriorem,
280 3337 358 3395 multi
380 3354 430 3410 per
456 3336 597 3409 apostolos
626 3343 653 3392 et
669 3335 865 3408 predicatores
918 3345 958 3393 tre
971 3337 1150 3409 desponsavit
1176 3338 1240 3393 dum
1271 3352 1323 3409 pro
1348 3351 1382 3393 ea
1405 3336 1571 3410 sangninem
1598 3336 1716 3393 lundens

65 3431 156 3489 vocati
181 3428 298 3485 suntad
318 3427 404 3483 tidem
426 3441 433 3497 ;
453 3442 503 3497 per
529 3425 687 3481 interiorem
712 3425 792 3497 pauci
814 3439 865 3495 per
918 3426 954 3482 de
975 3426 1086 3484 diabolo
1112 3426 1140 3481 in
1177 3442 1260 3483 cruce
1295 3425 1478 3498 triumphavit.
1501 3426 1579 3483 Hanc
1609 3424 1716 3483 custodi

67 3520 166 3576 Filium
182 3518 262 3576 tracti
282 3516 390 3573 suntad
410 3516 529 3573 Patrem.
545 3516 597 3571 Per
610 3515 776 3571 exteriorem
789 3512 864 3569 mul·
918 3515 1040 3583 tradidit,
1070 3515 1205 3570 dumeam
1220 3515 1310 3571 ordini
1325 3515 1468 3571 doctorum
1483 3515 1574 3572 divina
1598 3514 1661 3588 lege
1674 3514 1717 3571 in·

66 3620 86 3675 ti
104 3622 198 3692 pisces
225 3632 334 3688 sagenae
353 3614 416 3672 fidei
448 3614 624 3679 inhaeserunt,
662 3626 732 3683 quos
759 3610 865 3667 eleeto·
919 3612 1090 3682 struendam,
1128 3612 1244 3683 gemmis
1271 3613 1401 3669 virtutum
1424 3613 1609 3669 decorandam
1638 3628 1717 3669 com·

66 3724 113 3766 res
127 3708 226 3764 iterum
253 3705 327 3762 loras
345 3704 506 3769 miserunt;
533 3718 585 3773 per
611 3700 769 3756 interiorem
784 3698 865 3770 pauci
918 3701 1070 3759 mendarit.
1104 3703 1169 3773 lpse
1196 3718 1262 3760 vero
1289 3701 1355 3758 abiit
1373 3700 1529 3759 convivium
1555 3716 1715 3774 procurare,

66 3798 215 3863 latuerunt,
234 3810 305 3866 quus
328 3793 357 3849 in
376 3808 439 3849 rasa
458 3790 616 3864 elegerunt.
633 3788 712 3845 Nunc
725 3796 788 3844 sunt
816 3803 865 3843 ra·
918 3790 981 3863 quia
1007 3790 1132 3863 proiecto
1152 3790 1278 3848 ascendit
1297 3790 1327 3846 in
1353 3790 1465 3858 cerium,
1502 3790 1594 3846 locum
1617 3789 1643 3848 ei
1664 3806 1716 3863 ap-

67 3892 150 3967 probi
179 3890 304 3965 permisti
322 3890 429 3958 electis,
448 3897 478 3945 ut
502 3887 590 3959 paleoe
621 3885 738 3960 granis;
758 3886 866 3943 Christo
919 3897 978 3945 tum
1005 3888 1032 3944 in
1046 3889 1129 3945 domo
1158 3887 1246 3944 Patris
1264 3904 1314 3960 per
1340 3888 1439 3943 multas
1466 3886 1625 3943 mansiones
1651 3902 1715 3957 pre·

67 3990 245 4038 autemeam
270 3978 423 4036 ventilabro
461 3976 599 4044 veniente,
627 3975 715 4047 palem
741 3991 866 4032 excussae
918 3994 1028 4051 parare.
1057 3976 1155 4033 Denuo
1168 3992 1230 4033 eum
1258 3976 1380 4033 exercitu
1406 3974 1531 4031 omnium
1555 3974 1718 4048 angelorum

66 4070 126 4143 igni
138 4066 353 4142 inexstinguibili
367 4067 511 4125 traduntur
533 4084 540 4133 ;
556 4080 643 4141 grana
657 4073 749 4122 autem
763 4064 792 4121 iu
806 4065 867 4121 bor·
919 4066 1021 4132 veniet,
1049 4079 1165 4137 eamque
1179 4064 1215 4120 de
1230 4061 1403 4135 Babylonioae
1416 4061 1647 4136 peregrinationis
1666 4079 1718 4120 ex-

67 4185 147 4227 reum
161 4166 473 4242 congregabunturllei.
919 4161 981 4218 silio
996 4168 1083 4225 eruet,
1113 4166 1196 4232 atque
1220 4158 1249 4213 in
1273 4157 1411 4216 civitatem
1439 4158 1529 4215 Putris
1556 4158 1600 4215 sni
1613 4158 1717 4233 glorio·

840 4276 866 4332 1,
920 4266 977 4307 sam
1007 4247 1178 4304 Hierusalem
1207 4263 1269 4305 cum
1297 4262 1405 4304 summo
1442 4246 1563 4319 tripudio
1590 4246 1720 4305 introdu-

103 4284 138 4339 Et
156 4299 216 4350 nos,
254 4280 435 4347 dilectissimi,
454 4280 489 4335 ad
507 4278 615 4351 nuptias
634 4277 684 4335 liei
712 4293 774 4333 cum
793 4292 838 4333 mu
1403 4336 1410 4348 .
1487 4338 1491 4347 ,

68 4372 105 4429 tis
132 4371 222 4429 vocati
250 4386 353 4439 sumus,
392 4369 549 4425 studeamus
582 4367 661 4423 bonis
679 4366 796 4432 notibus,
834 4372 904 4435 utD
920 4348 972 4398 ⁰⁰¹·
1011 4339 1086 4393 T¹¹¹¹⁰
1101 4336 1373 4409 Sd⁰n⁸ae⁰ffl⁸¹⁰fe⁵
1388 4335 1470 4392 ⁸¹¹¹¹¹¹¹
1484 4337 1634 4405 ¹¹¹¹f⁸b¹¹¹¹b
1654 4337 1720 4410 (1⁰1⁸

68 4469 237 4543 cumpaucis
251 4467 333 4525 electi
347 4468 445 4523 simus.
480 4465 624 4521 Prandium
650 4463 730 4520 nobis
744 4463 866 4536 quotidie
920 4437 967 4514 ‘lui
994 4436 1146 4537 E⁰P¹²⁸5⁸ffl
1169 4436 1214 4535 ¹35⁰
1229 4436 1339 4509 ⁸⁰fdd¹i⁸
1364 4435 1502 4537 Vffldlssffl
1529 4437 1717 4506 5⁰⁵²H¹¹⁰li¹¹b

68 4566 194 4633 pamm,
215 4559 280 4614 dum
306 4573 386 4613 sm
401 4555 539 4626 Sosippu„
562 4568 624 4610 cum
652 4568 770 4624 corpore
785 4553 867 4608 Chri,
920 4536 948 4585 et
976 4527 1055 4627 bools
1069 4524 1201 4627 exemplis
1216 4533 1438 4597 perornaverrnt,
1464 4542 1527 4583 cum
1552 4527 1718 4585 illatuncin

69 4649 106 4706 ⁸ss
134 4648 215 4705 nobis
242 4646 416 4720 proponitur·
435 4644 516 4700 Tauri
530 4643 565 4699 ,d
579 4644 632 4700 ho,
646 4642 803 4699 convivium
816 4657 867 4699 ω,
920 4624 1021 4687 nuptns
1036 4615 1113 4687 Agur
1139 4614 1222 4670 utsol
1251 4613 1408 4687 fulgebunt.
1440 4615 1637 4673 Persecutores
1651 4631 1719 4673 vero

70 4746 121 4804 cisi
135 4753 209 4815 sum,
235 4744 298 4817 qui,
325 4741 442 4816 apostoli
470 4740 541 4798 muri
568 4739 665 4815 gregi,
691 4739 802 4797 Domini
816 4755 868 4812 ppo
922 4715 968 4788 qui
982 4731 1044 4772 eam
1071 4714 1228 4771 lacerantes
1240 4712 1297 4768 rim
1312 4711 1473 4783 intulerunt,
1504 4714 1665 4772 etbaeretici
1679 4723 1720 4770 at·

70 4835 232 4892 inritatione
245 4834 343 4890 barum
356 4831 498 4902 epularum
526 4829 651 4887 exstincti
666 4827 867 4885 occubuerunt.
922 4800 1159 4879 ‘1¹¹⁰schismatici
1189 4801 1236 4873 qni
1250 4806 1524 4901 etmtorrttperuot,
1540 4807 1605 4860 tunc
1618 4802 1646 4858 in
1660 4811 1719 4858 sto-

71 4926 113 4983 tto
127 4925 180 4982 hoo
195 4924 277 4980 etiam
306 4921 462 4980 convivium
489 4918 575 4976 altitia
598 4918 691 4976 occisa
714 4926 790 4984 sunt,
805 4917 869 4991 quia
922 4909 1011 4968 gnum
1046 4890 1120 4966 58¹¹ss
1151 4895 1178 4947 θ*
1201 4889 1342 4963 ³⁰¹l¹h¹¹f¹³
1372 4891 1449 4948 mim
1476 4899 1610 4964 perpelli)
1637 4889 1720 4947 ⁸¹⁶0·

72 5021 228 5097 quicuoque
242 5020 278 5077 ad
293 5018 416 5076 coelestia
444 5026 537 5075 mente
551 5016 741 5085 convolantes,
762 5014 869 5086 probis
922 4985 1003 5040 Μ·

71 5111 162 5184 epulis
205 5108 334 5182 prostrati
361 5114 437 5164 sunt.
467 5105 550 5163 Tauri
573 5120 681 5178 quoqne
717 5111 871 5175 persecuto
957 5107 1000 5165 Ne
1014 5104 1094 5177 hujus
1103 5110 1227 5162 exsortes
1254 5101 1375 5161 convivii
1403 5102 1499 5173 dinus,
1527 5101 1611 5160 variis
1637 5102 1723 5163 doen·

72 5218 119 5259 res
146 5199 268 5268 luerunt,
298 5196 345 5270 qni
359 5195 487 5254 cornibus
509 5192 679 5252 crudelitatis
692 5190 790 5250 fideles
803 5210 870 5253 ven·
923 5195 1026 5254 mentis
1039 5192 1148 5249 instruit
1170 5207 1222 5249 nos
1247 5191 1398 5249 Dominus.
1425 5193 1526 5249 Narrat
1547 5192 1622 5249 enirn
1648 5194 1723 5267 quod

72 5299 229 5363 tilaverunt,
245 5294 295 5351 sed
308 5293 417 5351 Christo
443 5290 639 5362 reuientoJam
653 5290 777 5349 enervati
790 5302 865 5349 sunt.
924 5285 1033 5361 quidam
1067 5282 1212 5339 ficulneam
1235 5281 1262 5338 in
1287 5280 1370 5339 vinea
1394 5297 1445 5339 sua
1469 5280 1606 5349 babuerit,
1633 5290 1725 5357 etper

74 5384 202 5443 l'olatilia
228 5392 319 5440 autem
335 5380 459 5439 baeretici
485 5380 657 5447 exstiterunt,
679 5380 727 5453 qui
740 5381 871 5453 quodam-
926 5391 982 5439 tres
995 5377 1225 5447 annosveniens‚
1253 5375 1372 5433 trucium
1401 5377 1429 5433 in
1459 5392 1493 5434 ea
1509 5393 1566 5435 non
1579 5377 1724 5450 invenerit,

73 5474 157 5532 modo
181 5471 295 5528 adalta
317 5471 490 5537 volaverunt,
528 5469 638 5542 quando
663 5468 693 5525 in
713 5471 812 5529 eoelum
838 5487 871 5529 os
925 5478 953 5529 et
966 5486 1001 5528 ne
1015 5469 1118 5526 diutins
1145 5474 1244 5523 terram
1269 5465 1372 5522 sterilis
1398 5475 1557 5539 occuparet,
1586 5468 1728 5527 succidere

74 5578 235 5647 posuerunt,
264 5576 293 5626 et
305 5568 477 5643 iniquitatem
490 5567 518 5624 in
543 5566 657 5625 excelso
670 5576 769 5627 eontra
782 5571 872 5629 Deum
924 5558 1088 5634 praeierit
1115 5558 1199 5627 (W-
1235 5553 1294 5627 ¹¹¹)·
1324 5555 1451 5613 ¹³thssst
1479 5554 1583 5613 “015¹ss
1596 5555 1626 5611 in
1649 5558 1729 5613 linet

75 5659 161 5723 locuti
174 5664 260 5729 suot;
288 5656 368 5716 seda
395 5656 546 5715 Catlolicis
567 5655 632 5717 uicti
659 5664 686 5743 et
699 5659 872 5737 exterminati
926 5660 985 5719 erat
999 5656 1150 5732 synagoga
1162 5653 1193 5713 in
1214 5650 1537 5729 tegernseensem
1562 5666 1618 5727 qus
1632 5652 1729 5711 iterni-

237 5776 370 5865 Pompa.
387 5772 507 5863 coiit.
1532 5770 1572 5833 88
