3780 6038
105 180 153 239 ³21

137 302 220 375 Sign.
237 299 502 370 Ei'ernrdicomitis
513 306 538 355 et
548 298 666 355 filiorum
681 298 740 369 ejus
750 297 865 354 Gilberti
875 306 902 353 et

102 391 226 447 ilenrici.

135 480 218 551 Sign.
237 478 345 534 Milonis
360 486 386 533 et
401 479 493 534 iratris
508 478 569 551 ejus
586 476 711 533 ll'alteri,

136 570 218 641 Siga.
231 568 355 640 lingonis
370 576 396 623 et
412 567 502 623 iratris
517 566 727 636 ejuswarneri.

136 658 216 728 Siga.
233 656 342 713 llerrriei
356 657 492 711 advocati.

136 755 220 827 Siga.
243 753 351 809 Domini
369 754 494 810 ll'idonis
508 754 615 810 abbatis
635 753 752 810 cenobii
773 754 800 808 S.
827 751 903 823 apri.

138 842 220 913 Sign.
240 842 350 899 Domini
366 842 491 897 l'inbaldi
513 844 620 898 abbatis
636 843 752 899 comobii
769 843 800 899 S.
825 844 905 896 llan-

102 940 187 998 sueti.

139 1027 209 1081 bata
224 1042 253 1081 rr
269 1027 333 1081 idus
348 1026 478 1082 Octobris
488 1025 515 1079 iu
526 1026 650 1097 plenaria
662 1027 778 1099 synode,
791 1024 905 1081 annoab

103 1114 295 1169 iucarnatione
311 1115 417 1169 Domini
443 1115 521 1184 idib,
546 1115 696 1171 indictione
724 1115 841 1181 stenima,
859 1131 905 1169 re-

102 1214 209 1275 gnante
225 1204 344 1258 ilenrico
368 1205 402 1257 tv
425 1205 608 1259 Romanorum
627 1220 703 1276 rege,
728 1220 799 1259 anno
826 1207 905 1279 regni

102 1299 227 1369 ejusdem
249 1314 316 1363 xer,
334 1299 593 1357 duceTheodorico.

138 1388 200 1460 Ego
219 1388 361 1443 Waltorns
383 1389 561 1444 cancellarius
595 1391 726 1461 decanus,
755 1401 782 1451 et
797 1393 904 1450 archid.

101 1477 255 1549 recognovi
275 1485 301 1533 et
320 1477 484 1549 subscripsi,
502 1487 583 1551 atque
603 1481 720 1551 signori.

490 1632 526 1684 ll.

104 1750 336 1805 Controversiam
351 1753 479 1807 i'oioncm
490 1754 714 1811 internicionem
726 1760 752 1811 S.
761 1757 872 1827 drueth
880 1762 909 1813 et

130 1823 909 1947 olibetisseprburcrieoscmdepentcquodamexortem

135 1908 276 1963 cerapcsea
293 1933 299 1946 .

361 2020 451 2091 (Διιιιο
467 2024 559 2090 idib.)

104 2114 157 2185 [b.
177 2116 301 2183 Cumas,
310 2117 378 2173 ibid.
391 2135 419 2189 p.
430 2121 493 2188 i'tl,
505 2136 540 2175 ex
552 2121 709 2179 authentico
718 2125 889 2181 ltuxerieusi.
901 2127 910 2196 ]

147 2205 179 2258 ln
194 2206 305 2262 nomine
325 2215 427 2262 sanctae
439 2215 464 2262 et
478 2207 626 2263 individue
640 2211 790 2279 Trinitatis
813 2214 909 2282 Patris,

106 2308 136 2356 et
152 2302 222 2367 Filii,
239 2311 265 2357 et
280 2304 397 2375 Spiritus
412 2305 511 2373 sancti,
528 2306 593 2361 Pibo
603 2308 690 2378 gratia
701 2309 750 2364 bei
760 2310 911 2366 Leucorum

106 2390 223 2461 praesul.

142 2478 276 2547 Quoniam
288 2482 380 2537 divina
392 2483 480 2554 gratia
493 2484 605 2554 dignata
619 2494 660 2541 est
670 2503 731 2554 rios,
747 2504 801 2543 uon
812 2489 912 2544 nostris

109 2570 226 2637 meritis,
248 2570 282 2625 ad
301 2573 439 2642 pastorale
464 2573 582 2629 odicium
612 2591 785 2647 promovero,
807 2587 925 2649 oportet.

111 2669 142 2715 ut
164 2678 210 2715 res
230 2672 330 2717 nostru·
349 2663 475 2719 ecclesiae
494 2663 608 2719 solerter
632 2666 792 2721 studeamus
812 2674 866 2723 tam
885 2668 913 2721 in

112 2749 233 2804 minimis
257 2767 338 2823 quam
367 2750 446 2806 etiam
466 2752 492 2806 iu
512 2754 639 2808 morieris
662 2757 818 2825 providere.
838 2756 913 2825 Quam

112 2846 227 2909 propter
242 2841 483 2895 noveritomnium
503 2843 656 2913 posteritas,
668 2852 721 2898 tam
737 2846 913 2915 presentium

114 2943 197 2998 quani
213 2928 373 2993 tutoremm,
388 2931 460 3000 qued
475 2930 554 2985 suerit
570 2940 667 2986 exorta
683 2934 822 2989 contentio
842 2934 914 2989 inter

114 3015 183 3071 duas
198 3016 331 3085 abbatias,
343 3018 448 3075 scilicet
456 3020 655 3075 buxeriensem
670 3029 770 3077 nostre
781 3022 913 3089 ecclesie,

115 3120 143 3167 et
156 3112 250 3169 Sancti
265 3115 395 3185 hrnulphi
424 3116 552 3172 lietensis
567 3117 702 3183 ecclesie,
735 3119 770 3175 de
797 3121 915 3191 quodam

114 3210 199 3272 ponte
213 3218 296 3274 quem
311 3203 419 3259 noviter
442 3212 634 3261 construxerat
663 3207 802 3263 abbatissa
820 3210 914 3265 buxe-

116 3290 216 3345 riensis
231 3308 314 3362 super
326 3309 405 3347 suum
419 3294 558 3364 proprium
574 3293 697 3363 tundunt,
715 3298 763 3352 sed
781 3306 873 3354 tamen
887 3298 915 3353 in

114 3377 208 3434 banno
223 3388 249 3434 et
268 3397 348 3435 cursu
381 3396 470 3453 aquae,
498 3383 610 3440 nemine
637 3387 738 3453 Martii,
765 3386 916 3457 pertinente

113 3476 149 3531 ad
163 3477 300 3532 abbatiam
329 3479 424 3535 Sancti
451 3481 570 3547 Amulii,
594 3499 646 3553 pro
672 3500 725 3554 qua
743 3483 916 3539 contentione

114 3566 301 3623 amicabiliter
315 3567 472 3623 ditlinienda
487 3573 671 3626 convenimus
681 3588 734 3644 ego
749 3580 776 3627 et
804 3572 915 3629 contra-

115 3663 157 3709 ter
171 3663 266 3711 noster
278 3658 406 3711 lietensis
418 3658 551 3715 Ecclesiae
568 3661 731 3717 venerabilis
745 3662 845 3732 praesul
859 3662 914 3717 lle·

116 3754 275 3817 tirrannus,
291 3771 352 3809 cum
367 3755 436 3811 duce
456 3757 638 3825 Theoderico,
659 3766 741 3830 atque
762 3759 917 3814 venerando

118 3842 224 3897 abbate
239 3841 359 3898 ll'aloue
374 3845 492 3899 coeuobii
502 3845 597 3902 Sancti
619 3846 733 3915 broelli,
750 3847 796 3902 ubi
820 3847 917 3918 dispo·

119 3931 235 3995 suimus,
255 3930 372 3987 fraterna
386 3932 521 3988 charitate
537 3935 682 4001 rnediaute,
699 3946 833 4007 quatenus
849 3953 918 4007 prae·

118 4027 209 4083 dictus
227 4028 312 4081 abbas
342 4029 508 4085 concederet
530 4031 568 4085 ibi
588 4030 646 4086 lieri
674 4041 794 4104 pentem,
823 4049 856 4090 eo
875 4043 920 4091 te-

119 4132 190 4171 nore
207 4124 237 4170 ut
247 4117 384 4171 annuatim
404 4117 456 4173 sibi
479 4118 683 4188 persolveretur
697 4138 796 4177 census
810 4138 851 4177 xu
865 4124 920 4179 do-

122 4204 263 4260 nariorum
280 4204 398 4275 publice,
415 4208 486 4261 teste
501 4209 587 4262 saneti
606 4209 732 4280 llemigii,
752 4218 778 4266 et
792 4212 827 4267 ad
846 4212 921 4267 liuns

121 4307 238 4349 censum
262 4293 447 4363 recipiendum
468 4303 542 4351 esset
564 4312 688 4366 praesens
716 4314 749 4354 eo
771 4299 819 4355 die
838 4315 919 4370 supra

122 4397 236 4459 pontem
254 4389 364 4463 legatus
391 4392 498 4447 abbatis
523 4392 616 4449 Sancti
643 4394 756 4455 arnolti,
787 4397 823 4451 ab
854 4397 921 4452 hora

120 4478 222 4549 prima,
242 4495 332 4550 usque
351 4481 385 4535 ad
400 4489 523 4551 sextam3
540 4496 594 4553 qua
608 4489 745 4540 transacta
758 4484 866 4557 legatus
880 4501 923 4541 re·

123 4568 249 4623 cederet.

159 4656 189 4711 Si
208 4672 277 4712 vero
296 4674 383 4729 usque
409 4659 445 4713 ad
474 4674 617 4730 vesperam
646 4660 752 4732 legatus
777 4662 923 4718 abbatissa·

123 4745 303 4801 buxeriensis
317 4746 486 4817 persolveret
497 4748 653 4817 predictum
666 4764 778 4804 censum
787 4751 859 4821 apud
868 4751 923 4807 cel·

125 4834 182 4889 lam
209 4835 314 4899 Laium,
344 4835 528 4905 susciperetur
553 4836 613 4891 sine
633 4836 751 4904 justitia.
785 4839 813 4893 Si
832 4847 923 4895 atatem

126 4929 197 4985 ultra
216 4936 323 4984 noctem
338 4929 492 5001 negligeret
506 4931 678 5000 persolvere,
695 4932 722 4985 in
733 4932 923 4989 crastinored·

125 5019 204 5074 deret
222 5034 285 5074 curn
298 5018 401 5087 iustitia
419 5017 511 5086 .Quod
526 5018 548 5073 si
561 5035 631 5089 pons
652 5035 702 5090 per
715 5020 857 5086 incuriam,
878 5029 925 5077 aut

125 5107 285 5163 imminente
308 5108 410 5177 impetu
428 5123 516 5179 aquae,
541 5108 623 5163 tuerit
641 5109 809 5169 destructus,
825 5118 853 5164 et
871 5125 922 5166 no·

126 5196 226 5253 luerint
240 5196 392 5263 restituere,
413 5196 497 5251 abbas
517 5196 610 5251 Sanrtt
635 5196 751 5267 Amulii,
773 5196 868 5255 redeat
889 5199 926 5255 ad

126 5297 272 5368 pristinam
297 5295 380 5353 banni
412 5295 453 5351 sni
481 5296 715 5363 consuetudinem,
740 5304 766 5353 et
789 5296 927 5355 abbatissa

126 5386 161 5442 ad
184 5400 299 5441 suarum
325 5384 437 5441 narium
465 5384 689 5442 transmeantium
713 5386 925 5459 antiquitatem;

129 5483 154 5531 et
170 5474 292 5531 eradicet
313 5482 417 5529 statuas
442 5472 528 5547 ipsius
547 5474 649 5547 pontis,
668 5490 704 5531 nc
731 5475 786 5531 sint
806 5474 926 5549 impedi-

129 5572 222 5621 mento
232 5563 388 5634 piscaturae,
404 5563 448 5618 sel
462 5563 576 5619 naribus
589 5563 698 5621 abbatis
709 5564 800 5622 Sancti
809 5564 925 5621 drnnlti.

130 5654 167 5711 m
178 5668 246 5712 rere
255 5652 316 5711 bec
329 5658 424 5711 nestra
437 5652 590 5711 communis
603 5652 727 5711 diffinido
740 5662 803 5713 rata
821 5662 850 5715 et
866 5658 929 5737 sta-¹

817 172 1036 231 ntttottath.

916 296 1050 361 Abibilis
1079 296 1273 369 perpetualiter
1298 306 1416 365 maneat,
1443 300 1584 355 statuimus
1612 303 1664 360 boc
1692 304 1752 361 chi·

958 389 1127 459 regrephum
1151 385 1297 454 conscribi,
1331 396 1463 457 quatenus
1491 399 1606 462 utraque
1643 393 1755 451 abbatia

957 482 1035 537 istius
1060 476 1236 547 chirographi
1265 483 1370 543 partem
1399 477 1505 543 bahem,
1527 480 1561 533 ad
1589 482 1755 537 continnae·

958 578 1024 633 dnm
1042 576 1122 645 hujus
1141 581 1240 628 nostrie
1259 570 1428 627 ditliuitienis
1447 578 1607 646 perpetuale
1627 581 1754 638 testimo·

958 666 1047 721 nium.

994 755 1055 827 Ego
1076 752 1156 818 Pron,
1176 748 1312 804 Tullensis
1332 746 1463 805 Ecclesiae
1482 755 1592 823 praesul,
1612 756 1733 829 signori.

994 852 1071 923 Siga.
1092 848 1240 920 primicerii
1261 847 1392 918 liugouis.

995 940 1072 1011 Siga.
1094 936 1226 991 lamberti
1245 934 1440 991 arciridiaconi.

995 1029 1072 1100 Siga.
1094 1024 1216 1097 liugonis
1235 1024 1340 1078 archid.

996 1116 1076 1188 Siga.
1097 1112 1217 1169 illeirici
1233 1112 1339 1168 archid.

995 1208 1062 1260 item
1082 1203 1153 1273 sign.
1175 1200 1294 1257 Odclrici
1313 1203 1410 1258 arcbid

996 1294 1074 1367 Siga,
1097 1291 1227 1346 briderici
1246 1291 1366 1347 comitis.

995 1391 1077 1461 Sign.
1102 1388 1222 1445 Odelrici
1242 1388 1368 1445 advocati
1387 1390 1421 1445 de
1439 1391 1571 1448 Nanccie.

996 1480 1073 1549 sign.
1094 1477 1211 1533 hiberti.

997 1568 1074 1640 Sign.
1095 1564 1204 1621 ilenrici
1223 1565 1359 1621 advocati.

922 1640 948 1699 B
1000 1657 1077 1729 sign.
1098 1654 1330 1727 lingonense.

962 1770 968 1781 ·
999 1745 1076 1818 Siga.
1097 1742 1244 1813 berengeri
1264 1744 1402 1799 advocati.

998 1837 1058 1907 Ego
1077 1833 1165 1906 gratia
1195 1832 1243 1885 bei
1263 1833 1445 1888 llerimannus
1472 1838 1600 1895 tielensis
1630 1844 1761 1905 licclesiar

963 1924 1118 1995 episcopus,
1138 1920 1253 1977 corrsiiio
1273 1929 1428 1976 nostrerum
1447 1923 1569 1983 bdelium
1588 1929 1705 1990 laudari.

999 2020 1076 2091 Sign.
1094 2017 1238 2072 hiberonis
1262 2018 1398 2087 primicer.

1000 2109 1077 2180 Sign.
1101 2106 1211 2162 lticheri
1230 2107 1327 2161 decani
1345 2115 1371 2162 et
1388 2111 1584 2170 archidiaconi.

999 2197 1079 2267 Siga.
1103 2194 1231 2249 ll'alonis
1245 2196 1351 2251 abbatis
1371 2198 1463 2255 Sancti
1478 2204 1599 2260 hrnuili.

1001 2294 1077 2366 Siga.
1098 2290 1227 2347 Gerraldi
1245 2294 1441 2352 archidiaconi.

1001 2388 1081 2460 Siga.
1106 2381 1238 2441 iohannis
1258 2384 1361 2438 aerarii.

1001 2478 1081 2550 Sign.
1101 2473 1218 2532 Folnrari
1238 2472 1354 2529 comitis.

1002 2567 1079 2639 Sign.
1099 2563 1238 2621 benzonis
1257 2560 1398 2618 advocati.

1002 2655 1082 2727 Sign.
1101 2652 1239 2709 tltrenonis
1259 2650 1293 2705 de
1313 2651 1468 2708 Tinclrerei.

1002 2744 1082 2815 Siga.
1101 2740 1252 2797 llaimonis.

1003 2841 1083 2913 Siga.
1106 2838 1238 2895 Everardi
1256 2837 1290 2891 de
1311 2837 1463 2892 hernantio.

1004 2930 1081 3001 Siga.
1103 2927 1232 2983 attentet.

1004 3018 1084 3091 Sign.
1109 3016 1228 3073 Ottonis.

1006 3108 1083 3180 Sign.
1105 3104 1252 3163 lamberti.

1004 3196 1081 3268 Siga.
1104 3194 1241 3250 llodeuis.

1004 3285 1084 3357 Siga.
1108 3282 1234 3339 Gererdi.

1004 3386 1106 3439 Actum
1116 3381 1187 3436 Tulli
1198 3380 1306 3451 publice
1320 3394 1393 3434 anno
1407 3379 1556 3438 Dominica·
1571 3384 1769 3448 iucarnationis

970 3474 1050 3535 1⁰73,
1067 3468 1215 3525 indictione
1230 3484 1267 3531 xi,
1285 3484 1313 3523 ιιι
1326 3468 1441 3525 Kalend.
1456 3472 1528 3537 llaii,
1544 3486 1676 3547 regnante
1691 3480 1768 3536 lien.

970 3560 1140 3629 ricojuvene
1156 3558 1337 3612 Romanorum
1349 3573 1425 3629 rege,
1435 3558 1579 3617 ducamem
1594 3568 1672 3636 regni
1682 3568 1768 3626 Theo·

969 3647 1060 3704 dorico
1073 3647 1144 3702 duee
1161 3653 1289 3717 regente.

1007 3747 1074 3801 bata
1094 3759 1143 3815 per
1161 3760 1258 3797 mantis
1271 3742 1427 3799 cancellarii
1446 3754 1473 3801 et
1491 3749 1676 3808 archidiaconi
1692 3756 1771 3811 ll'al·

971 3834 1032 3901 teri,
1061 3832 1271 3904 astipulantibus
1297 3832 1403 3888 idoneis
1426 3838 1619 3909 suprascriptis
1639 3843 1764 3900 testibus.

1358 3950 1404 4003 iil.

974 4048 1156 4117 Geraiirnretio
1170 4047 1383 4120 prieiiepiorem
1394 4050 1537 4117 prioratus
1552 4052 1586 4108 ee
1600 4054 1768 4115 detinentis.

1269 4147 1359 4213 (hono
1381 4146 1477 4213 tort.)

1213 4258 1293 4331 {bom
1313 4260 1439 4327 (laeum,
1459 4262 1539 4332 ibid]

930 2998 956 3061 C

1015 4373 1165 4431 innomine
1180 4374 1277 4439 Patris,
1293 4384 1320 4431 et
1335 4375 1405 4440 Filii,
1422 4386 1449 4433 et
1463 4378 1577 4449 spiritus
1589 4384 1688 4440 sancti.
1702 4388 1773 4445 Utile

975 4478 1151 4534 summepere
1168 4470 1195 4519 et
1213 4465 1403 4519 necessarium
1422 4475 1464 4522 est
1477 4470 1629 4526 rectoribus
1643 4475 1773 4533 ecclesia·

976 4568 1037 4607 rum
1057 4560 1194 4623 gestarum
1210 4568 1300 4607 rerum
1319 4553 1515 4625 dispositiones
1528 4558 1563 4613 ad
1583 4562 1708 4619 notitiam
1722 4581 1773 4635 pe-

976 4649 1110 4697 stererum
1127 4640 1274 4697 litterarum
1300 4644 1441 4699 memoria·
1459 4644 1605 4705 ilrnissime
1632 4666 1774 4708 commen-

974 4729 1048 4785 dare.
1065 4731 1219 4786 lnnetescat
1242 4729 1322 4800 igitur
1335 4730 1471 4787 universis
1485 4742 1589 4791 sanctae
1605 4740 1701 4795 matris
1717 4741 1775 4797 Ec·

976 4818 1068 4875 alesin
1087 4816 1149 4872 filiis
1178 4826 1204 4873 et
1223 4816 1353 4873 iratribus
1372 4820 1501 4891 qrroniam
1524 4838 1577 4895 ego
1598 4825 1662 4880 l‘ibo
1685 4829 1775 4899 gratia

977 4917 1026 4972 Dei
1050 4914 1185 4971 'l'ullensis
1204 4914 1360 4986 episcopus,
1391 4918 1521 4986 praeibas
1536 4926 1564 4973 et
1579 4922 1667 4991 gratia
1688 4926 1773 4981 eomi-

977 5012 1051 5069 tissae
1069 5012 1178 5083 Sophiee
1190 5011 1297 5067 dilectre
1316 5010 1378 5067 tiliae
1396 5019 1505 5078 nostres,
1521 5017 1667 5085 qnamdam
1682 5022 1775 5078 eccle-

979 5101 1050 5158 siam
1064 5101 1092 5156 in
1117 5102 1220 5156 itenere
1241 5098 1329 5155 beatae
1343 5100 1445 5165 itariae,
1463 5118 1543 5172 quam
1558 5103 1618 5175 ipsa
1639 5124 1656 5161 u
1674 5110 1775 5167 lunda-

979 5197 1070 5247 mento
1097 5195 1298 5254 construxerat,
1322 5189 1491 5245 cousecmvi.
1521 5192 1577 5249 Sed
1600 5196 1662 5267 quia
1690 5216 1777 5269 pei-0.

977 5284 1067 5342 chiani
1095 5282 1244 5339 hsruantiu
1278 5282 1375 5355 priscis
1399 5287 1567 5357 temporibus
1594 5290 1710 5361 subiecti
1741 5298 1775 5353 ad

978 5372 1278 5428 Domuum-hlaninum
1303 5372 1418 5440 lucrant,
1449 5374 1520 5432 sicut
1534 5386 1562 5433 et
1586 5378 1703 5437 aliarum
1718 5385 1776 5441 cir-

978 5460 1191 5531 cumiacentium
1203 5460 1584 5537 villarum,scilicetdelnyo,
1603 5467 1639 5523 de
1661 5470 1779 5529 OEmuut

980 5558 1074 5629 letior,
1091 5559 1126 5615 do
1137 5560 1273 5629 liemontl,
1290 5562 1325 5619 dc
1338 5560 1483 5633 blanzeyo,
1498 5562 1569 5619 etde
1588 5564 1734 5639 Secbamp,
1749 5576 1778 5625 et

980 5668 1053 5713 nunc
1061 5662 1090 5715 et
1101 5654 1142 5715 illi
1155 5655 1191 5713 de
1202 5657 1347 5719 hsmentia
1359 5666 1387 5717 at
1396 5658 1431 5717 de
1442 5658 1584 5732 predictis
1599 5660 1674 5721 villis
1683 5677 1779 5723 omnes

1700 176 1752 237 ea
1852 152 1855 157 ’
