3780 6038
103 227 169 283 tottt
575 222 871 282 nurtonhrtorttts
890 222 939 281 SS.
956 222 1112 285 Phrhtttt.
1131 255 1167 266 -
1184 226 1248 280 Lttt.
1269 226 1304 280 ll.
1682 227 1753 284 1081

102 349 209 424 aliquid
223 365 298 407 esse.
317 350 376 408 Hoc
390 349 425 407 de
438 349 511 407 malo
527 351 599 423 qnod
622 367 732 423 semper
762 354 804 406 est
832 349 899 406 nihil
914 349 1015 412 Asius
1030 349 1057 404 in
1071 350 1168 422 spiritu
1183 350 1243 407 sive
1258 350 1285 405 in
1300 365 1427 424 corpore.
1444 349 1542 407 Omnia
1564 351 1665 424 quippe
1692 367 1758 424 quse

103 451 206 507 dictum
222 449 265 506 sit.
279 449 355 505 Sicut
370 449 443 504 enim
458 449 512 504 cluo
527 457 590 504 suut
604 449 688 518 bons,
705 448 811 504 seilicet
820 448 903 518 justi·
957 447 1045 501 aDeo
1059 445 1132 502 lacte
1144 454 1216 513 sunt,
1232 455 1259 501 et
1271 446 1404 502 unitatem
1419 448 1566 518 quamdam
1580 447 1607 502 in
1623 463 1653 503 se
1662 454 1759 505 osteu-

104 541 141 596 tit
156 548 184 595 et
198 539 381 606 commodum,
398 539 436 594 ite
459 547 522 594 sunt
539 540 594 594 duo
608 538 681 593 mala
709 555 805 596 eorum
835 553 898 595 eon·
960 535 1037 603 dunt,
1054 544 1080 590 et
1096 536 1227 607 speciem,
1245 544 1271 591 et
1286 536 1419 592 ordinem.
1445 535 1585 608 Quidquid
1610 536 1682 592 euim
1706 538 1759 592 ho-

104 629 198 696 traria,
214 628 242 683 iel
257 637 297 685 est
312 627 446 698 injustitia
460 635 487 684 et
509 628 724 685 incommodum.
747 631 806 686 lloo
829 627 905 684 scili·
959 640 1020 679 rum
1035 631 1086 691 est,
1103 632 1129 679 et
1143 641 1226 680 unum
1246 624 1348 697 aliquid
1372 632 1414 681 est
1437 626 1507 681 sicut
1531 633 1634 681 natnrae
1657 640 1759 697 corpo-

105 734 149 783 cet
169 726 371 782 incommodum
391 725 538 797 eliqueudo
567 725 634 780 nihil
660 730 702 781 εει
726 732 759 780 ut
785 724 904 789 eaeoitas,
961 738 1022 778 rum
1037 730 1064 779 et
1078 722 1189 793 iugenio
1204 724 1379 790 animarum3
1409 732 1436 779 ει
1459 724 1551 797 aliqua
1576 724 1669 795 specie
1696 725 1756 780 lor-

105 814 251 886 tliquando
271 822 312 869 εει
330 813 433 885 aliquid
451 820 479 868 ut
502 813 618 869 doloret
640 813 758 868 tristitia.
781 813 834 868 Sed
855 813 907 867 hoc
960 820 1060 877 matur,
1076 812 1144 868 siout
1162 822 1223 867 suut
1239 812 1335 882 ligura)
1359 814 1401 869 uel
1427 814 1571 884 qualitates
1600 829 1755 885 corporum,

110 904 214 960 melum
229 919 289 958 cum
302 903 406 975 aliquid
423 911 464 957 est
474 902 563 957 Deum
581 906 671 959 iecere
685 917 740 958 non
762 917 905 969 negamus,
961 915 993 957 ae
1007 900 1138 957 doctriua*¹
1152 900 1196 956 vel
1212 911 1286 957 artes
1308 904 1461 957 animorum
1480 921 1486 967 ;
1512 911 1539 959 et
1561 902 1686 959 ordinem
1713 901 1761 957 ali·

109 1025 120 1051 ι
137 1001 198 1074 quia
213 1000 275 1072 ipse
291 1009 331 1057 est
347 1001 448 1057 iaciens
463 1016 559 1073 pacem
575 1008 601 1056 et
616 1017 711 1056 creans
724 1001 826 1055 melum
842 1001 905 1066 (lea.
961 1014 1042 1069 quem
1057 997 1125 1068 petit
1139 1006 1185 1053 aut
1201 1007 1285 1063 tenet,
1302 1001 1373 1055 siout
1391 1008 1452 1054 sunt
1462 1000 1585 1071 pondere
1608 999 1651 1057 rel
1673 1000 1760 1057 collo-

105 1094 179 1157 xur).
199 1112 210 1139 ε
228 1091 314 1145 ltem:
330 1113 341 1139 ι
358 1092 419 1146 Non
435 1099 476 1146 εει
491 1090 594 1145 malum
608 1089 759 1156 incivitate,
772 1089 907 1162 quoduon
962 1088 1085 1144 cotiones
1101 1102 1259 1158 corporum,
1280 1097 1361 1160 atque
1376 1105 1485 1144 amores
1498 1093 1580 1160 atque
1606 1089 1762 1145 delectatio·

104 1177 186 1235 iaciat
201 1180 334 1237 Dominus
362 1182 455 1249 (Amor
479 1181 531 1249 ιιι).
559 1202 570 1229 ι
601 1180 663 1250 lpse
683 1194 802 1251 namque
823 1183 906 1233 creat
961 1192 1011 1232 nes
1025 1177 1189 1231 animarum.
1206 1178 1270 1232 llaee
1286 1177 1350 1245 trie,
1367 1178 1412 1232 ubi
1426 1193 1528 1251 magna
1552 1183 1626 1248 sunt,
1650 1194 1761 1251 magum

106 1276 280 1333 incommoda
295 1277 394 1349 quibus
410 1280 519 1333 exercet
535 1285 560 1332 et
575 1284 674 1350 purgat
686 1277 777 1345 iustos
791 1282 818 1331 et
832 1274 908 1346 punit
960 1280 1064 1329 noturae
1079 1280 1141 1329 sunt
1156 1287 1164 1343 ;
1180 1272 1226 1327 ubi
1244 1288 1338 1343 parta,
1354 1289 1446 1344 parvm
1470 1282 1575 1330 naturae
1599 1283 1661 1329 sunt
1678 1292 1685 1338 ;
1712 1273 1761 1329 ubi

104 1365 231 1436 injustos.
247 1366 398 1422 llludvero
427 1366 529 1421 malum
554 1365 628 1439 quod
653 1365 753 1421 dicitur
780 1363 908 1433 injustitie
961 1361 1034 1416 nulle
1050 1370 1121 1428 sunt,
1135 1361 1208 1416 nulla
1223 1370 1322 1417 notura
1337 1370 1389 1417 est.
1413 1362 1513 1418 llelum
1533 1363 1644 1435 quippe,
1668 1362 1694 1417 id
1718 1370 1763 1418 est

105 1471 248 1528 nunquam
265 1465 305 1511 est
320 1454 431 1527 aliquid,
454 1471 505 1511 neo
520 1455 603 1511 alicui
620 1455 658 1510 roi
673 1462 714 1510 est
729 1453 831 1526 aliquid
846 1468 908 1509 esse
962 1451 1100 1521 corruptio
1115 1466 1162 1505 seu
1176 1450 1298 1517 amissio,
1315 1451 1358 1507 vel
1373 1451 1460 1514 modi,
1476 1453 1519 1507 rel
1534 1451 1647 1523 speciei,
1661 1451 1704 1508 rel
1718 1466 1762 1508 or·

105 1552 206 1622 injusta
221 1568 293 1608 esse.
309 1552 358 1608 Vel
373 1553 413 1609 sie
427 1568 525 1609 creans
548 1553 649 1608 melum
678 1560 704 1608 ει
731 1551 833 1608 iaciens
856 1551 907 1607 bo·
962 1546 1034 1602 dinis
1048 1547 1189 1616 naturalis,
1207 1547 1229 1601 si
1244 1563 1357 1603 omnem
1383 1547 1503 1615 modum,
1529 1547 1661 1619 speeiem,
1685 1547 1761 1604 ordi·

105 1657 171 1698 num
190 1641 374 1715 intelligitur:
395 1642 496 1698 Creare
523 1649 564 1698 est
593 1642 741 1714 disponere
764 1649 790 1695 et
816 1647 909 1711 aptare
963 1652 1026 1692 nem
1041 1635 1157 1703 aulernt,
1173 1635 1245 1692 nulla
1261 1637 1411 1692 remanebit
1432 1645 1526 1692 natura
1546 1655 1553 1691 :
1576 1651 1609 1692 ec
1636 1652 1685 1708 per
1710 1637 1763 1693 hoo

105 1730 221 1802 sliquid.
247 1731 329 1789 Unde
352 1730 475 1788 dieitur:
502 1730 635 1787 creantur
657 1730 794 1796 consules,
820 1729 847 1784 id
865 1736 907 1784 est
922 1713 948 1773 Β
964 1747 1025 1801 quae
1044 1730 1185 1802 corrumpi
1204 1738 1304 1802 potest,
1324 1731 1405 1788 etiam
1433 1732 1494 1804 ipsa
1521 1731 1632 1802 aliquod
1660 1730 1762 1787 bonum

106 1829 275 1885 ordinentur
286 1836 313 1884 ει
327 1836 454 1897 aptantur
468 1827 503 1883 ad
517 1828 579 1899 hoc,
595 1835 623 1884 ut
642 1836 738 1899 postet
760 1827 911 1883 formentur
966 1837 1029 1885 est:
1050 1844 1105 1885 non
1124 1828 1197 1884 enim
1216 1828 1242 1884 ei
1268 1843 1370 1885 nocere
1402 1836 1492 1899 potest
1525 1827 1676 1899 corruptio,
1709 1826 1762 1882 nisi

107 1922 136 1977 ει
150 1917 214 1973 liant
227 1918 365 1976 consules.
383 1918 461 1973 Crent
476 1934 544 1991 ergo
568 1918 643 1974 Deus
671 1917 783 1983 melum,
810 1917 839 1973 id
868 1926 911 1974 est

109 2016 262 2082 peceatum,
279 2008 388 2081 quando
403 2017 479 2079 aptat
493 2016 520 2063 et
534 2007 640 2063 ordinat
664 2006 784 2079 aliquem
805 2007 855 2073 sio,
882 2013 912 2061 ut

109 2106 208 2162 babeat
227 2105 380 2176 potentiam
399 2104 543 2177 peccandi.
564 2105 644 2174 Quod
672 2105 701 2159 lit
721 2120 781 2161 cnm
811 2103 836 2160 ei
863 2118 912 2175 por

105 2194 221 2253 liberum
251 2194 392 2251 arbitrium
415 2195 461 2250 dat
490 2195 637 2266 potentiam
664 2201 692 2252 et
733 2193 911 2267 aptitudinem

108 2285 183 2342 bene
201 2283 320 2354 vivendi,
342 2284 391 2341 sed
412 2284 502 2355 ipsum
521 2283 659 2351 affectum,
675 2284 704 2339 id
719 2292 760 2340 est
773 2284 843 2340 bene
866 2283 912 2339 vi-

109 2399 176 2440 vere
189 2398 244 2438 uon
258 2382 316 2451 dat,
339 2381 409 2439 sicut
433 2381 498 2438 lacit
516 2397 618 2439 cecum
642 2382 734 2438 dendo
759 2381 910 2453 potentiam

112 2471 234 2538 videndi,
250 2480 277 2527 et
292 2471 381 2542 ipsum
394 2471 527 2538 habitum,
544 2471 572 2527 id
587 2479 629 2527 εει
642 2471 731 2527 visum
756 2472 799 2527 vel
823 2471 909 2528 visio-

111 2577 176 2618 nem
191 2560 329 2633 neqando.
344 2559 421 2615 Fecit
435 2576 501 2616 vero
515 2560 627 2627 bonum,
639 2560 668 2615 id
682 2568 724 2617 est
739 2560 838 2617 lormat
859 2560 909 2632 ju-

109 2667 183 2715 stum
202 2658 246 2714 eui
264 2657 382 2730 largitur
404 2673 461 2713 nou
490 2657 580 2713 solum
608 2658 758 2729 potentiam
783 2658 907 2728 justitiae,

110 2749 160 2806 sed
173 2748 256 2804 etiam
269 2747 358 2818 ipsam
368 2746 509 2815 justitiam,
525 2747 629 2803 scilicet
643 2746 762 2802 sormam
777 2748 835 2815 ejus
862 2764 909 2818 po·

966 1917 1113 1974 adimendo
1129 1925 1156 1973 et
1166 1917 1315 1973 minuendo
1330 1917 1443 1972 bonum.
1459 1916 1561 1972 bialum
1574 1916 1764 1989 quoquebene
1860 1914 1867 1925 ’

966 2006 1123 2062 ordinatum
1139 2014 1170 2062 ct
1184 2006 1246 2063 loco
1261 2022 1311 2061 suo
1339 2007 1469 2079 positum,
1495 2005 1659 2062 eminentius
1686 2021 1763 2062 eom-

965 2105 1076 2160 meudat
1093 2105 1164 2161 bona
1178 2112 1207 2159 ut
1222 2105 1309 2176 magis
1320 2104 1446 2176 placeant
1461 2113 1488 2160 et
1502 2104 1682 2161 laudabiliore
1698 2104 1761 2170 sint,

967 2194 1032 2249 dum
1043 2202 1237 2265 comparantur
1250 2194 1340 2250 malis.
1357 2194 1432 2251 Sicut
1442 2203 1534 2250 eutem
1544 2193 1682 2252 contraris
1692 2208 1762 2250 oon-

966 2283 1059 2338 treriis
1074 2283 1201 2354 opposita
1215 2283 1353 2340 sermonis
1374 2283 1607 2355 pulchritudinem
1633 2282 1760 2350 reddunt,

966 2380 1004 2435 ita
1019 2381 1136 2453 quedem
1152 2396 1207 2436 non
1222 2380 1380 2448 verborum,
1406 2381 1456 2437 sed
1480 2397 1574 2437 rerum
1602 2378 1761 2452 eloquentia

965 2469 1166 2527 contrariorum
1182 2470 1355 2542 oppositione
1370 2471 1462 2527 saeculi
1476 2470 1651 2541 pulchritudo
1673 2483 1762 2541 oppo-

964 2559 1046 2629 nitur,
1063 2567 1145 2630 atque
1166 2560 1236 2615 ordo
1258 2559 1420 2617 saeeulorum
1450 2567 1581 2634 tauquam
1605 2556 1761 2631 pulcherri-

965 2673 1036 2712 mum
1052 2673 1163 2714 carmen
1178 2657 1259 2713 etiam
1275 2657 1440 2728 quibusdam
1464 2658 1603 2714 antithetis
1627 2658 1760 2713 honeste·

964 2754 1020 2802 tur.
1041 2746 1118 2805 Unde
1132 2746 1264 2817 scriptum
1279 2758 1375 2802 εειιι
1403 2747 1502 2803 Contra
1530 2748 1630 2802 mulum
1660 2747 1760 2802 bonum

110 2837 214 2895 tentiae.
231 2836 299 2892 llinn
313 2835 432 2893 dieitur:
452 2858 463 2885 ι
482 2837 543 2906 lpse
566 2835 643 2902 dixit,
668 2843 695 2891 ει
724 2835 797 2893 lacta
823 2846 906 2901 sunt;
965 2842 1016 2903 est,
1032 2843 1059 2891 et
1072 2842 1296 2893 contremortem
1311 2835 1376 2900 uite,
1392 2836 1463 2892 sicut
1476 2843 1573 2892 contre
1594 2835 1669 2906 pium
1693 2849 1759 2906 pee-

110 2935 253 2993 mandavit
261 2943 287 2990 et
295 2942 387 2990 creata
395 2942 459 2989 sunt
470 2935 559 3005 (Psoi.
570 2934 687 3004 xxxxi»
700 2934 909 2990 blandamushis
964 2942 1054 2989 ector.
1073 2934 1108 2989 Et
1123 2934 1162 2990 sic
1177 2933 1284 2990 intuere
1306 2934 1399 2990 omnia
1421 2933 1565 2990 Altissimi.
1597 2932 1662 2989 Dina
1688 2932 1761 3001 bina,

112 3024 162 3097 qui
176 3023 259 3097 longe
273 3028 334 3077 sunt
349 3021 455 3087 remoti,
469 3021 586 3078 dicimus
596 3021 638 3076 his
653 3022 699 3093 qui
720 3037 805 3093 prope
828 3030 902 3077 sunt.
965 3039 1049 3078 unum
1062 3032 1159 3079 eontra
1174 3040 1256 3079 unum
1271 3023 1373 3095 (dccli.
1389 3024 1497 3094 xxxtu).
1515 3046 1526 3072 ι

112 3114 185 3169 ⁰⁰¹⁰
199 3129 267 3169 νοω
281 3111 349 3167 nihil
362 3118 404 3166 ⁶⁵²
420 3110 511 3183 ¹⁰¹¹ss'et
529 3111 579 3166 ⁰i⁵¹
596 3111 668 3183 ‘1¹¹0d
679 3110 704 3166 Εἰ
715 3110 908 3178 θειᾱὶῧςὶωῃθ·
1000 3140 1044 3194 Ex
1058 3138 1139 3195 bonis
1153 3148 1255 3205 autem,
1266 3139 1293 3195 id
1304 3147 1345 3196 est
1356 3155 1388 3195 ex
1399 3138 1486 3195 libero
1494 3138 1608 3195 srbitrio
1616 3138 1762 3195 voluntatis

111 3227 201 3284 prope
216 3208 289 3281 quod
304 3217 347 3265 εει
361 3207 459 3263 simile.
477 3208 531 3264 Sed
546 3224 661 3263 summae
671 3206 806 3275 essentia,
823 3207 849 3263 id
869 3216 909 3263 est

110 3302 179 3366 Deo,
195 3298 260 3371 quid
274 3305 317 3354 εει
331 3296 502 3363 dissimilius,
519 3312 602 3370 quem
616 3295 646 3352 id
660 3297 733 3368 quod
755 3296 821 3351 nilril
836 3304 877 3353 εει
891 3297 906 3353 i

111 3389 183 3461 Quid
201 3386 318 3444 similius
337 3401 418 3459 quam
438 3385 465 3441 id
485 3386 558 3459 quod
586 3400 641 3440 uon
661 3386 748 3442 solum
775 3392 828 3452 εει,
859 3386 908 3442 sed

111 3487 193 3545 etiem
213 3485 359 3542 formatum
378 3484 449 3539 est‘?
477 3484 612 3539 blandarit
643 3483 725 3556 igitur
757 3486 834 3539 Deus
867 3484 909 3539 his

111 3593 174 3651 quae
187 3591 242 3632 non
258 3574 431 3639 exstiterunt,
446 3580 473 3629 et
489 3573 543 3628 imo
558 3573 652 3644 procul
673 3574 707 3629 eb
733 3589 766 3629 eo
790 3573 907 3641 luerunt,

112 3674 140 3724 et
158 3673 251 3722 erecte
269 3671 341 3731 sunt,
362 3663 390 3718 id
409 3671 451 3717 est
470 3669 564 3731 aptatu
583 3666 610 3719 et
633 3662 765 3733 disposita
793 3663 827 3717 ad
857 3663 909 3720 hoc

112 3770 142 3819 ιιι
156 3762 258 3820 lormas
277 3776 342 3816 suas
362 3759 529 3832 reciperent.
561 3760 636 3814 Dixit
660 3767 751 3814 autem
780 3760 822 3814 bis
848 3778 910 3833 quae

109 3853 168 3924 jam
186 3859 279 3908 orente
298 3858 384 3919 eraut,
404 3859 430 3906 et
449 3850 504 3905 imo
521 3857 698 3905 accesserant
726 3849 752 3906 ei
778 3865 829 3921 per
860 3866 910 3921 po·

112 3941 227 3999 tentiam
247 3939 395 4010 reeipiendi
413 3938 544 4004 sormam,
565 3946 592 3994 et
611 3937 682 3994 lecte
709 3946 783 4006 suut,
812 3939 839 3994 id
869 3946 911 3994 est

113 4039 245 4096 formato.
269 4036 348 4108 Quod
367 4046 458 4092 autem
479 4038 552 4092 Deus
576 4037 666 4091 omnia
693 4035 785 4104 iaciat,
813 4037 841 4092 id
870 4045 912 4093 est

115 4129 223 4195 lormnt,
240 4127 303 4181 inde
317 4125 448 4197 probetur
462 4125 525 4196 quia
539 4133 614 4181 creat
629 4126 733 4181 omnia.
760 4125 812 4194 Qui
838 4128 912 4182 euim

114 4219 220 4274 initium
234 4216 281 4271 dot
294 4215 390 4271 creatis
405 4214 497 4281 rebus,
515 4214 573 4285 ipse
588 4229 698 4287 quoquo
712 4214 819 4286 perlicit
830 4231 889 4270 eas.

335 4324 405 4378 ltem
420 4321 453 4376 dc
468 4320 538 4376 bono
553 4323 583 4376 ct
597 4321 685 4375 reolo.

964 3245 1024 3293 orta
1038 3246 1100 3292 suut
1114 3236 1197 3292 mela.
1212 3238 1307 3309 Neque
1322 3239 1374 3294 hoo
1396 3237 1505 3293 Domini
1527 3236 1682 3309 refragetur
1705 3251 1763 3291 seu·

963 3326 1049 3381 tentia
1064 3342 1115 3397 qua
1131 3325 1199 3380 dixit
1216 3343 1222 3379 :
1242 3348 1253 3374 a
1271 3326 1332 3381 Nou
1347 3333 1438 3396 potest
1460 3326 1542 3381 arbor
1566 3326 1637 3381 bona
1658 3324 1762 3381 fructus

965 3414 1053 3470 malos
1068 3412 1160 3470 lacere
1176 3414 1286 3485 (hatti.
1304 3418 1364 3486 ιιι),
1379 3415 1429 3469 »id
1440 3413 1563 3471 estbona
1575 3414 1698 3470 uoluntas
1708 3428 1764 3468 uou

964 3520 1053 3586 potest
1068 3511 1160 3567 lacere
1178 3512 1249 3566 mala
1264 3527 1357 3583 opera,
1373 3512 1477 3569 scilicet
1490 3512 1584 3568 tandiu
1596 3511 1666 3567 malt
1681 3509 1764 3566 arbor

963 3610 1056 3658 rnanet
1070 3601 1099 3656 in
1113 3606 1288 3673 peccatorum
1304 3601 1449 3669 fructibus,
1467 3601 1593 3674 quandiu
1612 3600 1648 3656 ed
1670 3597 1764 3672 poeni-

963 3691 1075 3746 tentiam
1090 3706 1144 3745 non
1156 3689 1343 3758 convertitur,
1360 3699 1388 3746 ει
1403 3691 1499 3746 tandiu
1516 3691 1587 3747 boue
1601 3690 1686 3745 arbor
1705 3703 1762 3744 uon

964 3789 1029 3846 feeit
1057 3788 1143 3843 malos
1166 3787 1280 3856 fructus,
1308 3788 1428 3861 quandiu
1457 3789 1485 3843 in
1509 3788 1599 3844 studio
1634 3784 1765 3843 bonitatis

965 3886 1125 3950 perseverat
1141 3893 1148 3947 ;
1164 3878 1213 3933 sed
1228 3895 1261 3934 ex
1277 3878 1349 3934 bona
1363 3876 1481 3933 bominis
1496 3886 1594 3932 natura
1622 3877 1687 3933 oriri
1714 3890 1766 3932 vo·

965 3967 1054 4023 luntas
1069 3976 1095 4022 et
1111 3966 1183 4021 bona
1198 3974 1288 4038 potest
1302 3973 1329 4021 et
1342 3966 1421 4020 male.
1437 3966 1591 4036 Numquam
1614 3980 1680 4020 vero
1704 3979 1765 4018 me-

966 4065 1020 4121 lum
1038 4071 1126 4136 potest
1141 4080 1213 4133 esse,
1228 4064 1274 4119 ubi
1289 4064 1392 4118 nullum
1405 4069 1446 4118 εει
1463 4063 1575 4117 bouum
1601 4061 1681 4118 Unde
1694 4061 1766 4117 mire

968 4171 1011 4210 res
1026 4150 1170 4210 conficitur
1185 4160 1223 4217 ut,
1240 4152 1303 4223 quie
1318 4150 1409 4207 omnis
1422 4158 1519 4205 notura
1537 4155 1675 4215 bonusest,
1698 4148 1765 4205 nihil

967 4241 1040 4297 aliud
1051 4241 1105 4297 dici
1116 4241 1249 4308 videntur,
1266 4256 1326 4294 cum
1336 4239 1442 4296 uitiosa
1453 4248 1553 4294 natura
1566 4238 1765 4295 maledicitur:

969 4335 1046 4392 verbi
1058 4335 1156 4408 gratie,
1170 4334 1260 4391 malus
1275 4336 1356 4391 homo
1372 4335 1503 4407 quoniam
1523 4332 1623 4390 malum
1647 4334 1763 4391 bonum.

152 4432 219 4487 Cum
232 4429 303 4485 bone
318 4436 344 4484 ει
358 4426 431 4481 mala
445 4426 499 4481 sint
513 4426 659 4492 contraria,
686 4425 821 4482 contrarie
845 4442 911 4482 vero
925 4430 952 4490 D
967 4427 1056 4480 Homo
1070 4425 1142 4479 cuim
1158 4433 1198 4479 εει
1214 4433 1321 4488 natura,
1337 4433 1364 4480 et
1380 4425 1481 4481 bouum
1496 4430 1547 4491 est,
1563 4430 1591 4479 et
1605 4423 1698 4479 vitium
1722 4430 1766 4481 εει

117 4530 183 4585 nulli
200 4530 238 4584 rei
254 4527 333 4584 simul
345 4526 436 4582 inesse
451 4531 575 4596 possunt,
590 4526 663 4581 mela
677 4534 768 4581 tamen
790 4532 817 4582 ει
841 4525 913 4582 bona

117 4634 173 4676 non
189 4618 276 4674 solum
292 4631 354 4671 esse
377 4624 492 4685 possunt
514 4615 604 4683 simul,
629 4616 678 4671 sed
701 4615 774 4671 mele
801 4615 912 4672 omniuo

118 4708 177 4765 siue
191 4707 280 4772 bonis,
296 4711 322 4760 et
335 4703 388 4759 uisi
403 4703 430 4757 iu
445 4703 523 4758 bouis
538 4719 599 4759 esse
623 4718 677 4760 uon
701 4713 825 4775 possunt,
853 4706 914 4779 quia

119 4806 143 4862 si
157 4807 258 4861 bonum
272 4817 326 4857 non
341 4808 425 4866 esset,
441 4815 557 4870 prorsus
573 4816 626 4857 nee
649 4800 750 4855 malum
775 4817 838 4856 esse
861 4816 913 4873 po·

118 4894 228 4961 tuisset,
245 4891 378 4963 quianon
392 4889 474 4945 modo
491 4889 536 4944 ubi
552 4890 724 4956 consisteret,
740 4889 788 4945 sed
798 4898 824 4945 et
843 4890 915 4947 unde

119 4985 239 5043 oriretur
253 4980 363 5045 malurn,
379 4979 407 5034 id
422 4985 464 5034 est
478 4978 618 5048 corruptio
628 4985 741 5042 naturae,
755 4978 859 5035 scilieet
869 4996 915 5035 ex-

120 5079 274 5139 terminatio
289 5078 362 5145 boni,
375 5076 419 5133 vel
434 5076 519 5131 minui
541 5075 612 5131 bono
638 5089 692 5131 non
716 5074 839 5142 heberet,
864 5076 916 5132 nisi

119 5174 197 5225 esset
210 5166 285 5239 quod
296 5170 515 5236 corrumperetur
530 5162 632 5218 bonum
649 5178 655 5218 :
680 5161 782 5217 malum
805 5162 916 5235 quippe,

119 5255 148 5313 id
164 5263 206 5313 est
221 5256 369 5326 corruptio,
386 5254 476 5325 privet
497 5266 608 5321 semper
630 5259 755 5306 naturam
776 5250 918 5325 qualicun-

121 5370 176 5429 que
190 5354 274 5411 bono.
288 5352 360 5408 Nam
374 5350 469 5407 minuit
484 5350 544 5421 ejus
566 5347 697 5419 speciem,
729 5348 773 5406 vel
796 5350 916 5417 modum,

121 5443 165 5501 vel
180 5442 316 5509 ordinem,
331 5441 401 5496 sicut
416 5440 482 5495 vitiu
496 5438 658 5495 animorum
673 5444 737 5494 sunt
750 5437 919 5510 privationes

122 5530 286 5588 naturalium
299 5531 436 5586 bonorum
451 5535 478 5583 et
500 5525 600 5595 morbi,
623 5533 651 5583 ει
671 5526 784 5583 ιιιιιιειε
810 5526 920 5599 privent

126 5642 247 5702 corpore
261 5628 387 5685 senitete.
401 5625 466 5682 llree
485 5640 603 5697 nemque
627 5624 690 5694 trie,
715 5625 796 5693 ordo,
821 5625 921 5683 modus

125 5718 245 5793 species,
258 5715 402 5793 peuerell·
415 5722 477 5773 suut
491 5713 564 5771 boue
575 5712 606 5771 in
618 5711 702 5771 rebus
715 5727 733 5771 ι
746 5714 806 5775 Deo
828 5713 921 5787 leem,

967 4515 1084 4570 malum.
1104 4515 1165 4570 Non
1181 4522 1222 4570 est
1237 4522 1327 4569 tamen
1342 4514 1441 4569 malum
1458 4514 1571 4583 bonum,
1595 4528 1687 4587 neque
1713 4514 1766 4570 bo-

968 4630 1032 4669 uum
1048 4613 1149 4668 melum
1167 4628 1173 4667 :
1189 4613 1253 4669 ideo
1268 4612 1343 4685 quod
1358 4613 1439 4668 homo
1463 4612 1552 4668 mtlue
1575 4628 1628 4668 nou
1652 4617 1693 4666 est
1714 4610 1767 4667 uisi

969 4702 1071 4757 bonum
1085 4702 1200 4757 malum.
1220 4702 1308 4757 llomo
1322 4716 1421 4772 nempe
1450 4700 1552 4758 bonum
1580 4707 1631 4766 est,
1661 4697 1766 4754 malum

968 4791 1103 4863 iniquum.
1119 4792 1155 4847 lit
1169 4790 1289 4847 cavenda
1304 4799 1346 4847 est
1360 4790 1406 4846 ille
1420 4788 1579 4861 prophetica
1603 4787 1739 4843 sententie
1756 4804 1764 4842 ι

972 4889 1048 4944 el'm
1064 4887 1106 4942 his
1119 4887 1166 4957 qui
1180 4888 1274 4944 dieunt
1293 4888 1366 4960 quod
1396 4886 1496 4942 bonum
1524 4893 1567 4940 est
1598 4884 1711 4952 ιιιιιιιιιιι,
1740 4892 1768 4941 ει

971 4978 1044 5049 quod
1060 4975 1162 5032 melum
1178 4984 1220 5031 εει
1235 4977 1335 5031 bonum
1350 4976 1431 5047 (leni.
1447 4985 1486 5043 vt.
1504 4996 1516 5022 ε
1534 4971 1610 5044 Opus
1625 4973 1698 5029 enim
1717 4970 1768 5029 Dei

970 5066 1081 5137 culpant
1097 5066 1171 5138 quod
1186 5074 1228 5121 ost
1242 5070 1335 5132 homo,
1351 5071 1376 5119 et
1392 5062 1486 5118 vitium
1515 5061 1634 5117 hominis
1656 5061 1769 5118 landant

970 5164 1044 5236 quod
1060 5171 1101 5219 est
1116 5162 1256 5234 iniquitas.
1269 5161 1365 5217 Omnis
1379 5175 1445 5217 vero
1468 5166 1566 5215 nature
1591 5159 1644 5215 etsi
1672 5159 1769 5219 uitiosa

972 5260 1024 5322 ost,
1040 5253 1207 5324 inquantum
1217 5258 1313 5305 natura
1334 5249 1522 5315 estbonsest,
1536 5247 1704 5323 inquantum
1726 5248 1768 5306 vi-

972 5349 1041 5407 tiosa
1056 5357 1098 5405 est
1113 5347 1187 5403 mele
1201 5355 1254 5403 est.
1269 5347 1374 5404 Netum
1388 5362 1499 5420 quoque
1522 5345 1657 5415 sentiens,
1686 5346 1770 5404 etiam

973 5455 1034 5495 cum
1050 5436 1134 5504 dolet,
1150 5435 1251 5493 melior
1265 5444 1307 5494 est
1321 5452 1404 5509 quem
1423 5435 1493 5508 lapis
1517 5452 1580 5508 qum
1604 5451 1662 5492 uon
1679 5441 1771 5507 potest

973 5527 1086 5591 dolere;
1100 5526 1238 5582 rationulis
1250 5542 1315 5585 vero
1324 5524 1496 5599 prestantior
1504 5533 1547 5581 est
1555 5523 1637 5582 etiem
1655 5525 1769 5590 misere,

973 5641 1060 5701 quem
1073 5624 1120 5682 illa
1134 5641 1195 5697 quo
1210 5624 1325 5683 rationis
1339 5623 1384 5683 rel
1397 5638 1497 5681 sensus
1512 5630 1557 5679 est
1566 5619 1779 5688 euperem».-

975 5714 1046 5777 dieti
1056 5730 1128 5795 erqo
1140 5723 1211 5775 suut
1222 5714 1276 5791 qm
1282 5712 1467 5773 mutabimur.
1480 5705 1651 5763 mannhun,
1659 5694 1812 5761 ww-
