3780 6038
109 231 161 288 921

583 230 878 292 nantoanrlenes
897 233 947 291 SS.
963 232 1120 292 elenau.
1138 263 1175 277 —
1192 233 1257 289 tra.
1277 235 1299 289 l.

1712 237 1763 291 922

111 350 293 425 Desponsarit
307 359 397 409 autem
412 353 698 426 Cleophasfiliastram
721 375 809 428 suam,
831 360 906 415 scili·
920 358 949 420 Α
964 368 1025 415 eant
1039 366 1142 415 noshas
1156 359 1222 415 dues
1235 367 1345 425 mortes,
1374 374 1455 414 unam
1484 357 1614 429 corporis,
1643 359 1756 415 alteram

110 450 154 497 cet
167 450 288 498 sanctam
302 443 414 498 llariam
430 452 543 500 matrem
565 446 674 502 Domini
697 449 841 520 virginem,
864 449 909 503 lo·

110 531 178 601 seph
193 530 268 585 iralri
283 547 342 600 suo,
358 533 403 602 qui
419 534 477 604 ejus
490 534 652 607 virginitatis
666 537 837 608 integerrime
859 553 909 592 cu·

108 628 164 676 stos
178 627 205 675 et
218 621 344 675 solatium
360 620 411 676 fait
429 630 456 678 et
478 625 654 680 connutritor.
683 627 789 682 Mortuo
820 634 909 681 autem

108 708 242 778 Cleopha,
258 708 367 779 quidam
382 710 491 766 Salome
516 714 620 784 accepit
640 713 730 784 ipsam
755 718 860 771 Annam
884 721 910 769 et

108 797 249 869 generarit
263 797 439 855 exealiliam
469 800 586 869 tertiam,
614 802 695 857 eliam
722 803 834 858 hieriam
863 818 910 858 no·

107 892 181 948 mine
198 911 204 948 :
222 910 303 965 quarn
317 895 462 952 Zebedaeus
477 898 580 969 aceepit
593 915 716 969 uxorem,
735 908 761 956 et
770 901 863 973 genuit
876 916 909 955 ex

108 999 140 1039 ea
149 983 280 1039 Jacobam
293 992 318 1040 et
329 986 490 1041 Iohannem.
502 988 578 1043 Unde
591 987 627 1042 ita
636 997 678 1043 est
687 988 906 1061 intelligendum:

107 1072 191 1127 llario
205 1073 311 1141 iacobi,
327 1074 455 1130 subaudis
469 1083 555 1131 mater
567 1091 573 1145 ;
586 1085 612 1131 et
623 1077 741 1144 Salome,
753 1078 910 1133 subauditur

105 1159 172 1216 iilia.
187 1161 253 1216 Tres
267 1178 333 1235 ergo
348 1163 420 1220 viros
439 1167 516 1220 huna
540 1164 643 1235 hebuit,
668 1168 802 1242 Joachim‚
827 1168 908 1223 Cleo·

105 1252 199 1321 phem,
217 1259 241 1307 et
258 1250 377 1307 Salome.

179 1367 297 1424 SERMO
317 1368 364 1423 DE
383 1367 674 1426 RESURRECTIONE
693 1370 829 1428 DOMINI.

143 1489 211 1546 Cum
232 1498 337 1546 caeterae
364 1490 522 1547 festivitates
550 1493 577 1547 in
604 1494 790 1550 recordatione
817 1510 906 1549 rerum

107 1587 245 1653 gestarum
260 1579 353 1635 laetitia
366 1581 479 1651 spiritali
493 1580 613 1637 fidelium
642 1591 746 1638 mentes
774 1581 903 1650 alliciant,

107 1669 136 1724 in
151 1669 247 1723 Christi
261 1670 455 1724 resurreetione
479 1671 559 1724 simili
583 1671 687 1727 ratione
715 1672 798 1727 conlo
825 1671 946 1771 simulB

106 1767 231 1822 laetantm
245 1778 271 1821 et
286 1782 399 1837 corpora
414 1781 421 1835 3
438 1768 502 1836 quio
517 1769 621 1824 Christo
643 1777 799 1842 resurgente
823 1771 903 1825 homo

106 1864 198 1911 noster
212 1854 352 1909 interiora
376 1864 462 1912 morte
485 1859 587 1928 peccati
612 1860 832 1914 conresuscitatus
854 1865 903 1928 est,

107 1944 273 2001 etexteriori
302 1959 365 2015 spes
392 1961 447 2000 suae
475 1948 676 2002 resurrectionis
703 1964 751 2019 per
778 1947 905 2018 baptismi

106 2049 295 2115 argumentum
320 2043 477 2102 confirmata
499 2053 548 2099 est.
576 2045 671 2100 Merito
700 2060 765 2117 ergo
794 2053 905 2115 uterquc

107 2133 220 2201 laetalur,
236 2136 301 2205 quia
324 2143 435 2205 uterque
461 2133 566 2190 Christo
590 2135 836 2190 conresuscitatur:
858 2135 903 2188 in-

107 2223 188 2278 terior
200 2223 228 2278 in
242 2240 282 2294 re,
297 2241 313 2279 a
327 2224 497 2295 corruptione
520 2223 622 2278 scilicet
641 2222 763 2294 peccati,
788 2224 906 2279 exterior

105 2335 180 2384 vero,
196 2319 224 2374 iu
238 2335 286 2390 spe
301 2321 397 2375 luturae
419 2319 521 2374 seilicet
543 2314 753 2375 resurrectionis.
779 2319 834 2374 Sed
861 2319 905 2375 ri-

106 2408 225 2464 dendam
248 2410 270 2464 si
298 2410 417 2465 Christus
445 2408 521 2478 eujus
549 2408 743 2463 resurreetione
771 2408 904 2474 laetamur,

963 459 1072 513 animae.
1106 458 1170 511 Dies
1198 465 1287 512 antem
1312 456 1436 529 designat
1459 472 1534 511 stram
1559 464 1683 525 mortem,
1700 473 1760 526 quae

963 545 1236 601 iuitluxnostramm
1253 547 1389 601 mortium.
1421 547 1508 602 Unam
1538 545 1658 615 abstulit,
1687 545 1758 601 alte·

962 650 1021 689 ram
1042 635 1076 690 ad
1104 635 1261 690 exercitium
1290 636 1381 690 electis
1408 635 1532 704 reliquit:
1562 650 1642 704 quam
1671 634 1760 689 deuito

964 733 1074 790 veniens
1088 733 1289 788 exterminabit.
1314 733 1400 804 Ipsius
1423 750 1488 788 rere
1512 733 1602 788 anima
1625 733 1652 786 iu
1676 733 1761 787 coele-

963 832 1031 879 stem
1047 822 1199 894 paradisum
1219 831 1406 893 postmortem
1424 822 1572 890 transierat,
1584 823 1652 877 sicut
1665 821 1761 878 latrem

963 912 1089 967 dixerat:
1109 934 1120 961 ιι
1137 911 1232 975 Hodie,
1250 911 1383 981 inquiens,
1400 928 1505 966 mecum
1518 912 1570 966 eris
1583 911 1610 965 in
1636 910 1760 982 paradiso

963 1009 1041 1075 (Luc.
1058 1007 1148 1077 xxrn).
1166 1029 1177 1056 ιι
1206 1007 1294 1063 lledia
1323 1017 1412 1063 autem
1441 1017 1518 1063 nocte
1547 1008 1760 1076 resurrectionis,

962 1113 1015 1166 qua
1031 1099 1096 1152 hora
1111 1097 1222 1167 angelus
1236 1096 1380 1168 AEgyptum
1395 1097 1553 1165 devastarit,
1577 1112 1609 1151 ea
1632 1098 1708 1161 hora,
1733 1097 1761 1151 id

962 1193 1002 1241 est
1017 1185 1106 1240 media
1120 1194 1198 1240 nacte
1218 1185 1339 1240 Christus
1357 1184 1491 1239 inlemum
1512 1185 1650 1240 deseendit
1668 1193 1694 1240 el
1709 1185 1760 1240 dc-

961 1283 1096 1354 spoliavit.
1114 1284 1257 1337 luterhscc
1285 1281 1434 1336 notandum
1463 1290 1528 1350 quot
1556 1280 1653 1335 inferni
1682 1288 1756 1336 sunt.

962 1372 1030 1427 Sunt
1048 1372 1138 1441 itaque
1151 1371 1205 1427 duo
1220 1370 1318 1425 inserui
1336 1389 1341 1425 :
1359 1386 1427 1424 arnus
1441 1370 1573 1440 superior,
1595 1371 1662 1424 alter
1684 1369 1757 1423 inse-

960 1461 1024 1515 rior.
1051 1459 1201 1529 Superior,
1230 1458 1337 1514 iniirma
1365 1475 1427 1530 pars
1455 1459 1535 1527 hujus
1565 1458 1667 1525 mundi,
1698 1475 1758 1528 quaa

961 1558 1204 1631 plenaestpoenis.
1229 1559 1299 1613 Num
1327 1557 1370 1611 hio
1399 1556 1515 1612 exundat
1544 1557 1643 1611 nimius
1669 1565 1758 1624 aestus,

961 1664 1090 1720 magnum
1103 1647 1197 1718 frigus,
1208 1647 1275 1715 silis,
1288 1645 1392 1714 fames;
1416 1646 1483 1702 rarii
1502 1645 1610 1700 dolores
1629 1645 1758 1714 corporis,

961 1744 990 1792 ut
1002 1737 1115 1791 uerbera
1129 1736 1222 1802 animi,
1240 1737 1328 1801 timor,
1345 1735 1448 1790 scilieet
1458 1735 1499 1789 rel
1515 1734 1699 1802 verecundia;
1725 1733 1759 1789 de

959 1835 999 1889 his
1011 1834 1123 1889 dicilur:
1136 1856 1147 1881 ιι
1166 1834 1240 1889 Educ
1251 1833 1285 1888 de
1300 1849 1406 1888 earcere
1422 1832 1540 1888 animam
1560 1848 1648 1887 meam
1663 1832 1755 1899 (Paul.

958 1925 1042 1994 cunr),
1060 1947 1070 1972 ιι
1089 1926 1141 1978 hoo
1156 1929 1196 1977 est
1211 1924 1245 1978 ab
1276 1923 1384 1977 inferno
1414 1917 1496 1976 vitem
1525 1937 1624 1976 meam.
1645 1920 1761 1976 Inferior

959 2021 1048 2067 autem
1064 2012 1139 2067 locus
1152 2011 1290 2082 spiritalis,
1321 2011 1368 2066 ubi
1392 2010 1463 2081 ignis
1482 2008 1703 2082 inextinguibilis
1720 2008 1759 2063 Da

958 2125 1012 2180 quo
1028 2109 1146 2164 dieitur:
1177 2131 1187 2155 ιι
1205 2108 1302 2163 Eruisti
1332 2107 1451 2163 animam
1477 2123 1565 2162 meam
1593 2123 1626 2161 ex
1654 2105 1759 2161 inlerno

958 2198 1078 2253 inferiori
1094 2196 1189 2268 (Psoi.
1206 2199 1295 2262 xxrx'),
1315 2221 1325 2246 ι
1344 2196 1388 2267 qui
1405 2195 1455 2250 sub
1479 2202 1550 2251 terra
1574 2210 1632 2250 esse
1652 2194 1758 2248 dicitur.

958 2288 992 2343 Et
1005 2287 1073 2343 sicut
1086 2302 1201 2358 corpora
1214 2286 1385 2356 peccantium
1408 2293 1477 2340 terra
1500 2283 1698 2354 cooperiuntur,
1724 2283 1761 2338 ita

958 2385 1055 2441 animae
1070 2384 1238 2455 peccantiam
1258 2384 1308 2439 sub
1328 2391 1396 2438 terra
1416 2383 1443 2436 in
1462 2382 1567 2437 inferno
1586 2380 1759 2452 sepeliuntur,

106 2505 177 2552 esse,
191 2496 334 2567 passibilis,
349 2496 392 2552 vop
407 2496 537 2551 mortalis,
554 2496 639 2568 lgpu,
653 2496 740 2566 passio
765 2496 807 2551 ,el
833 2511 905 2551 mors
957 2479 986 2527 ut
1000 2472 1033 2528 de
1048 2472 1129 2527 divite
1143 2472 1240 2527 dicitur
1256 2491 1261 2526 :
1280 2495 1290 2519 ι
1309 2471 1434 2541 Sepultus
1448 2478 1488 2524 est
1502 2469 1651 2524 ininferna
1682 2469 1760 2536 (Luc.

106 2595 211 2665 peccati
233 2609 314 2664 poena
336 2600 386 2661 est,
407 2593 454 2648 sed
480 2593 537 2664 ipse
561 2592 663 2663 absque
686 2600 796 2664 peccato
819 2593 900 2649 uixit.

108 2685 150 2739 Ex
165 2685 215 2739 hoc
228 2683 375 2741 secundum
391 2690 513 2738 naturam
529 2681 703 2752 impassibilis
718 2689 744 2737 et
761 2682 905 2737 immorta-

109 2772 142 2828 lis
155 2772 216 2839 luit,
232 2772 280 2827 sed
294 2771 441 2828 secandum
456 2771 605 2841 potentiam
620 2777 762 2840 atrumque
781 2786 840 2826 esse
852 2786 905 2827 vo-

108 2870 167 2937 luit,
183 2869 318 2941 passibilis
332 2870 433 2925 scilicet
456 2877 483 2924 et
510 2869 640 2924 mortalis.
669 2870 789 2925 lllortuus
815 2869 905 2940 itaque

108 2968 148 3016 est
163 2974 212 3030 pro
226 2958 381 3014 obedientia
395 2958 489 3025 Patris,
506 2967 534 3013 ut
562 2957 680 3014 dicitur:
715 2980 725 3008 ιι
743 2959 839 3014 Factus
866 2966 906 3013 est

108 3047 239 3106 obediens
254 3048 324 3104 Patri
347 3063 432 3117 usque
460 3047 494 3102 ad
518 3055 632 3102 mortem
661 3047 800 3120 (Philipp.
831 3050 873 3117 u.)
891 3069 901 3094 ιι
920 3072 944 3137 C

108 3146 148 3201 Da
163 3147 216 3201 boe
230 3145 404 3215 qaaaerendum
419 3160 526 3215 quoque
542 3151 582 3198 est
595 3143 617 3198 si
633 3144 710 3198 Pater
732 3151 846 3198 mortem
869 3143 904 3199 ab

107 3250 139 3291 co
151 3235 283 3307 exegerit.
299 3234 422 3289 liinime.
447 3233 501 3289 Sed
525 3249 572 3289 our
595 3232 749 3288 oeciderunt
770 3249 831 3288 eum
854 3233 904 3286 Ju-

106 3323 186 3380 daei‘?
201 3325 271 3392 Quia
283 3322 415 3393 justitiam
430 3321 546 3378 vivendo
569 3329 596 3377 et
621 3321 761 3377 ueritatem
783 3321 905 3378 docendo

107 3420 335 3477 indeclinabiliter
357 3421 450 3476 lenuit.
477 3421 552 3475 lianc
574 3419 754 3477 obedientiam
782 3421 906 3476 humani·

107 3518 149 3567 tas
163 3510 296 3566 divinitati
311 3510 414 3577 debuit,
430 3512 500 3564 hanc
519 3508 591 3564 Deus
619 3509 653 3563 ab
681 3510 756 3565 omni
781 3510 904 3566 rationali

106 3608 229 3657 creatura
243 3599 337 3672 exigit.
349 3598 492 3668 Quomodo
502 3605 591 3653 autem
610 3598 682 3667 apud
698 3599 784 3653 Deum
800 3597 903 3671 justum

107 3698 167 3766 luit,
184 3698 257 3769 quod
271 3699 404 3769 optimum
419 3712 467 3768 pro
483 3694 566 3764 impio
582 3694 678 3749 dedit‘t
689 3694 758 3764 Quia
773 3697 905 3767 pessimus

106 3788 259 3858 simplicem
291 3788 432 3843 hominem
464 3785 617 3850 seduxerat,
649 3782 751 3853 justum
784 3794 841 3841 erat
875 3793 904 3840 ut

106 3876 226 3947 optimus
241 3891 289 3948 pro
309 3891 341 3931 eo
357 3876 436 3932 obses
451 3873 536 3940 lieret,
557 3878 587 3926 ut
610 3873 756 3943 pessimum
778 3874 903 3930 revince-

106 3981 148 4031 ret
175 3982 203 4029 et
232 3974 403 4030 innocentem
437 3972 556 4045 pristinae
591 3973 707 4029 libertati
738 3976 899 4028 restitueret.

107 4063 301 4119 Valuitautem
323 4078 396 4118 mors
425 4063 520 4119 Christi
549 4064 583 4120 ad
611 4062 793 4120 exhaurienda
813 4063 905 4116 omnio

107 4160 228 4226 peecata.
244 4152 420 4208 Transcendit
434 4153 514 4208 etiarn
527 4152 638 4209 inlinite.
655 4151 734 4221 Quod
748 4151 786 4206 sic
802 4151 904 4222 proba·

106 4258 161 4307 tur.
181 4253 274 4320 ltaque
290 4250 311 4305 si
326 4250 445 4306 Christus
458 4266 549 4306 coram
560 4258 586 4306 te
599 4257 694 4315 staret,
710 4255 736 4304 et
759 4264 819 4303 eum
845 4248 903 4303 Do-

107 4339 211 4395 minum
227 4338 375 4409 majestatis
389 4338 482 4406 scires,
504 4347 530 4394 et
553 4339 649 4409 aliquis
672 4338 792 4392 diceret:
818 4338 905 4390 lnler·

106 4428 157 4485 fiee
189 4430 260 4484 hunc
301 4434 347 4483 aut
385 4434 455 4483 totus
489 4427 605 4482 mundus
642 4426 782 4493 interibit,
821 4425 904 4480 inter-

105 4523 200 4581 ficeres
226 4540 288 4581 eum
315 4529 346 4579 ut
370 4525 489 4581 salvares
516 4525 677 4580 mundum?
705 4525 896 4593 Nequaquam.

107 4613 222 4684 Quare?
233 4611 302 4684 Quia
310 4613 368 4684 ejus
378 4613 433 4669 rita
451 4614 532 4686 louge
542 4613 650 4687 dignior
665 4612 806 4682 rideretur,
824 4628 905 4682 quam

106 4701 203 4758 infiniti
218 4701 321 4772 mundi,
337 4709 363 4756 et
380 4703 431 4758 tale
454 4702 590 4773 piaculum
612 4702 717 4759 viderer
739 4701 906 4758 committere

107 4799 181 4871 quod
199 4800 355 4855 innumerus
369 4800 485 4855 mundus
499 4816 553 4856 non
573 4808 663 4872 posset
687 4799 806 4871 expiare.
833 4797 906 4854 Sicut

106 4889 243 4962 ergerita
264 4888 323 4959 ejas
347 4889 456 4962 dignior
483 4887 594 4944 infinitis
624 4888 740 4954 mandis,
770 4888 807 4942 ila
834 4901 907 4942 mors

106 4977 169 5033 ideo
183 4978 265 5050 louge
281 4978 423 5049 pretiosior
437 4977 497 5045 tuit,
520 4976 763 5033 innumerabilibus
776 4976 904 5044 mundis,

105 5074 168 5131 ideo
182 5073 286 5130 suffecit
300 5074 334 5129 ad
347 5075 562 5147 redemptionem
578 5074 709 5130 omnium.

141 5170 213 5242 Quot
232 5180 322 5227 auum
348 5173 429 5227 horas
456 5172 506 5227 luit
533 5171 684 5227 mortuus?
708 5168 903 5244 Quadraginta·

105 5259 196 5331 Quare
210 5261 225 5316 ‘l
239 5261 274 5317 llt
286 5270 400 5332 quatuor
414 5267 503 5332 partes
527 5276 588 5330 quae
616 5258 644 5315 in
671 5260 809 5333 Deealogo
837 5259 906 5333 legis

103 5358 181 5405 erant
210 5358 322 5405 mortue
351 5348 508 5407 vivificaret.
538 5347 591 5419 Qui
619 5365 684 5406 rere
719 5346 906 5406 crucifixerunt

103 5462 167 5504 aum
182 5447 196 5500 ‘l
211 5445 280 5515 Quia
293 5462 343 5519 pro
357 5447 458 5503 Judaeis
471 5455 497 5504 et
512 5446 641 5520 gentibus
655 5446 724 5503 mori
739 5445 834 5517 voluit,
854 5447 904 5500 Ju-

103 5534 158 5592 daei
172 5542 288 5591 mortem
303 5536 362 5607 ejus
376 5535 509 5592 consiliati
523 5540 595 5604 sunt,
606 5534 707 5610 pagani
728 5543 817 5593 autem
840 5550 903 5589 cru·

102 5623 245 5681 ciiixerunt
258 5640 330 5682 eum.
346 5626 407 5697 lpse
423 5624 513 5694 itaque
529 5623 650 5680 Christus
672 5623 739 5681 duas
757 5630 849 5680 noctes
872 5631 900 5678 et

102 5738 189 5781 unum
198 5722 271 5779 diam
281 5722 404 5795 jacuerat
416 5722 446 5781 ia
458 5720 593 5795 sepulcro.
607 5723 675 5783 buu
694 5731 788 5783 noctes
800 5719 904 5797 signill-

957 2563 1025 2631 xrr).
1044 2584 1054 2610 ιι
1073 2563 1104 2621 lu
1119 2576 1171 2630 quo
1200 2577 1227 2615 rx
1256 2561 1387 2632 speciales
1417 2575 1506 2631 poenae
1534 2575 1591 2614 esse
1619 2557 1757 2629 leguntur.

957 2659 1132 2730 Priruaignis
1159 2658 1204 2728 qui
1234 2659 1271 2713 ita
1301 2658 1387 2712 semel
1415 2673 1545 2713 accensus
1571 2663 1600 2710 ut
1626 2655 1648 2709 si
1676 2660 1762 2709 tolum

957 2765 1031 2803 mare
1045 2748 1168 2802 inllueret
1181 2762 1236 2801 non
1252 2747 1481 2818 exstingueretur.
1498 2745 1542 2800 Sic
1568 2745 1647 2798 istum
1672 2751 1761 2798 male·

957 2837 1051 2892 rialem
1067 2851 1173 2907 qumque
1189 2835 1270 2891 vincit
1285 2835 1387 2908 ignem,
1404 2844 1434 2887 ut
1447 2833 1496 2888 iste
1506 2834 1597 2905 ignem
1611 2829 1758 2901 depictum.

957 2934 1040 2990 Ardet
1057 2942 1082 2988 et
1097 2949 1151 2988 non
1165 2934 1245 2988 lueet.
1267 2932 1392 2989 Secunda
1416 2947 1499 3002 paena
1531 2938 1571 2986 est
1594 2927 1763 2984 intolerabile

959 3023 1053 3096 frigus,
1070 3023 1104 3079 de
1118 3038 1170 3093 quo
1186 3022 1284 3077 dicitur
1300 3042 1306 3077 :
1324 3022 1352 3077 Si
1368 3021 1464 3093 igneus
1494 3035 1575 3075 mons
1599 3018 1761 3072 immittere·

960 3121 1011 3179 tur,
1023 3113 1052 3167 in
1065 3112 1181 3184 glaciem
1196 3118 1352 3167 verteretur.
1378 3111 1418 3165 l)e
1441 3110 1483 3164 his
1506 3108 1611 3163 duabus
1637 3107 1756 3161 dicitur:

963 3234 974 3261 ιι
991 3209 1230 3267 Fletuselstridor
1253 3209 1372 3264 dentium
1398 3207 1513 3277 (llatae.
1541 3206 1612 3277 rur).
1634 3227 1645 3252 ιι
1672 3205 1762 3260 Tertia

961 3316 1067 3358 uermes
1084 3299 1260 3364 immortales,
1276 3297 1303 3353 id
1332 3306 1370 3353 est
1399 3305 1538 3366 serpentes
1564 3303 1590 3349 et
1617 3295 1758 3360 dracones,

961 3390 1019 3444 risu
1034 3396 1061 3443 et
1074 3389 1154 3444 sibilo
1169 3388 1332 3442 horribiles:
1352 3387 1397 3457 alui
1411 3394 1441 3441 ut
1460 3387 1548 3456 pisces
1571 3385 1597 3439 in
1622 3399 1702 3453 aqua,
1725 3382 1762 3437 ita

960 3487 1055 3544 rivuat
1070 3487 1096 3540 in
1111 3486 1232 3541 llamma.
1248 3484 1348 3554 Quarta
1369 3492 1409 3539 est
1432 3484 1502 3540 letor
1526 3480 1756 3553 incomparabilis.

960 3575 1069 3646 Quinta,
1085 3576 1170 3647 llagru
1186 3575 1358 3641 credentium,
1373 3581 1402 3628 ut
1424 3572 1515 3627 mallei
1539 3572 1639 3626 serrum
1662 3585 1760 3640 pereu-

960 3666 1092 3721 tientium.
1124 3664 1206 3719 Sexta
1236 3662 1353 3718 tenebra
1379 3661 1539 3734 palpabiles,
1577 3667 1606 3715 at
1640 3658 1758 3713 dicitur:

963 3785 974 3811 ιι
992 3763 1073 3818 Terra
1087 3761 1257 3816 tenebrarum
1273 3760 1318 3814 ubi
1335 3761 1423 3815 nullus
1438 3759 1514 3825 ordo,
1540 3757 1587 3812 sed
1611 3756 1757 3826 sempiter-

960 3869 1020 3906 mus
1034 3855 1129 3905 homor
1143 3850 1275 3904 inhabitat
1289 3849 1358 3913 (Iob.
1383 3852 1423 3917 x).
1442 3870 1452 3893 ι
1481 3847 1611 3916 Septima,
1637 3842 1759 3899 conlusio

960 3948 1142 4013 peccatorum,
1159 3938 1318 4007 quaomnia
1334 3937 1370 3991 ibi
1396 3935 1523 3992 omnibus
1545 3940 1647 4004 patent,
1678 3939 1704 3985 et
1731 3946 1760 3985 so

960 4036 1126 4093 abscondere
1140 4052 1195 4090 nou
1211 4035 1309 4089 valent.
1327 4034 1437 4097 Octava,
1455 4029 1591 4086 horribilis
1609 4028 1677 4083 risio
1701 4029 1759 4082 dm-

961 4141 1072 4179 monum
1087 4131 1114 4178 et
1128 4123 1274 4179 draconum
1290 4138 1358 4191 queas
1380 4123 1471 4193 iguem
1495 4118 1637 4173 scintillare.
1658 4117 1759 4185 vident,

962 4221 988 4269 et
1002 4211 1163 4267 miserabilis
1177 4211 1279 4266 clamor
1291 4210 1412 4265 llontium
1427 4217 1452 4264 el
1467 4206 1660 4262 insultantium.
1672 4205 1761 4260 Nerua

961 4310 1117 4381 suntignea
1136 4308 1244 4361 vincula
1269 4305 1368 4375 quibus
1395 4304 1508 4376 singulis
1536 4302 1665 4358 membris
1691 4316 1759 4356 con·

919 4400 1140 4495 Dstringuutar.
1160 4396 1249 4464 Quare
1274 4403 1364 4449 aratum
1391 4401 1428 4450 tot
1451 4392 1573 4448 miserias
1596 4391 1759 4463 patiuntur‘?

961 4488 1031 4558 Quia
1057 4486 1221 4542 consortium
1250 4502 1278 4539 rx
1306 4484 1431 4539 ordinum
1468 4483 1653 4555 neglexerunt,
1688 4479 1761 4550 juste

959 4601 1057 4641 norem
1074 4582 1214 4639 tormentis
1228 4581 1310 4651 adjici
1326 4580 1509 4636 merebuntur.

995 4711 1027 4767 Et
1040 4710 1102 4780 quia
1117 4708 1160 4763 hie
1175 4706 1201 4761 in
1218 4707 1286 4781 igne,
1296 4705 1573 4778 concupiscentianun
1593 4708 1757 4768 exarserunt,

956 4805 1031 4878 jaste
1046 4804 1082 4859 ibi
1099 4804 1163 4876 igne
1180 4803 1330 4871 ardebuut;
1348 4802 1411 4872 quia
1425 4817 1490 4858 rere
1505 4808 1579 4857 veste
1593 4797 1716 4869 nuptiali,
1731 4797 1759 4852 id

959 4904 1000 4950 est
1013 4894 1142 4951 charitate
1156 4892 1200 4948 hic
1213 4892 1351 4957 carebant,
1378 4890 1416 4946 ibi
1439 4889 1535 4945 merito
1565 4887 1665 4960 frigore
1694 4886 1759 4940 stri-

960 4985 1070 5040 debunt.
1093 4983 1223 5038 Dicuntur
1249 4995 1366 5050 namque
1396 4978 1512 5034 exterius
1539 4977 1603 5050 igne
1630 4976 1757 5052 candere,

959 5082 1069 5138 interius
1085 5080 1193 5152 frigere,
1210 5085 1239 5132 ut
1252 5077 1354 5151 glacies
1367 5076 1394 5130 in
1420 5076 1520 5144 hieme,
1547 5073 1617 5131 sicut
1638 5073 1755 5130 dicitur:

961 5171 1137 5225 «Transeunt
1151 5166 1185 5221 ab
1209 5167 1286 5236 aquis
1313 5163 1415 5220 nivium
1441 5163 1476 5218 ad
1495 5163 1613 5218 calorem
1644 5161 1759 5218 nimium

959 5259 1027 5330 (leb.
1043 5264 1160 5324 msto
1187 5255 1221 5310 Et
1235 5255 1298 5326 qnia
1312 5251 1414 5311 insidia
1429 5259 1455 5308 et
1478 5252 1571 5307 odium
1593 5251 1637 5307 hio
1660 5266 1707 5308 eos
1730 5256 1760 5305 ut

958 5371 1064 5413 vermes
1078 5360 1257 5422 corroserunt,
1272 5351 1369 5408 merito
1384 5367 1431 5407 eos
1451 5350 1489 5406 ibi
1518 5366 1625 5404 vermes
1651 5349 1759 5404 morde-

957 5444 1043 5511 bunt;
1060 5443 1105 5514 qui
1120 5450 1210 5498 autem
1224 5442 1267 5498 hie
1281 5443 1366 5497 latore
1381 5440 1495 5496 luxuriae
1508 5438 1622 5494 dulciter
1642 5437 1759 5493 delecta·

956 5532 1065 5601 bantur,
1078 5533 1150 5603 juste
1165 5530 1202 5585 ibi
1217 5530 1325 5602 putrido
1341 5530 1426 5586 letare
1443 5528 1568 5586 atrociter
1590 5528 1753 5583 cruciantur.

957 5631 991 5687 Et
1004 5629 1068 5701 quia
1082 5629 1126 5686 hio
1138 5628 1311 5700 disciplinam
1325 5627 1447 5701 recipcre
1469 5627 1623 5692 noluerunt,
1647 5630 1673 5678 et
1695 5635 1757 5676 cum

957 5717 1258 5795 homiuibusllagellari
1280 5732 1337 5777 non
1359 5723 1525 5784 memorant,
1547 5712 1609 5770 ideo
1637 5709 1675 5766 ibi
1699 5709 1759 5763 sine
