3780 6038
191 182 260 241 1263

645 181 674 240 S.
695 181 847 240 hornan
867 182 952 240 ouo.
976 179 1135 241 ursinae.
1159 177 1383 240 rahnrlrouts

1795 179 1845 237 litt

190 307 313 377 relertun
330 312 494 366 attestatum
509 306 676 381 iacitlseeus
704 325 784 380 quum
812 317 934 367 narratur
960 309 988 365 in
1001 310 1029 372 Α
1044 307 1133 377 itaque
1147 322 1218 363 anno
1234 322 1286 378 qno
1301 306 1485 381 prediximus,
1513 322 1558 365 xri
1586 304 1737 365 Kalendas
1758 306 1848 381 Aprilis

191 408 261 466 llital
278 408 328 463 Ba.
346 405 500 464 hibericum
516 424 547 464 uc
561 408 738 479 Stephanum,
764 417 907 480 anteaquam
931 409 990 466 hacc

194 496 310 554 lucullus
329 503 464 570 peteretur
495 497 759 572 commigrarentque
788 498 867 554 simul
897 515 991 555 omnes

191 584 224 641 ad
252 586 422 653 cistercium,
456 604 489 642 ex
517 587 643 645 Unicensi
666 586 809 643 solitudine
836 588 989 643 llolismnm

190 685 331 741 revertisse
347 700 354 755 ;
372 702 425 741 nou
440 686 521 740 etiam
542 686 698 742 cistercium
718 685 845 743 laudasse
866 686 923 742 sine
952 686 984 742 S.

190 773 318 843 Rubertn,
334 774 414 830 totius
429 774 553 831 videlicet
568 774 668 848 negotii
685 783 712 830 et
726 775 882 831 administro
898 783 924 831 et
943 776 988 830 di-

189 870 292 918 rectore
309 877 317 933 ;
334 880 487 934 quanquam
510 865 613 936 primus
632 864 671 920 rei
690 881 793 930 suasor,
821 864 846 918 in
871 864 988 920 Exordio

189 951 299 1024 blegne,
316 952 345 1008 S.
362 952 516 1024 Stephanus
531 953 612 1008 luisse
628 961 792 1009 memoretur
811 953 852 1007 his
874 953 985 1009 verbis:

193 1047 474 1105 nl'ostmodumvero
503 1065 564 1104 cum
592 1049 706 1105 verbum
734 1049 895 1104 innovandae
921 1049 987 1104 reli·

189 1135 280 1209 giouis
291 1137 318 1191 in
333 1137 429 1192 eadem
443 1136 526 1193 domo
542 1146 644 1193 motum
665 1138 768 1204 luisset,
789 1138 846 1209 ipse
869 1138 986 1207 Stepha-

191 1243 240 1280 nus
254 1226 358 1296 primus
372 1226 442 1280 iuter
456 1226 558 1298 primos
574 1226 770 1282 ferventissimo
798 1226 885 1282 studio
912 1226 988 1282 labo-

189 1315 267 1385 rarit,
284 1314 560 1370 acmodisomnibus
588 1316 683 1369 institit
709 1323 738 1370 ut
765 1316 839 1370 locus
866 1324 892 1370 et
920 1315 986 1370 ordo

188 1414 370 1470 cisterciensis
394 1414 582 1481 institueretur,
610 1415 687 1484 attejas
710 1417 881 1485 postmodum
910 1416 986 1471 oreli-

188 1511 268 1559 nante
283 1504 340 1559 Deo
355 1511 448 1574 pastor
461 1511 487 1557 ct
501 1503 664 1559 declareret
678 1504 863 1559 instituendus.
883 1528 894 1553 s

224 1623 267 1676 li.
284 1618 400 1676 Obtcnta
415 1619 525 1691 igitura
547 1620 638 1691 legato
663 1621 800 1692 pontilicio
823 1620 985 1678 innovandae

187 1707 326 1780 religionis
356 1707 492 1776 facultate,
521 1707 689 1776 cistercium,
719 1709 802 1764 dcnsu
831 1717 893 1765 tunc
922 1711 985 1764 bur-

186 1796 295 1870 gundiae
309 1796 386 1864 silva,
402 1803 584 1868 opportunum
611 1797 661 1851 snit
684 1798 794 1868 visum;
825 1814 877 1869 quo
905 1808 984 1854 unte-

187 1913 268 1968 quam
283 1896 434 1952 ahlolisma
450 1896 481 1951 S.
512 1896 644 1952 llobertus
673 1897 802 1970 migraret
829 1913 890 1952 cum
918 1897 982 1964 suis,

186 1987 216 2040 B.
232 1985 398 2058 Stephanum
414 1983 447 2040 ad
463 1984 586 2041 Odonem
602 1986 765 2058 Burgundiae
797 1985 893 2041 ducem
920 2002 982 2041 cum

186 2074 281 2131 litteris
295 2075 435 2147 ablegasse
448 2074 555 2143 dicitur,
571 2091 684 2144 quarum
703 2075 858 2146 exemplum
881 2091 897 2130 a
921 2075 982 2129 Bri-

188 2180 259 2242 tane,
274 2189 308 2228 ex
323 2189 374 2227 ms.
391 2171 508 2242 quodum
539 2173 656 2228 cenobii
684 2172 885 2228 lllcobaciensis
914 2188 982 2242 pro·

186 2260 280 2330 latum,
309 2261 405 2316 damus
431 2261 511 2315 inlra.
538 2260 625 2330 llnjus
652 2261 773 2332 epistolae
800 2262 981 2332 responsoria,

184 2351 284 2420 scripta
298 2350 332 2404 ab
348 2348 443 2405 Odone
457 2348 526 2404 duce
539 2349 711 2421 burgundica,
732 2365 766 2404 cx
794 2349 890 2405 eodem
919 2367 981 2405 me-

183 2447 288 2495 morato
303 2454 354 2493 ms.
369 2436 486 2493 affertur.

219 2556 263 2608 lt.
280 2553 431 2608 Transitum
446 2559 507 2624 post
520 2554 579 2608 haec
594 2552 667 2622 lecit,
683 2553 776 2610 relicto
792 2554 924 2622 llolismo,
946 2554 981 2611 ud

183 2648 339 2707 Cistercium
356 2668 362 2706 :
379 2650 549 2722 migrationis
562 2651 658 2706 seriem
688 2651 725 2707 ita
753 2669 860 2709 narrare
888 2670 982 2724 prose·

183 2740 272 2811 quitur
286 2748 378 2794 auctor
392 2738 506 2794 laudatae
518 2739 577 2808 jem
592 2755 673 2809 supra
691 2741 815 2798 Historiae
843 2759 893 2797 ms.
924 2743 981 2798 Cis·

182 2828 320 2884 tarcieusis
335 2846 341 2883 :
356 2850 367 2876 u
385 2828 516 2894 posthaec,
531 2828 627 2898 inquit,
643 2830 772 2898 praelatus
786 2830 870 2886 abbas
884 2838 910 2886 et
927 2831 978 2901 sui,

181 2934 254 2982 buta
267 2933 294 2981 et
308 2925 353 2980 tali
375 2924 531 2981 auctoritate
554 2925 626 2993 freti,
650 2926 803 2982 llolismum
831 2929 977 3000 redierunt,

1043 405 1156 461 solemni
1184 404 1229 461 die
1256 406 1351 461 natalis
1377 406 1541 463 sanctissimi
1586 406 1748 476 Benedicti,
1786 423 1850 477 quen

1042 494 1180 568 geminata
1194 495 1286 549 laetitia
1300 503 1362 552 tunc
1374 496 1511 553 celebrem
1525 495 1702 553 reddiderat
1716 496 1754 553 ob
1769 497 1851 552 Demi·

1042 583 1131 639 nicam
1147 583 1311 650 Palmarum,
1328 601 1388 655 quae
1401 586 1429 640 in
1443 587 1534 658 ipsum
1568 594 1750 649 occurrerat,
1777 589 1853 642 laten-

1044 680 1114 735 tibus
1146 680 1260 752 angelis,
1288 680 1486 738 tabescentibus
1522 682 1727 745 daemonibus,
1767 684 1853 741 cister·

1043 768 1140 824 niensis
1154 768 1260 837 danius,
1278 785 1310 825 ac
1324 787 1372 841 per
1386 772 1435 826 hos
1459 771 1543 828 totius
1564 773 1769 828 cisterciensis
1790 774 1851 829 unli-

1042 858 1084 912 nis
1096 858 1193 929 religio
1207 874 1256 929 per
1271 859 1353 926 viras,
1371 859 1406 914 ad
1433 860 1627 917 christianum
1659 863 1851 934 philosophiam

1042 955 1148 1027 penitus
1170 955 1319 1025 expeditos,
1340 956 1482 1014 exordium
1505 960 1649 1031 sumpsit.
1675 984 1688 1009 ιι
1708 962 1851 1033 congrum

1041 1060 1102 1100 cum
1116 1043 1159 1099 his
1173 1061 1233 1115 quea
1258 1044 1389 1100 caesarius
1415 1046 1449 1102 de
1481 1047 1614 1104 Cistercii
1645 1048 1851 1106 fundatioueiu

1040 1133 1158 1188 historia
1179 1149 1236 1202 sua,
1265 1134 1363 1189 saeculo
1388 1135 1514 1203 proxima
1541 1139 1694 1208 sequenti,
1726 1141 1850 1195 memoria

1040 1230 1170 1302 prodidit.
1194 1234 1423 1304 eorumquoque
1452 1232 1562 1289 fundati
1590 1235 1707 1291 ordinis
1730 1245 1756 1293 et
1783 1238 1849 1307 primi

1040 1319 1111 1374 illius
1125 1320 1243 1375 coeuobii
1258 1320 1402 1390 lequuntur
1414 1330 1564 1392 sequentes
1581 1339 1698 1394 versus,
1724 1326 1753 1380 in
1777 1326 1850 1382 trente

1040 1408 1160 1464 ecclesiae
1173 1408 1354 1464 cisterciensis
1368 1410 1495 1483 descripti
1513 1430 1519 1467 :

1074 1578 1155 1633 Anne
1171 1578 1299 1644 nailleno,
1315 1584 1444 1647 centeno,
1461 1580 1504 1637 bis
1518 1584 1628 1640 eriveus
1647 1602 1723 1654 uno,

1075 1650 1212 1717 Pontifice
1226 1652 1345 1716 Urbano,
1357 1653 1503 1708 callorum
1519 1671 1591 1726 repe
1607 1656 1763 1729 Philippo.

1074 1722 1235 1791 burgundia
1249 1720 1342 1777 Odena
1357 1724 1427 1778 draca
1441 1729 1469 1779 ct
1487 1728 1681 1795 [credentiae
1694 1729 1794 1797 nane,

1072 1790 1127 1846 snt
1144 1794 1229 1847 Putre
1240 1793 1353 1850 lieberto
1364 1796 1449 1865 cepit
1465 1794 1634 1854 cistercius
1649 1801 1733 1861 orde.

1076 1862 1205 1917 caenobia
1219 1865 1250 1918 in
1266 1868 1323 1920 toto
1338 1865 1496 1936 producam
1510 1869 1655 1939 plurima
1670 1874 1791 1939 inundo,

1072 1932 1117 1990 Sic
1132 1950 1270 1989 mensur-n
1284 1935 1334 1990 die
1346 1952 1397 2007 per
1411 1943 1552 1995 soractem
1570 1957 1687 1999 nornen
1703 1945 1782 2000 lesu.

1072 2095 1119 2149 ll.
1138 2095 1221 2150 hbeat
1235 2103 1324 2152 autem
1347 2096 1502 2154 cistercium
1531 2115 1550 2156 a
1582 2102 1711 2160 Divione
1740 2105 1846 2176 quinque

1036 2182 1142 2239 circiter
1155 2185 1247 2252 leucis,
1264 2186 1344 2240 situm
1360 2186 1386 2242 in
1415 2187 1524 2244 diaecesi
1558 2190 1749 2248 cabilonensi
1771 2194 1845 2250 duca·

1035 2289 1078 2337 tus
1093 2283 1266 2355 burgundia,
1280 2284 1476 2357 amplissimum
1502 2304 1580 2345 nunc
1613 2300 1641 2346 et
1674 2294 1770 2349 multis
1787 2310 1844 2349 auc-

1035 2377 1091 2425 tum
1108 2371 1197 2426 lundis
1212 2375 1414 2429 monasterium.
1426 2376 1535 2432 Nomen
1547 2380 1672 2448 quidam
1684 2399 1702 2437 a
1713 2383 1842 2451 cisternis,

1034 2460 1144 2531 quidam
1159 2477 1175 2516 a
1191 2462 1301 2530 cistels,
1318 2479 1383 2519 voce
1398 2463 1512 2535 Gallica,
1528 2468 1678 2538 palustres
1689 2471 1790 2540 juncos
1809 2472 1843 2526 si·

1033 2548 1188 2622 gallicanta,
1204 2551 1348 2607 deductum
1362 2552 1464 2608 volunt.
1482 2555 1601 2612 Fundus
1616 2559 1655 2613 ad
1679 2560 1843 2633 llapnunlum

1033 2646 1220 2703 vicecomitem
1235 2648 1325 2704 Belnae
1352 2650 1464 2721 ejusque
1493 2654 1655 2728 conjugem
1686 2658 1843 2714 llndiernarn

1034 2735 1170 2806 pertinuit,
1186 2752 1299 2807 querum
1329 2746 1354 2793 et
1382 2747 1525 2811 propterca
1557 2743 1597 2798 ad
1627 2744 1843 2803 inaedilicandum

1033 2824 1146 2880 lacultas
1161 2827 1311 2882 necessarie
1335 2826 1393 2881 luit.
1411 2828 1562 2885 cesserunt
1597 2849 1669 2891 vero
1699 2836 1777 2892 illurn
1803 2854 1845 2909 per

1033 2938 1114 2993 quam
1129 2923 1253 2988 libenter,
1268 2941 1398 2995 suamque
1412 2925 1441 2980 in
1454 2926 1579 2985 lamulos
1606 2931 1661 2986 Dei
1687 2934 1844 2991 munificen-

180 3023 207 3072 at
221 3015 254 3071 de
269 3015 315 3070 illo
330 3015 441 3069 lralrum
457 3014 573 3087 collegio
601 3015 699 3081 socios,
727 3016 888 3072 remissioris
916 3019 978 3075 vitae
994 3032 1019 3097 C
1034 3015 1098 3067 liam
1126 3014 1264 3083 perpetuis
1297 3013 1395 3069 tubulis
1431 3017 1590 3085 posteritati
1630 3035 1842 3081 consecrarunt:

180 3103 325 3161 blanditias
338 3110 506 3175 respuentes,
535 3102 570 3158 ad
599 3104 742 3175 puritatem
770 3105 979 3177 simplicitatem·

179 3220 232 3275 que
259 3219 342 3258 sacrae
369 3202 480 3275 Regulae
500 3218 566 3273 pure
592 3202 801 3274 simpliciterque
833 3206 977 3261 tenendum

179 3300 304 3365 prompto
319 3291 410 3347 animo
425 3292 580 3363 flagrantes
602 3292 763 3364 elegerunt:
794 3293 831 3348 ita
859 3302 888 3349 ut
910 3296 979 3352 inter

178 3397 236 3450 ens,
251 3382 296 3453 qui
311 3381 400 3453 legato
416 3380 539 3452 Lugduni
553 3381 693 3436 astiterunt
712 3387 739 3436 et
762 3381 832 3436 inter
858 3398 904 3438 eos
931 3385 977 3454 qui

177 3476 211 3534 ele
225 3478 350 3534 caenobio
364 3478 452 3534 vocati
467 3486 537 3543 sunt,
564 3478 660 3550 viginti
689 3487 716 3534 et
742 3496 811 3534 unns
829 3484 977 3537 monachus

176 3575 286 3635 essent,
303 3567 348 3635 qui
364 3566 530 3637 perfectioris
546 3568 607 3623 vitae
622 3573 649 3622 et
665 3568 778 3640 lingulae
792 3571 877 3625 sancti
892 3571 976 3626 Patris

175 3654 312 3710 benedicti
326 3654 360 3709 ad
376 3654 490 3709 litteram
505 3656 628 3711 lenendae
653 3655 796 3723 desiderio,
825 3666 925 3714 arctam
949 3668 976 3715 et

174 3758 317 3823 angustam
332 3751 404 3806 viam
419 3751 533 3823 ingressi
549 3759 621 3806 sunt.
637 3755 716 3807 Anno
732 3754 815 3826 igitur
833 3756 975 3812 Dominica

173 3839 209 3896 ab
220 3840 408 3896 incarnatione
422 3840 567 3895 millesimo
582 3840 762 3912 nonagesimo
782 3851 889 3911 octavo,
915 3845 974 3900 Do-

172 3930 262 3986 minus
276 3930 417 3998 llabertus,
433 3929 612 3985 llolismensis
626 3930 744 3986 coeuobii
765 3931 793 3986 in
819 3932 973 4006 episcopatu

172 4026 336 4101 lingonensi
351 4026 455 4084 fundati
469 4027 564 4095 abbas,
580 4036 607 4082 ct
629 4044 690 4083 curn
716 4044 749 4084 eo
771 4030 877 4099 iratres,
902 4047 972 4101 quo-

172 4133 232 4172 rum
256 4117 328 4173 Deus
355 4116 477 4189 tetigerat
505 4117 598 4186 eorda,
626 4118 757 4173 malentes
784 4136 845 4174 cum
872 4120 972 4177 dilecto

172 4204 249 4262 Patre
271 4222 320 4262 suo
349 4206 494 4262 benedicto
523 4222 574 4278 pro
602 4207 659 4261 Deo
687 4207 825 4263 laboribus
852 4210 970 4282 fatigari,

172 4319 254 4374 quam
276 4304 340 4360 vilar
362 4304 443 4374 hujus
471 4304 623 4359 commodis
647 4305 756 4373 resolvi,
786 4305 820 4361 da
847 4307 971 4363 llolismo

1032 3116 1093 3171 qnae
1109 3100 1262 3170 hujusmodi
1276 3101 1305 3157 in
1319 3103 1473 3176 llenologio
1484 3104 1519 3160 ad
1530 3111 1567 3161 st
1581 3110 1680 3166 hlartii
1696 3113 1732 3168 ab
1752 3115 1844 3169 llenri·

1032 3206 1099 3260 quez
1114 3188 1312 3247 anemurum«
1337 3193 1435 3248 Notum
1460 3194 1496 3250 sit
1524 3199 1667 3256 omnibus
1695 3203 1843 3260 christianis

1031 3287 1209 3358 praesentibus
1223 3305 1255 3345 ac
1283 3289 1387 3358 laturis,
1416 3291 1489 3361 quod
1516 3292 1688 3366 Raynaldus
1715 3300 1842 3357 belnensis

1031 3375 1192 3443 vicecomes,
1209 3386 1236 3431 et
1251 3393 1319 3433 uxor
1332 3377 1392 3447 ejus
1414 3378 1555 3436 llodierna
1586 3387 1719 3455 nomine,
1747 3397 1774 3443 et
1798 3405 1840 3443 eo-

1029 3480 1090 3518 rum
1111 3463 1158 3520 lilii
1185 3467 1275 3539 llugo,
1302 3466 1475 3537 llumbertus,
1504 3469 1680 3542 haymardus
1703 3494 1839 3548 eorumque

1029 3569 1107 3610 socer
1127 3555 1310 3626 lluymuudus,
1334 3572 1383 3626 pru
1406 3573 1516 3613 suorum
1535 3573 1728 3630 peccatorum
1754 3570 1838 3624 remis·

1028 3653 1104 3708 sione
1118 3660 1370 3725 antecessorumque
1381 3671 1502 3724 suorum,
1527 3657 1653 3719 domino
1680 3665 1798 3721 lieberto
1815 3672 1836 3719 et

1028 3741 1165 3804 iratribus,
1187 3743 1308 3813 quicum
1324 3759 1356 3798 eo
1371 3744 1505 3817 Regulam
1520 3746 1553 3802 S.
1576 3750 1728 3810 Benedicti
1751 3756 1834 3812 anun

1028 3844 1060 3885 ac
1073 3831 1217 3902 perfectius
1231 3848 1311 3901 quam
1324 3831 1389 3887 illuc
1411 3849 1496 3903 usque
1520 3842 1680 3897 tenuerant
1704 3843 1833 3901 observare

1027 3927 1182 4000 cupiebant,
1198 3929 1416 3985 contuleruntde
1434 3931 1539 4002 praedio
1572 3952 1639 4007 suo,
1672 3942 1749 4012 quod
1773 3941 1834 3997 auti·

1027 4017 1116 4087 quitus
1136 4017 1293 4073 cistercium
1316 4019 1472 4089 vocabatur,
1499 4033 1756 4102 quantumcunque
1779 4031 1830 4100 ipsis

1026 4112 1053 4160 et
1068 4121 1160 4161 eorum
1174 4107 1373 4174 successoribus
1388 4107 1440 4164 Dei
1453 4108 1570 4166 famulis
1587 4115 1626 4169 ad
1646 4119 1826 4176 monasten'un

1026 4209 1053 4257 et
1077 4201 1230 4259 monasterii
1259 4202 1382 4260 cilicinas
1409 4209 1624 4279 construendas,
1650 4215 1691 4270 ad
1715 4214 1827 4272 amulum

1026 4306 1145 4362 quoque,
1169 4293 1224 4347 imo
1250 4291 1285 4347 nd
1308 4309 1417 4349 omnem
1446 4310 1525 4351 usum
1557 4307 1755 4361 necessarium
1780 4306 1830 4360 lua·

171 4392 272 4463 egressi
286 4399 349 4446 sunt
364 4407 370 4461 ;
387 4400 467 4463 atque
482 4392 516 4447 ad
531 4393 630 4462 locutu,
656 4410 736 4464 quem
761 4395 897 4466 proposito
920 4413 968 4452 suo
983 4397 1009 4457 D
1025 4380 1067 4446 sib
1085 4404 1097 4429 ”
1114 4388 1165 4438 ⁰¹0·

170 4496 321 4553 congruum
332 4480 391 4550 jum
407 4490 468 4536 ante
482 4497 532 4551 pcr
557 4482 672 4554 gratiam
701 4483 749 4537 Dei
779 4485 968 4554 praeviderent,

170 4577 198 4633 id
214 4587 263 4646 ast,
279 4579 313 4633 ad
329 4595 449 4635 eremum
471 4595 532 4649 quae
561 4580 718 4635 Cistercium
744 4580 892 4649 dicebatur,
918 4583 970 4639 ala·

170 4668 250 4724 ariter
265 4668 452 4737 tetenderunt,
470 4668 515 4738 qui
531 4669 603 4724 loeus
624 4669 651 4723 in
680 4669 836 4741 episcopatu
862 4672 969 4728 cabilo-

170 4757 246 4812 nensi
272 4756 338 4811 situs
353 4764 379 4812 et
405 4773 462 4828 prae
490 4772 631 4813 nemorum
655 4758 846 4831 spinarumque
874 4762 968 4817 densi·

169 4861 223 4911 tate
239 4863 301 4910 tunc
314 4855 443 4927 temporis
470 4854 588 4912 accessui
611 4856 752 4913 hominum
793 4857 924 4925 insolitus,
953 4875 969 4914 a

167 4943 232 5000 salis
246 4942 419 4999 habitabatur
433 4942 507 4998 seris.
523 4943 565 4999 Ad
579 4945 650 5002 hune
677 4945 767 5014 itaque
787 4945 876 5001 locum
901 4949 967 5003 hor-

167 5032 236 5089 roris
250 5040 369 5090 etvastae
383 5032 535 5089 solitudinis
548 5034 598 5093 viri
624 5033 674 5089 Dei
701 5033 849 5103 vanientes,
882 5042 967 5092 tanto·

167 5144 219 5200 que
233 5131 310 5187 illum
322 5130 459 5205 religioni,
475 5148 555 5202 quam
566 5130 625 5202 jam
648 5131 750 5187 dudum
775 5140 866 5189 mente
896 5149 966 5190 con-

166 5229 302 5289 ceperant,
318 5229 345 5278 et
358 5230 469 5294 propter
482 5236 563 5291 quam
591 5221 656 5277 illuc
683 5220 859 5289 advenerant,
889 5222 966 5278 hubi·

165 5304 272 5377 liorem,
283 5319 382 5378 quanto
397 5309 570 5366 saeeutmms
584 5308 821 5380 despicabiliorem
843 5318 870 5366 et
893 5311 966 5368 inac-

166 5402 372 5476 cessibiliorem,
388 5407 578 5480 intelligentes,
603 5424 744 5464 nemorum
768 5424 800 5463 ac
826 5409 963 5480 spinarum

166 5494 297 5553 densitate
312 5496 424 5565 praeeise
446 5498 613 5562 ac'remete,
635 5498 826 5553 monasterium
850 5499 963 5569 ibidem,

163 5586 302 5646 voluntate
317 5582 503 5638 Cabilonensis
524 5587 644 5658 episcopi
675 5595 700 5642 et
730 5602 861 5642 consensu
889 5590 964 5643 istius

162 5686 240 5760 cujas
254 5683 314 5758 ipse
328 5681 403 5737 locus
416 5687 483 5751 crat,
498 5690 650 5741 construere
674 5691 825 5759 coeperunt.
859 5685 961 5744 Eodem

1062 4496 1104 4547 la.
1135 4491 1195 4548 Ode
1224 4508 1331 4564 quoque
1359 4494 1414 4550 dur
1441 4497 1615 4570 burgundiae
1652 4520 1715 4562 nnn
1748 4523 1830 4580 pamm

1025 4582 1181 4638 Cistercium
1197 4584 1293 4653 aurit;
1319 4584 1419 4640 landos
1446 4586 1519 4642 enim
1554 4605 1575 4646 a
1605 4594 1740 4652 Belnensi
1766 4599 1831 4654 vice·

1024 4671 1121 4727 comite
1136 4678 1286 4727 reservatos
1308 4682 1489 4745 exceptosque
1513 4677 1633 4749 adjecit,
1665 4693 1696 4741 et
1723 4687 1830 4759 primam

1023 4770 1100 4826 novis
1109 4770 1276 4826 habitoribus
1289 4771 1400 4827 domum
1424 4771 1584 4832 aedificavit.
1613 4780 1697 4838 Prius
1721 4785 1750 4840 in
1776 4786 1831 4842 des·

1022 4860 1114 4931 criptis
1132 4859 1214 4915 niodo
1240 4860 1340 4915 tabulis
1366 4861 1403 4917 ita
1426 4871 1551 4919 narratur
1578 4886 1585 4922 :
1619 4892 1632 4919 a
1663 4872 1709 4928 De
1732 4875 1831 4931 residuo

1023 4962 1130 5019 quoque
1152 4946 1236 5019 ipsius
1260 4957 1347 5019 terrm,
1381 4949 1453 5021 quod
1477 4951 1552 5008 dicto
1594 4957 1750 5030 Raynardc
1777 4972 1832 5020 tunc

1020 5046 1121 5115 placuit
1131 5045 1256 5113 retinere,
1272 5047 1338 5103 lecit
1352 5047 1411 5104 Oda
1427 5046 1482 5103 dux
1498 5051 1685 5129 burgundiae,
1712 5062 1750 5117 ad
1769 5062 1832 5117 utin

1020 5135 1222 5190 concessionem
1236 5141 1263 5190 et
1277 5135 1393 5205 libitum,
1416 5138 1498 5193 talem
1526 5155 1595 5199 cum
1622 5160 1658 5202 eo
1689 5160 1833 5207 commula-

1021 5222 1286 5295 tionemetpactum,
1307 5224 1341 5279 ad
1358 5227 1601 5298 opuscorumdem
1621 5241 1830 5307 monachorum.

1019 5328 1047 5375 ut
1060 5320 1160 5376 scilicet
1175 5336 1225 5392 pro
1241 5328 1311 5378 terra
1324 5322 1371 5378 illa
1385 5323 1592 5396 singulisannis
1606 5331 1637 5387 in
1662 5346 1759 5395 casus>
1780 5340 1831 5395 ltel-

1019 5409 1095 5466 nensi
1109 5410 1209 5465 solidos
1222 5410 1319 5483 viginti
1341 5412 1499 5483 susciperet,
1523 5422 1583 5473 tarn
1608 5420 1673 5493 ipse
1699 5444 1784 5497 quarn
1808 5434 1831 5484 cl

1018 5498 1101 5571 ipsius
1115 5507 1174 5569 post
1189 5516 1250 5554 eum
1265 5500 1395 5556 haeredes
1411 5501 1546 5560 Praeterea
1561 5506 1593 5562 in
1607 5511 1714 5570 eadem
1728 5517 1829 5573 munbi·

1018 5598 1089 5654 tione
1104 5597 1234 5654 concessit
1248 5597 1272 5652 ei
1287 5614 1319 5653 uc
1331 5596 1393 5653 liliis
1416 5598 1473 5655 suis
1495 5600 1556 5672 ipsa
1585 5604 1657 5680 dux,
1690 5623 1827 5685 quantum·

1016 5700 1122 5759 cunque
1147 5686 1287 5745 vincnmm
1314 5685 1343 5743 in
1372 5686 1505 5747 territerio
1543 5690 1679 5756 belnensi
1718 5710 1823 5777 possent
