3780 6038
120 232 168 291 tos

736 230 887 288 di'l'liND.
908 232 956 288 AD
976 235 1130 292 l’lttortta'it

1713 239 1766 299 tot

117 361 189 433 gusti
205 375 353 431 germanus
374 358 471 416 irater.
502 356 563 428 lpse
587 365 675 413 autern
702 358 912 429 prenominatus
926 360 952 419 A
968 360 1136 429 praelationis
1150 362 1321 433 praegravari
1337 364 1470 434 pondere.
1487 365 1591 422 Tamen
1615 366 1766 437 plurimum

117 451 245 521 princeps
260 458 316 504 tum
331 448 400 505 forte
416 449 521 514 aberat,
537 447 600 519 quia
615 446 683 503 lines
699 448 806 503 italicos
830 462 913 502 eausa

118 546 232 610 urgente
252 538 369 594 adierat.
389 539 501 593 liloestus
516 552 585 609 ergo
600 537 767 591 Leuchorum
784 535 911 605 populus,

117 627 232 685 consilio
254 628 381 683 viduatus
400 626 527 697 pastoris,
552 626 588 680 ad
617 634 796 681 memoratum
821 623 912 679 arciri-

117 725 261 797 praesulem
276 726 429 779 brunonem
455 722 561 794 legatos
582 722 687 795 dirigit,
714 720 912 776 desolationem

117 815 159 870 sui
174 813 265 869 humili
279 812 455 884 suggestione
468 811 583 877 intimat,
601 820 683 883 utque
698 809 750 864 sibi
764 824 912 866 succurra·

117 913 162 958 tur
175 901 333 973 suppliciter
347 900 509 972 expostulat,
525 916 559 955 ne
572 898 645 955 velut
654 915 721 971 grex
730 896 911 963 errabundus,

116 1001 228 1068 pastore
240 990 357 1062 perdito,
378 989 527 1060 dispereat.
545 990 571 1043 ls
585 1004 651 1044 vero
670 987 812 1044 clementis
835 1001 912 1041 com-

117 1091 245 1165 passione
269 1088 352 1143 aaimi
376 1103 471 1144 eorum
495 1093 521 1142 et
542 1085 727 1142 lamentationi
751 1082 911 1145 condolens,

117 1182 260 1252 ipsamque
274 1180 381 1242 urbem,
397 1175 520 1232 Francia
530 1190 620 1246 regno
631 1172 775 1240 confinem,
788 1171 912 1228 Romano

116 1269 273 1341 nuperrime
287 1266 443 1334 adjunctam
460 1263 576 1335 imperio
591 1261 782 1335 perpendens,
807 1273 912 1314 summa

115 1357 215 1414 mentis
228 1354 381 1427 angebatur
394 1352 585 1420 sollieitudine,
603 1350 739 1423 cogitans,
764 1365 844 1420 quem
869 1346 911 1402 ei-

115 1449 178 1503 dem
193 1445 316 1502 ecclesiae
330 1443 457 1498 idoneum
471 1441 548 1512 juxta
562 1454 696 1496 canonum
711 1438 780 1493 scita
802 1436 910 1507 potuis-

116 1555 157 1601 set
171 1540 328 1615 pontificem
342 1538 457 1609 eligere,
472 1535 624 1593 secundum
651 1533 751 1591 divinae
769 1531 910 1603 religionis

114 1633 218 1691 cultum
230 1646 292 1689 cum
307 1628 426 1683 bonitate
441 1640 546 1680 morum
569 1623 710 1696 sapientias
730 1621 788 1677 sale
813 1620 910 1677 condi-

966 449 1129 516 reclnmans‚
1146 451 1290 521 plurimum
1306 467 1473 524 repugnans,
1498 470 1589 510 eoram
1608 455 1665 523 jam
1692 455 1764 511 dicto

965 537 1158 607 archipraesule
1173 538 1327 610 deducitur,
1343 548 1371 596 et
1385 543 1435 596 sub
1451 542 1575 610 iussione
1600 542 1765 599 obedientie

967 631 1148 700 pontificalem
1172 635 1278 704 apicem
1307 637 1447 707 suscipere
1475 637 1661 710 compellitur.
1693 641 1763 696 Dum

966 735 1034 793 ergo
1049 736 1137 776 annus
1153 723 1260 779 incarn.
1289 723 1363 780 dom.
1390 728 1441 781 963
1464 735 1600 794 curreret,
1623 728 1762 785 leucham

968 809 1063 864 urbem
1076 811 1229 880 adducitur,
1242 813 1387 884 obviisque
1401 815 1562 886 populorum
1579 816 1677 871 turmis
1700 832 1762 873 cum

965 898 1134 968 hymnisonis
1149 900 1276 956 laudibus
1291 902 1436 974 excipitur,
1452 919 1493 969 ac,
1510 905 1579 960 sicut
1595 920 1658 962 mos
1667 905 1762 978 exiga-

965 985 1022 1056 bat,
1038 987 1181 1058 presulari
1205 990 1272 1046 sede
1299 990 1488 1048 intronizatur.
1516 994 1612 1066 ltaque
1636 992 1666 1049 fit
1692 994 1763 1050 mira

966 1075 1093 1131 exultatio
1108 1077 1135 1130 in
1150 1077 1297 1134 commixto
1307 1079 1419 1150 populo,
1435 1096 1531 1136 omnes
1542 1081 1695 1153 tripudiant
1713 1098 1763 1154 pro

965 1180 1075 1242 pastore
1090 1174 1198 1245 adepto,
1210 1184 1369 1232 cunctorum
1385 1185 1530 1249 terguntur
1544 1180 1667 1238 lacrimae
1681 1183 1761 1251 hujus

965 1261 1091 1331 ingressu
1105 1279 1186 1319 novo.
1199 1262 1302 1320 Omnes
1315 1266 1367 1320 sibi
1377 1267 1473 1324 divino
1489 1275 1556 1324 nutu
1571 1268 1665 1325 datum
1679 1270 1763 1326 adse-

966 1359 1071 1418 verant,
1087 1360 1167 1423 atque
1182 1353 1209 1407 in
1225 1355 1283 1423 ejus
1297 1355 1476 1412 ordinationis
1488 1372 1604 1414 assensu
1627 1359 1765 1430 plausibi-

964 1439 1027 1494 liter
1036 1440 1173 1495 insonant.
1194 1441 1217 1499 0
1232 1443 1254 1497 si
1269 1460 1349 1515 quem
1365 1449 1445 1517 gesta
1459 1447 1517 1516 ejus
1527 1446 1646 1504 delectat
1656 1448 1763 1513 audire,

964 1540 1063 1595 librum
1078 1541 1140 1596 vitae
1154 1550 1182 1598 et
1203 1549 1314 1599 actuum
1339 1544 1410 1613 ejus,
1435 1546 1481 1619 qui
1505 1548 1579 1617 apud
1604 1548 1763 1621 sepulcrum

964 1629 1024 1698 ejus
1039 1631 1178 1696 retinetur,
1195 1632 1327 1704 perlegat,
1338 1641 1364 1688 et
1378 1634 1434 1691 illic
1449 1635 1564 1706 pleniter
1577 1636 1711 1694 inveniet.

115 1733 171 1779 tum
187 1728 213 1776 et
228 1719 255 1773 in
270 1716 391 1773 scientiae
419 1712 551 1770 secularis
579 1711 667 1767 studio
695 1709 902 1766 excercitatum.
921 1718 948 1778 Β
998 1730 1045 1782 35,
1064 1727 1134 1784 pujo
1155 1726 1186 1756 2⁸⁰
1201 1745 1269 1801 ergo
1289 1730 1360 1786 qiam
1380 1731 1515 1788 universa
1536 1735 1630 1789 mnis
1651 1733 1764 1808 ingres.

115 1812 169 1868 Sed
186 1811 268 1874 Deus,
284 1805 330 1876 qui
351 1805 378 1857 in
407 1801 486 1857 bonis
506 1799 536 1828 ¹⁹⁸
552 1816 665 1871 semper
688 1796 911 1869 dispositionibus

115 1901 222 1971 piorum
238 1893 340 1949 assistit
355 1890 507 1957 effectibus,
523 1891 581 1957 ejus
592 1905 646 1944 uon
656 1886 781 1958 permisit
790 1886 910 1939 animum

114 1996 225 2053 diutinis
240 1989 337 2065 agitari
352 2004 481 2045 curarum
496 1986 634 2050 fluctibus,
661 2000 765 2055 suoque
789 1983 910 2053 inspira·

113 2088 152 2143 vit
168 2082 198 2113 ¹¹⁷
211 2080 336 2144 consilio,
353 2075 538 2132 venerabilem
555 2074 708 2129 Gerardum
734 2072 796 2128 huic
818 2069 910 2142 piseli-

113 2175 241 2233 ciendum
256 2168 347 2225 oliicio
362 2169 511 2229 asciscere,
538 2179 619 2235 quem
644 2162 787 2218 constabat
812 2159 909 2214 utilem

112 2261 223 2335 superni
237 2261 309 2315 douo
325 2254 472 2311 conditoris
488 2253 515 2307 in
529 2251 634 2308 cunctis
649 2250 776 2305 existere.
792 2250 909 2303 Eatem·

113 2359 219 2426 pestate
234 2350 306 2403 idem
321 2344 371 2400 Dei
385 2343 505 2398 famulus
515 2339 620 2398 cellarii
630 2337 908 2406 obedieutiaimpedi·

113 2453 167 2506 tus,
183 2455 232 2511 pro
248 2435 363 2507 quodam
380 2448 434 2488 non
450 2431 569 2485 maximo
599 2444 714 2483 excessu
742 2427 771 2481 in
797 2425 908 2481 lerioris

111 2540 199 2610 cnlpae
217 2551 287 2590 nexu
301 2531 373 2587 inira
387 2528 548 2586 claustralia
563 2535 621 2582 erat
636 2534 713 2596 septa
734 2524 907 2594 constitutus,

109 2630 202 2699 ibique
218 2624 396 2694 lacrymarum
421 2633 454 2674 ac
479 2616 634 2673 orationum
663 2614 822 2669 holocausto
846 2626 907 2666 sese

110 2714 270 2773 immolabat
286 2708 413 2765 attentius
430 2725 436 2770 ;
453 2721 532 2777 quern
542 2703 604 2759 ideo
615 2701 731 2759 caelestis
739 2699 907 2771 dispensatio

111 2809 161 2863 hac
178 2818 264 2877 parvo
278 2797 400 2871 permisit
422 2792 548 2865 temptari
570 2791 722 2856 afflictione,
748 2797 776 2844 ut
803 2788 907 2846 cunctis

110 2905 203 2978 palam
220 2902 401 2954 innotesceret
416 2894 460 2948 bic
476 2888 746 2957 vi1·eximius,cujus
760 2887 830 2943 ioret
845 2902 906 2941 me-

110 2994 154 3049 riti
170 2999 231 3045 ante
246 2987 340 3043 treulos
355 2982 453 3037 ditium
479 2977 726 3049 contemplationis.
751 2975 906 3047 Religiosus

965 1839 996 1878 so
1011 1825 1095 1894 test),
1111 1824 1228 1881 domnus
1243 1826 1399 1898 Stephanus
1420 1844 1566 1886 successor
1583 1831 1644 1901 ejus
1665 1834 1763 1901 extitit,

964 1912 1049 1968 nobili
1064 1914 1257 1970 parisiensium
1272 1917 1358 1987 stirpe
1369 1918 1467 1984 editus,
1480 1918 1514 1974 de
1527 1920 1617 1976 lineri
1632 1921 1697 1976 silla
1708 1922 1764 1992 (ΒΞ)

964 2011 1075 2082 antiqua
1091 2013 1241 2083 propagine
1256 2021 1345 2068 ortus.
1365 2015 1417 2084 Qui
1432 2016 1460 2069 in
1476 2017 1610 2073 iletelalre
1646 2018 1677 2047 '⁸¹
1708 2023 1763 2089 (83)

964 2100 1110 2154 certabioti
1131 2101 1191 2155 Kal.
1216 2101 1280 2156 iulii
1304 2102 1455 2172 pontificati
1473 2106 1595 2178 unguine
1617 2122 1763 2164 consecra·

964 2193 1016 2253 tus,
1033 2189 1140 2244 modico
1152 2191 1282 2260 temporis
1307 2192 1404 2263 spatio,
1434 2209 1506 2250 atino
1542 2193 1575 2223 ”¹
1603 2196 1711 2253 scilicet
1738 2206 1763 2255 et

963 2277 1056 2344 semis,
1074 2278 1209 2349 regimine
1226 2280 1368 2349 potitust
1389 2281 1453 2337 ldus
1481 2283 1574 2337 Martii
1603 2285 1681 2356 (996)
1710 2287 1762 2341 rita

963 2364 1078 2419 excessit
1095 2367 1172 2436 apud
1187 2367 1306 2422 liodonis
1320 2371 1526 2438 nronasterium,
1543 2380 1569 2426 et
1585 2371 1666 2441 juxta
1687 2374 1762 2431 beati

963 2453 1148 2523 apostolorum
1173 2454 1304 2526 principis
1335 2457 1404 2513 Patri
1433 2458 1519 2516 aliare
1548 2469 1590 2516 est
1615 2462 1763 2520 tumulatus

962 2542 1033 2612 apud
1050 2542 1224 2598 lilediauense
1239 2546 1396 2600 coenobium
1413 2549 1483 2617 (st).

997 2639 1044 2693 36.
1063 2639 1116 2694 Sed
1132 2641 1190 2696 iaaac
1205 2642 1301 2696 eadem
1325 2644 1478 2700 lieueorum
1498 2647 1598 2703 cititas
1624 2665 1675 2705 suo
1698 2666 1761 2707 rec-

960 2734 1020 2782 tore
1036 2729 1174 2790 destituta,
1188 2746 1362 2802 nequaquam
1378 2732 1478 2789 diutius
1502 2744 1552 2802 est,
1578 2738 1638 2793 Deo
1662 2738 1759 2810 dispo·

960 2828 1053 2882 nente,
1071 2818 1241 2888 pessumdari
1257 2820 1405 2889 permissa.
1429 2823 1499 2878 Nam
1524 2824 1596 2879 rotis
1619 2827 1760 2901 utriusque

961 2905 1082 2959 ildeliurn
1098 2907 1213 2975 ordinis,
1230 2910 1368 2978 aspirante
1384 2909 1529 2967 clementia
1544 2913 1645 2970 divinae
1675 2918 1758 2985 maie·

960 3004 1048 3067 statis,
1080 3005 1284 3075 triumphatoris
1313 3008 1416 3071 invicti,
1444 3010 1547 3066 domini
1568 3009 1600 3040 ¹⁸⁸
1634 3013 1760 3072 videlicet

111 3098 179 3154 &¹3⁰
194 3075 315 3151 P⁰¹¹¹is⁰x
332 3074 422 3126 Bs¹¹⁰⁰
437 3070 470 3124 ³d
487 3084 547 3122 ⁵⁰⁵⁰
563 3066 665 3137 primm
678 3064 746 3120 cleri
761 3067 1068 3146 c⁰¹¹⁸'00‘st’COttonis
1085 3093 1163 3148 tercii
1176 3096 1295 3167 augusti,
1319 3097 1431 3152 decreto
1461 3106 1611 3168 statuente,
1641 3102 1758 3158 domnus

112 3172 151 3227 eis
166 3161 322 3238 coepiscopi
337 3160 378 3214 sui
393 3156 485 3213 domni
500 3155 626 3211 Gaualini
645 3151 675 3180 '¹⁸
691 3153 833 3207 transitum
857 3152 909 3206 lle-

113 3270 194 3326 bilem
209 3260 339 3323 notificat,
356 3270 492 3329 quemque
508 3254 546 3307 illi
572 3266 765 3309 successorem
793 3250 908 3321 dignum

114 3359 255 3425 subroget,
265 3346 434 3404 familiariter
442 3342 587 3399 consultat.
601 3343 663 3395 llox
672 3340 800 3394 decamus
811 3339 910 3395 diriuoe

115 3452 219 3502 amator
234 3435 384 3508 religionis,
402 3432 462 3486 sani
478 3430 603 3501 prudens
619 3428 738 3492 consilii,
763 3428 820 3496 eius
841 3443 909 3482 eon-

116 3532 232 3589 sultilrus
247 3527 304 3581 hare
319 3520 436 3577 reddidit
454 3537 460 3572 :
478 3519 516 3587 Si,
533 3518 641 3574 domine
656 3517 846 3589 prenniano
864 3517 909 3571 di-

115 3619 453 3706 pnnrirtratetiliocredcre
463 3617 671 3686 dictasrctrcnt
685 3612 910 3669 Gerardnnxlxcic

115 3716 525 3803 protiuiproeccteriaidoneorn
535 3713 654 3769 treridico
666 3710 696 3740 ”⁹
711 3728 806 3767 casoro
828 3711 910 3766 testi-

119 3818 222 3880 monio,
241 3827 321 3885 qoem
344 3823 409 3863 vero
427 3803 591 3860 lauinilitoic
611 3802 779 3872 sribjectum,
799 3803 911 3872 proruto

117 3900 407 3969 obedientiariorum,
418 3891 574 3965 longanimi
590 3889 734 3963 potientis
751 3889 909 3944 certissimo

117 3999 237 4056 otiosior
247 3989 404 4064 probatem.
424 3985 538 4052 Insuper
553 3980 610 4048 ejus
627 3979 761 4033 diutinam
778 3978 806 4031 in
823 3979 910 4077 porni-¹

121 4085 204 4143 tentia
214 4074 447 4154 perseverentiam
458 4071 573 4132 intimat,
594 4069 699 4138 Deique
719 4075 784 4120 nutu
805 4065 839 4120 ad
859 4065 911 4121 stbt

117 4170 283 4234 credendum
294 4155 912 4231 mentempraesulisnontardeinelinat.Tunc

78 4251 80 4255 ¹
118 4253 413 4327 decannspraelibatus
436 4248 545 4304 beatum
569 4243 726 4300 Gerardum
754 4259 769 4297 a
798 4242 910 4298 claustri

118 4352 276 4431 poenitentia
300 4349 379 4419 rapit,
402 4345 435 4399 ad
464 4344 574 4398 domum
601 4340 740 4412 propriam
770 4341 911 4410 insperato

962 3180 1103 3236 liertoldus
1119 3182 1175 3253 (uti)
1189 3182 1368 3239 nobilissimis
1379 3186 1595 3243 alemannorum
1620 3191 1757 3247 natalibus

963 3278 1048 3335 ortus,
1067 3271 1093 3323 iu
1109 3279 1205 3324 sancta
1219 3272 1351 3344 religione
1365 3275 1539 3346 conspicuus,
1555 3294 1607 3348 per
1622 3280 1674 3334 Dei
1695 3296 1758 3352 pro·

963 3359 1109 3413 villantiam
1126 3359 1238 3425 eleetos,
1255 3361 1282 3413 in
1298 3362 1349 3418 hac
1362 3363 1429 3418 sede
1444 3372 1484 3418 est
1500 3368 1516 3420 5
1540 3366 1604 3422 idus
1630 3368 1758 3426 Octobris

963 3447 1081 3518 pontifex
1096 3447 1248 3503 ordinatus.
1276 3447 1328 3517 Qui
1357 3452 1571 3521 praedecessoris
1595 3456 1640 3512 sui
1668 3457 1758 3514 domni

964 3534 1077 3589 Gerardi
1093 3551 1183 3590 mores
1198 3543 1224 3590 et
1239 3535 1362 3592 instituta
1376 3555 1425 3608 pro
1441 3556 1525 3611 posse
1546 3542 1682 3612 imitatus,
1709 3564 1758 3603 non

964 3622 1036 3677 valet
1062 3623 1203 3694 explicari,
1234 3634 1342 3694 quamm
1367 3626 1494 3683 bonitatis
1516 3638 1543 3686 et
1567 3633 1759 3692 munificentia

963 3711 1092 3781 operibus
1120 3711 1154 3766 ad
1176 3713 1312 3783 propriam
1342 3715 1526 3772 decorandam
1550 3721 1646 3777 sedem
1682 3723 1759 3780 suerit

964 3800 1168 3870 comprobatus.
1201 3802 1270 3856 Nam
1300 3802 1446 3876 diligenter
1471 3806 1576 3863 clerum
1605 3810 1757 3882 instituens,

965 3888 1038 3943 uiros
1053 3889 1198 3959 prudentes
1219 3890 1347 3947 familiari
1366 3890 1396 3921 ”⁴
1411 3894 1557 3952 dilectione
1581 3915 1639 3971 prae
1664 3903 1759 3959 ceteris

964 3977 1141 4048 amplectens,
1157 3995 1306 4052 eorumque
1320 3982 1436 4038 consilio
1447 3983 1474 4038 in
1499 3987 1629 4044 omnibus
1658 3991 1756 4057 nitens,

964 4065 1159 4121 urbemrebus
1186 4070 1271 4130 auxit,
1302 4071 1434 4141 sapientia
1463 4074 1617 4144 decoravit,
1646 4080 1758 4150 provida

964 4155 1168 4221 dispensatione
1183 4158 1308 4215 munivit.
1325 4159 1394 4222 Quis
1408 4168 1499 4217 autem
1515 4173 1599 4235 queat
1612 4166 1670 4225 ullo
1682 4171 1755 4226 ratio

965 4242 1007 4298 nis
1022 4242 1106 4299 affatu
1121 4245 1255 4316 paudere,
1272 4264 1352 4319 quam
1368 4250 1487 4319 prudens
1509 4259 1537 4307 et
1559 4262 1658 4312 cautus
1684 4258 1758 4315 luerit

964 4339 991 4394 in
1007 4340 1080 4394 omni
1095 4356 1145 4395 sua
1160 4357 1188 4396 re
1202 4342 1384 4413 disponenda,
1401 4363 1463 4418 quae
1478 4356 1504 4403 et
1518 4359 1620 4421 quanta
1635 4371 1695 4411 suae
1714 4373 1758 4414 ea·

117 4444 239 4510 adducit,
255 4439 409 4495 balneatum
425 4431 545 4488 vestibus
563 4429 654 4484 nitidis
683 4445 714 4484 ox
739 4443 787 4483 suo
811 4429 908 4497 induit,
924 4430 950 4491 D
965 4427 1056 4484 clesiae
1074 4429 1409 4500 acquisieritornamenta,
1436 4436 1533 4507 quibus
1548 4439 1674 4498 aediiiciis
1689 4445 1758 4501 clau·

117 4532 287 4602 mirantique,
304 4524 367 4598 quid
378 4521 440 4577 noxi
450 4519 632 4591 portenderat,
649 4534 711 4573 eum
723 4517 782 4573 iore
799 4518 908 4588 episco-

116 4641 182 4698 pum
198 4615 332 4691 praedicit.
352 4611 407 4666 Sed
425 4609 464 4662 vix·
475 4606 582 4663 Domini
599 4606 625 4660 iu
638 4606 795 4660 humilitatis
809 4605 909 4661 iauda-

115 4720 206 4770 meuto
222 4705 335 4760 firmiter
360 4697 505 4764 stabilitus,
532 4695 594 4750 huic
618 4694 784 4750 ordinationi
805 4695 909 4749 cunctis

113 4798 284 4857 obnitebatur
296 4788 409 4851 viribus,
419 4784 560 4855 magisque
571 4781 652 4853 elegit
662 4780 833 4851 pristimnum
847 4797 908 4851 poe-

113 4886 232 4947 nitentire
259 4880 342 4938 otium
367 4882 500 4947 repetere,
535 4886 617 4943 quam
646 4870 726 4938 hujus
763 4869 909 4925 laboriosae

962 4523 1046 4571 strum
1062 4517 1102 4572 sui
1113 4517 1180 4573 cleri
1196 4519 1371 4576 adornaverit
1387 4520 1427 4589 Μ,
1445 4524 1542 4596 quibus
1570 4530 1757 4590 emolumentis

963 4621 1039 4659 suam
1055 4607 1150 4660 sedem
1163 4608 1393 4678 amplificaverit?
1410 4612 1511 4668 l'erum
1526 4631 1615 4687 pauca
1630 4623 1758 4690 perstrin-

962 4709 1061 4766 gamus
1076 4695 1111 4750 de
1126 4695 1260 4766 pluribus,
1276 4714 1337 4755 cum
1354 4700 1462 4772 singula
1473 4719 1635 4774 percurrere
1645 4711 1757 4769 sufficiat

963 4783 1061 4839 nullus.
1079 4784 1127 4838 llic
1142 4785 1287 4856 adquisivit
1301 4802 1317 4842 a
1331 4787 1500 4847 Theodorico
1510 4792 1582 4851 duce
1592 4797 1710 4855 Askeim
1730 4798 1756 4829 ”⁸

963 4871 1055 4926 villam
1072 4873 1126 4945 (id)
1143 4884 1170 4930 et
1185 4875 1289 4932 Alraldi
1304 4873 1336 4905 ¹⁸⁷
1349 4887 1453 4935 canem
1469 4890 1495 4937 et
1508 4881 1633 4943 bionoldi
1656 4889 1753 4959 sillam,

759 5019 874 5074 ‘1'deAE
894 5019 1102 5080 Lectiones.

148 5160 178 5193 ¹⁹⁰
198 5160 272 5216 deest
289 5160 317 5210 i.
364 5149 395 5180 ¹¹⁴
409 5146 557 5218 inspirante
574 5149 582 5198 l
602 5142 616 5198 ‘i
659 5140 689 5171 ”⁸
704 5145 837 5210 gauzelini
857 5150 864 5199 i
882 5148 896 5200 ‘i

940 5142 970 5173 '¹'
996 5146 1115 5216 juridico
1132 5150 1174 5202 li
1216 5142 1246 5177 ‘⁸⁰
1269 5147 1334 5205 lluie
1354 5149 1442 5206 extitit
1469 5167 1620 5213 successor
1643 5159 1756 5218 domnus

114 5236 269 5305 Stephanus
285 5224 367 5280 nobili
382 5218 599 5314 l‘atriensiupp·2.
617 5221 642 5296 3,.
685 5214 963 5317 '³¹metelaeh0333.
1008 5212 1176 5299 ‘'iannisl.
1209 5215 1372 5277 ‘'²dccsil.
1415 5221 1755 5291 ”⁴iamiliori2.iamiiia·

115 5308 219 5362 riou3.
263 5296 485 5352 ”⁸ornateut3.
578 5287 851 5342 astrioteseueit.
942 5289 1087 5343 adraldi3.

870 5411 987 5468 NOTAE.

146 5525 202 5593 (aa)
217 5517 368 5577 Luneville.
455 5583 461 5593 ·
532 5582 537 5593 ⁶

146 5590 202 5665 (ab)
216 5597 247 5649 ln
261 5587 369 5647 dimensi
385 5586 552 5664 Tresrrensx.

146 5672 202 5733 (tit
218 5667 262 5723 ut.
278 5665 379 5718 Cirrou.
397 5658 512 5710 ,listram
528 5669 600 5707 mon.
619 5651 669 5706 SS.
692 5650 735 5717 lii,
752 5669 779 5722 p.
796 5655 842 5707 91.

145 5740 202 5819 illd)
216 5740 381 5796 Bettottunte
396 5726 571 5783 bertholdum
583 5723 729 5777 liebertum
750 5725 899 5795 quemdam

958 5511 1117 5583 episcopum
1133 5512 1217 5570 inisse
1233 5513 1347 5570 electum
1363 5520 1457 5597 monet
1471 5520 1580 5600 Fumi
1610 5522 1755 5596 diplomate

956 5585 1049 5646 allato,
1067 5586 1138 5655 quod
1154 5602 1215 5639 euru
1230 5588 1348 5641 noudum
1372 5591 1474 5644 eduum
1503 5595 1670 5665 invenerim,
1699 5613 1755 5653 rem

955 5653 1025 5708 incer
1036 5663 1088 5708 tatu
1104 5656 1244 5728 relinquo.

989 5726 1046 5799 (Sti)
1061 5727 1222 5800 Acreigues,
1237 5729 1385 5799 llaracour,
1402 5730 1583 5793 lianonxillc.
1616 5806 1620 5810 ,
