3780 6038
119 224 170 283 lid

558 226 701 284 Ptaoetts
718 227 877 286 EPISCOPI
894 227 1084 288 TULLENSIS
1103 232 1319 292 DIPLOllh'l'd.

1718 233 1773 293 ttt

117 350 276 407 omniamea
287 351 454 417 auctoritate,
464 359 490 408 et
501 367 616 408 assensu
635 354 717 409 totius
734 353 802 410 cleri
821 362 848 410 et
862 370 912 426 po·
926 352 956 415 A
970 353 1055 427 ipsius
1070 358 1263 429 praeposituras
1281 358 1448 416 cardinalem
1461 358 1714 417 archidiaconatum
1724 359 1774 415 ob·

116 440 173 511 puli
188 440 215 494 in
230 441 367 497 evidentia
382 441 523 514 generalis
538 441 635 512 synodi
650 443 824 499 confirmavi.

150 537 249 593 Notum
265 537 391 610 igitursit
410 539 546 606 omnibus,
559 547 613 593 tam
631 540 814 611 praesentibus
832 554 914 610 quarn

115 625 197 682 futuri
211 627 304 684 saeculi
319 625 452 694 fidelibus,
470 628 618 685 ecclesiam
640 628 735 684 Sancti
757 627 913 701 Gcngulphi

115 725 261 794 certojure
277 726 417 798 etahsque
443 726 498 780 ulla
523 727 741 782 contradictione
768 728 827 782 huc
852 740 915 798 quta

115 814 217 884 scripta
231 822 293 868 sunt
307 815 451 884 possidere
469 832 474 868 :
493 814 608 870 Omnem
624 823 802 887 terramque
825 822 867 870 est
886 814 912 868 in

115 911 180 967 villa
194 912 309 967 Bosonis
321 913 430 979 montis,
447 930 507 968 cum
523 914 695 984 appenditiis,
708 917 807 969 etcum
821 913 913 969 eccle·

113 1000 155 1054 aia
168 999 274 1072 integra
290 1000 381 1057 Sancti
403 1001 517 1074 Georgii
533 1021 540 1068 ·,
567 1001 714 1058 ecclesiam
739 1001 913 1068 Travillanis,

114 1098 258 1153 ecclesiam
275 1099 417 1170 llarbngii,
433 1099 582 1155 ecclesiam
600 1101 778 1166 Seuoensem,
795 1117 856 1157 curn
872 1116 914 1156 ca·

114 1187 185 1258 pella
200 1188 234 1243 de
249 1187 379 1243 Cbeulaio
393 1208 400 1254 ς
416 1188 559 1244 ecclesiam
582 1189 719 1245 llenovilli
741 1189 823 1256 villae,
848 1204 914 1243 cxvi

114 1290 268 1341 mansaset
293 1285 445 1352 dimidium,
471 1296 584 1358 excepta
606 1295 679 1343 terra
708 1287 911 1355 indominicata,

114 1374 187 1444 apud
202 1374 379 1444 Pomponium
388 1376 482 1431 vineas
493 1376 580 1442 duas3
596 1377 666 1447 apud
679 1376 795 1432 lletlium
812 1376 911 1441 vicum,

116 1481 228 1542 quatuor
243 1486 344 1538 sessos,
371 1479 396 1527 et
418 1480 518 1526 tantum
536 1481 613 1529 terrae
635 1473 835 1529 indominicatae
854 1488 913 1544 quae

116 1558 213 1615 sufficit
226 1561 339 1614 arationi
353 1561 434 1616 trium
446 1568 594 1629 aratorum,
610 1578 672 1617 curn
683 1570 788 1634 septem
798 1570 914 1634 quarta-

115 1655 174 1724 riis,
190 1663 216 1712 et
232 1658 320 1713 banno
334 1657 361 1711 in
376 1666 454 1730 prato
474 1659 678 1726 indominicato,
711 1675 772 1715 cum
800 1658 913 1730 reliquis

115 1746 202 1817 pratis
218 1755 244 1802 et
258 1746 318 1802 aliis
332 1749 494 1819 appenditiis
512 1768 519 1817 ;
541 1749 615 1820 apud
640 1750 752 1821 Fagum,
770 1748 797 1803 in
819 1748 911 1804 Lersi-

115 1843 185 1900 valle
198 1844 292 1900 vineas
307 1854 432 1916 quatuor,
449 1853 474 1901 et
491 1845 586 1920 viginti
612 1846 735 1915 jornales
764 1854 854 1914 tarrae,
885 1848 912 1901 et

114 1933 184 1988 duos
198 1949 307 1989 mansos
322 1935 507 1990 mansionales
524 1951 531 2006 ;
554 1936 628 2006 apud
656 1934 910 2000 Wandini-villam,

114 2038 230 2104 quatuor
244 2047 365 2100 mansos,
382 2042 494 2105 excepta
514 2043 584 2090 terra
604 2034 794 2090 indominicata
812 2053 819 2100 3
839 2032 912 2104 apud

114 2119 432 2187 Hermotescim,vineas
455 2139 524 2194 quas
551 2123 625 2178 dedit
649 2124 679 2178 ll.
709 2123 830 2192 ejusdem
857 2121 911 2177 loci

115 2219 289 2290 praepositus,
306 2227 333 2274 et
348 2220 434 2274 irater
452 2220 512 2289 ejus
539 2236 631 2276 comes
658 2221 785 2275 hibertus
802 2235 809 2289 ;
839 2219 911 2291 apud

114 2306 365 2373 merelli-villam,
383 2316 488 2378 septem
500 2324 611 2364 mansos
628 2318 653 2363 et
672 2309 825 2375 dimidium,
849 2324 911 2364 cum

115 2403 232 2460 ecclesia
246 2412 273 2460 et
287 2405 361 2459 omni
376 2405 529 2477 integritate
554 2421 602 2460 sua
619 2406 711 2478 ;apnd
739 2406 909 2472 banniolum,

117 2499 224 2563 septem
240 2509 364 2560 mansos,
378 2503 403 2548 et
418 2501 474 2549 tres
490 2495 653 2566 quartarios,
668 2495 912 2565 exceptisQiudomi-

115 2588 225 2657 nicatis,
241 2597 267 2646 et
284 2600 389 2662 partem
405 2606 486 2663 quam
499 2592 600 2647 ibidem
617 2593 751 2648 habebant
765 2592 862 2647 iratres
877 2593 911 2648 de

117 2678 298 2747 calmesiaco,
315 2681 378 2734 data
390 2682 462 2736 enim
478 2697 527 2751 per
541 2682 781 2738 commutationem
795 2682 913 2738 ecclesia

117 2775 154 2832 de
169 2777 417 2845 Damno-llartino,
434 2786 460 2832 et
472 2779 536 2833 dato
551 2794 583 2833 eu
599 2777 671 2850 quod
683 2778 752 2848 apud
776 2778 911 2833 Hundini-

117 2864 210 2921 tillem
225 2866 327 2922 hahere
340 2865 526 2928 videbantur:
549 2868 683 2922 Praedium
709 2867 744 2922 de
767 2865 909 2934 Cruceliis,

115 2979 178 3020 cum
193 2963 322 3026 ccclesia,
338 2971 365 3019 et
379 2973 493 3035 quatuor
520 2965 694 3030 molendinis,
724 2973 751 3021 et
777 2965 913 3035 praedium

113 3053 187 3124 quod
201 3052 302 3108 dicitur
315 3053 406 3108 Sancti
421 3053 534 3120 Auiani,
544 3055 622 3122 juxta
630 3062 735 3126 portam
744 3053 824 3123 hujus
835 3053 911 3108 urbis
926 3080 952 3143 C

113 3150 205 3216 situm,
221 3167 282 3207 cum
297 3152 411 3208 ecclesia
427 3161 453 3207 et
468 3152 638 3216 molendino,
655 3159 680 3206 et
695 3160 791 3207 cuncta
801 3151 910 3207 adutra·

114 3251 167 3307 que
182 3236 282 3306 praedia
292 3236 465 3306 pertinentia,
483 3252 543 3292 cum
559 3237 667 3308 integro
679 3236 779 3301 banuo,
791 3244 816 3291 et
834 3252 910 3290 man-

113 3333 192 3404 cipiis
207 3334 352 3404 utriusque
367 3350 459 3401 setus,
480 3334 565 3400 silvis,
591 3334 689 3405 pratis,
713 3334 811 3403 vineis,
832 3334 910 3389 terris

113 3422 193 3478 cultis
207 3431 234 3478 et
249 3422 367 3489 incultis,
388 3438 577 3494 aquarumque
597 3423 769 3488 decursibus,
793 3423 910 3479 exitibus

113 3526 140 3575 et
152 3518 304 3590 reditibus;
322 3527 348 3575 et
363 3520 432 3575 intra
448 3521 525 3589 hujus
534 3520 649 3577 civitatis
665 3520 762 3575 moenia
773 3537 908 3585 mansum,

112 3607 140 3663 in
155 3623 211 3679 quo
225 3608 303 3664 sedet
317 3609 414 3663 domus
423 3616 450 3665 et
460 3610 600 3665 collarium
612 3626 672 3682 qum
683 3609 758 3665 dedit
768 3609 909 3665 ascelinus

111 3722 161 3778 pro
174 3707 297 3763 remedio
310 3708 411 3764 animm
425 3724 491 3775 suae,
504 3726 565 3764 eum
580 3710 655 3764 omni
671 3709 828 3764 haereditate
847 3724 907 3777 sua,

112 3795 216 3851 scilicet
227 3795 255 3850 in
271 3796 384 3852 Vameri
394 3796 547 3868 plantiditio
561 3798 631 3853 duos
644 3797 766 3861 ordines,
783 3805 809 3852 et
825 3797 908 3852 dimi·

111 3891 186 3948 diurn
200 3894 295 3961 vineae,
311 3903 338 3951 et
352 3911 461 3951 ornnem
477 3896 661 3951 haereditatem
678 3910 758 3966 quam
788 3895 908 3949 Duorar·

111 3981 162 4038 dns
177 3998 226 4054 pro
237 3982 292 4040 lilio
302 3999 352 4040 auo
363 3985 446 4040 dedit.
459 3984 586 4040 Mensam
596 3985 681 4040 vincte
687 3984 768 4055 juxta
778 3984 908 4040 Sanctum

110 4082 279 4148 Amantium,
295 4091 321 4139 et
332 4083 359 4138 in
374 4085 458 4139 barro
474 4083 580 4140 vineam
603 4100 694 4149 unam,
724 4099 804 4156 quam
834 4083 909 4139 dedit

111 4169 249 4227 Romanus
264 4188 315 4243 pro
330 4170 386 4228 lilio
398 4189 448 4229 suo
458 4193 465 4242 ·,
475 4189 555 4245 supra
571 4173 711 4229 hlosellam
727 4180 801 4240 Juxta
816 4173 909 4228 Calde·

110 4267 230 4335 niacnm,
246 4269 433 4325 molendinum
455 4288 537 4326 unum
566 4288 628 4327 cum
656 4288 733 4327 sesso
762 4280 788 4326 et
816 4269 906 4337 vinea,

111 4371 190 4428 quam
206 4358 280 4413 dedit
295 4359 432 4414 heraldus
447 4359 502 4415 illic
518 4361 685 4427 canonicus,
713 4360 818 4415 furnum
846 4375 907 4415 cum

111 4460 219 4511 manso,
234 4446 308 4517 apud
324 4447 425 4503 iontem
441 4447 532 4504 Sancti
544 4449 685 4515 llansueti,
697 4465 758 4506 cum
770 4449 909 4504 unavInea
923 4439 949 4500 D

111 4533 138 4589 in
149 4534 277 4589 ilardeau
289 4535 331 4606 ;in
343 4535 427 4592 Barro
442 4544 546 4605 monte,
566 4537 660 4592 vineas
680 4539 747 4592 duas
764 4556 771 4604 ;
792 4537 820 4591 in
840 4537 909 4593 Car-

111 4630 222 4699 ravalle,
231 4638 348 4704 quatuor
359 4632 471 4688 ordines
481 4633 622 4690 vinearum
636 4655 644 4703 ;
656 4635 682 4689 iu
694 4636 818 4691 llattonis
830 4636 907 4705 valle,

111 4735 159 4777 aex
173 4721 282 4776 ordines
299 4740 306 4788 ;
324 4721 351 4776 in
365 4737 472 4777 summo
488 4723 583 4790 Barac,
609 4723 718 4780 vineam
748 4741 830 4780 unam
848 4745 855 4790 ;
882 4725 910 4780 ia

111 4808 294 4878 Calvomonte,
303 4810 414 4866 ordines
424 4820 486 4868 octo
503 4812 548 4880 ;in
565 4822 641 4884 prato
656 4813 781 4878 amantii,
798 4814 909 4871 ordines

111 4907 237 4963 undecim
254 4908 463 4976 ;intntervallis
486 4910 638 4977 vinearum,
655 4928 738 4967 uuum
755 4930 761 4966 :
778 4912 806 4966 in
829 4911 908 4979 Gula,

111 4996 217 5052 vineam
233 5013 315 5052 unam
328 5016 335 5062 ;
347 4997 375 5052 in
393 4999 561 5066 Calcatoriis,
577 5000 684 5055 vineam
714 5017 804 5066 unam,
828 5001 909 5073 quin-

112 5100 166 5156 que
184 5084 305 5154 ordines,
321 5086 416 5159 viginti
429 5095 456 5142 et
471 5105 552 5144 unum
563 5098 668 5161 emptos
680 5104 696 5144 a
706 5089 800 5156 llario,
810 5089 910 5146 etalios

112 5180 192 5238 duos.

149 5278 197 5333 llis
208 5277 290 5350 igitur
303 5281 524 5351 possessionibus
540 5284 759 5356 praedecessores
771 5285 825 5340 mei
840 5301 910 5356 prae-

113 5366 215 5423 dictum
230 5367 428 5440 locupletantes
442 5373 599 5440 ecclesiam,
625 5374 713 5429 eidem
731 5374 909 5443 tradiderunt,

113 5463 141 5510 ut
155 5454 262 5512 scilicet
278 5456 329 5513 soli
340 5457 471 5530 episcopo
486 5460 608 5530 subjecta
623 5469 706 5529 esset,
722 5472 750 5517 ut
767 5463 833 5517 nulli
857 5479 910 5518 un·

114 5569 195 5626 quam
211 5553 237 5607 iu
252 5553 416 5611 beneficium
431 5558 551 5622 cederet,
567 5568 594 5614 et
623 5561 800 5630 praepositum
828 5576 910 5632 quern

114 5643 266 5702 communis
278 5644 384 5711 electio,
397 5652 423 5701 et
437 5654 512 5702 certe
520 5647 729 5718 saniorispartis
737 5659 909 5720 exposceret,

115 5733 192 5792 illum
208 5734 371 5810 susciperet,
386 5743 414 5793 et
423 5744 453 5797 at
467 5736 526 5808 ipsc
538 5737 739 5809 praepositusin
749 5739 912 5798 beneficium

968 455 1076 524 linerat,
1092 455 1137 509 tali
1158 472 1276 528 namque
1298 462 1393 513 tenore
1416 457 1594 528 prepositum
1614 456 1773 514 Oldericum

969 546 996 600 el
1010 545 1159 599 secundum
1175 547 1327 600 brunonem
1340 546 1368 600 in
1379 546 1478 602 eadem
1495 546 1609 602 basilica
1626 545 1712 601 fuisse
1726 562 1773 602 co·

968 635 1123 705 gnovimus,
1140 641 1166 690 et
1180 634 1342 691 liichuinum
1362 634 1471 691 tertium
1487 636 1527 691 eis
1542 635 1697 691 succedere
1718 634 1769 690 de·

969 722 1113 790 crevimus,
1130 739 1184 778 non
1200 723 1309 795 quidem
1322 724 1384 792 iure
1403 723 1589 792 haereditario,
1606 731 1636 779 ut
1650 724 1685 778 ad
1709 723 1769 792 ejus

968 810 1183 883 primiceriatum
1194 811 1258 884 lege
1274 812 1403 869 beneficii
1418 829 1466 869 seu
1482 813 1572 885 aliqua
1586 812 1641 868 alia
1666 811 1769 869 ratione

968 900 1117 971 respiceret
1127 917 1178 956 seu
1189 901 1328 972 respiciat,
1344 909 1390 956 aut
1403 909 1433 956 ut
1452 902 1551 974 aliquis
1572 901 1644 957 alius
1668 899 1769 972 primi·

968 990 1058 1047 carius
1071 1005 1155 1061 super
1168 990 1427 1047 hocsuccessionem
1438 990 1556 1062 aliquam
1565 989 1703 1062 requirat,
1720 989 1770 1045 sed

969 1095 1019 1149 pro
1033 1094 1066 1134 eo
1080 1086 1183 1134 tentum
1200 1079 1264 1150 quia
1277 1078 1380 1135 iratres
1396 1079 1521 1149 ejusdem
1549 1078 1678 1136 ecclesiae
1707 1094 1770 1134 eum

968 1167 1119 1240 elegerunt,
1135 1175 1227 1238 utpote
1240 1166 1268 1221 in
1282 1167 1359 1235 cnjus
1374 1168 1508 1238 sapientia
1523 1168 1590 1222 satis
1604 1165 1724 1232 consilii,
1739 1167 1769 1223 in

967 1256 1047 1322 cujus
1062 1255 1203 1310 honestate
1218 1255 1332 1309 multum
1347 1255 1467 1326 praesidii
1482 1255 1534 1310 sibi
1549 1255 1650 1311 adesse
1665 1269 1769 1327 coguo-

969 1350 1077 1398 verunt.
1098 1343 1241 1399 Constituit
1255 1343 1339 1399 etiam
1354 1343 1482 1415 praelatus
1503 1351 1667 1400 antecessor
1688 1358 1768 1398 meus

968 1432 1197 1503 Udocpiscopus,
1225 1439 1254 1487 ut
1282 1433 1463 1505 congregatio
1492 1433 1615 1502 ejusdem
1648 1431 1768 1489 coenobii

967 1522 1063 1577 diebus
1078 1520 1147 1576 inira
1162 1521 1306 1576 nominatis
1329 1523 1364 1576 ad
1389 1521 1510 1577 divinum
1534 1521 1664 1578 olfficium
1692 1521 1768 1578 cele·

968 1611 1104 1665 brondum
1119 1618 1297 1681 praeparatam
1310 1610 1404 1666 sedem
1420 1615 1544 1666 nostram
1559 1611 1652 1675 adeat,
1664 1611 1769 1667 scilicet

927 1700 994 1775 Birt
1011 1699 1078 1754 testo
1091 1697 1178 1754 sancti
1204 1698 1336 1770 Stephani
1364 1709 1427 1771 post
1453 1699 1630 1756 Nativitatem
1646 1699 1766 1768 Domini,

966 1790 1000 1845 ad
1015 1788 1152 1860 publicam
1180 1787 1303 1855 missam,
1324 1788 1351 1842 in
1375 1789 1419 1843 die
1445 1789 1612 1844 inventionis
1634 1789 1707 1859 ejus,
1732 1788 1767 1844 ad

965 1891 1106 1949 vesperas,
1122 1886 1148 1931 et
1172 1876 1199 1931 in
1223 1877 1321 1931 diebus
1344 1877 1441 1948 quibus
1463 1877 1563 1949 praesul
1586 1878 1663 1933 sedis
1687 1877 1767 1947 hujus

964 1966 1118 2040 plenarium
1132 1965 1259 2021 ordinem
1275 1967 1411 2036 habuerit,
1423 1966 1550 2023 videlicet
1563 1967 1592 2022 in
1606 1967 1693 2023 Coena
1707 1967 1767 2023 Dc-

965 2052 1030 2107 mini
1046 2052 1075 2105 in
1105 2051 1217 2116 Pascha,
1234 2050 1261 2105 in
1272 2052 1440 2117 Pentecoste,
1452 2051 1487 2107 de
1499 2052 1596 2107 eadem
1607 2064 1767 2124 congrega·

966 2141 1038 2197 tione
1051 2148 1227 2195 assumentur
1248 2139 1283 2194 ad
1304 2140 1427 2196 ordinem
1450 2140 1569 2209 diaconi,
1590 2139 1765 2208 subdiaconi,

965 2238 1044 2302 prout
1055 2229 1244 2301 opportunitas
1258 2228 1415 2284 contulerit.

1001 2320 1078 2375 Hanc
1091 2333 1160 2389 ergo
1175 2317 1387 2374 sacratissimam
1408 2325 1541 2374 tantorum
1568 2317 1766 2375 institutionem

965 2423 1018 2479 ego
1034 2408 1098 2463 Prbo
1112 2406 1234 2477 benigna
1249 2414 1338 2461 mente
1354 2406 1473 2479 suscepi,
1490 2415 1516 2462 et
1532 2406 1681 2477 praedictas
1698 2422 1767 2478 pos·

965 2496 1112 2563 sessiones,
1129 2503 1201 2550 elea
1216 2495 1306 2550 omnia
1321 2496 1423 2567 quaein
1439 2496 1571 2566 praedicto
1591 2503 1655 2551 sunt
1679 2495 1767 2568 privi-

964 2587 1038 2658 legio
1053 2585 1174 2658 legitima
1188 2584 1346 2640 auctoritate
1374 2583 1544 2653 confirmavi,
1575 2600 1674 2641 omnes
1702 2584 1765 2641 illos

966 2673 1149 2730 anathematis
1163 2672 1475 2735 maledictioueieriens,
1484 2672 1685 2746 quicumquein
1696 2688 1768 2746 prae·

965 2773 1045 2829 dictis
1058 2770 1133 2826 aliud
1149 2778 1305 2842 pervertere
1315 2777 1362 2826 aut
1392 2770 1527 2842 derogare
1554 2777 1764 2842 presumerent.

965 2862 999 2918 Ut
1012 2870 1104 2917 autem
1118 2861 1178 2915 baec
1193 2860 1283 2915 amnia
1298 2858 1420 2914 firmiora
1447 2868 1474 2915 et
1503 2868 1640 2931 perpetuo
1668 2859 1768 2917 incon·

967 2954 1042 3006 vulsa
1057 2958 1246 3021 permaneant,
1263 2950 1378 3006 consilio
1392 2949 1476 3004 totius
1496 2949 1575 3017 cleri,
1600 2948 1687 3022 sigilli
1715 2948 1768 3006 mei

966 3039 1146 3110 impressione
1161 3038 1275 3106 firmavi,
1291 3046 1317 3094 et
1332 3039 1491 3095 idoneorum
1506 3038 1619 3094 testium
1641 3038 1768 3097 subscri·

964 3129 1057 3199 ptione
1075 3128 1212 3185 roboravi.

1000 3227 1060 3300 Ego
1075 3227 1141 3284 Pibo
1154 3224 1242 3299 gratia
1257 3225 1307 3281 Dei
1327 3226 1499 3282 Leucborum
1523 3224 1672 3297 episcopus
1696 3224 1766 3282 sub-

964 3317 1082 3387 scriptus
1097 3316 1186 3385 laven,
1203 3322 1230 3370 et
1244 3314 1345 3370 annulo
1362 3323 1463 3371 nostrae
1474 3313 1713 3388 Ecclesiaesigno.

1001 3414 1117 3487 Signum
1128 3414 1235 3486 Riquiui
1251 3412 1408 3482 primicerii,
1431 3420 1458 3468 et
1486 3411 1610 3481 eiusdem
1639 3410 1767 3470 ecclesias

963 3504 1112 3575 prepositi,
1131 3502 1218 3558 sancti
1233 3501 1366 3572 Stephani
1379 3500 1582 3558 archidiaconi.

999 3592 1076 3664 Siga.
1092 3590 1257 3647 Thiercelini
1271 3590 1471 3647 archidiaconi.

997 3691 1075 3764 Siga.
1090 3689 1214 3762 Huponis
1229 3689 1336 3745 archid.

999 3779 1076 3850 Siga.
1092 3778 1210 3834 Elbcrici
1224 3776 1330 3833 archid.

1000 3868 1076 3941 Siga.
1093 3866 1237 3924 humbaldi
1251 3866 1357 3922 archid.

999 3957 1077 4030 Siga.
1092 3954 1216 4029 Hugouis
1228 3953 1346 4022 junioris
1361 3953 1468 4010 archid.

998 4043 1075 4115 Siga.
1092 4043 1206 4098 Goberti
1220 4041 1325 4098 archid.
1337 4048 1363 4097 et
1378 4039 1477 4096 exinde
1491 4038 1629 4097 canonici.

999 4132 1076 4203 Siga.
1093 4130 1186 4186 domni
1202 4129 1317 4185 Widrici
1332 4129 1439 4185 abbatis
1450 4128 1543 4185 Sancti
1557 4128 1638 4201 Apri.

999 4220 1077 4292 Siga.
1089 4219 1182 4274 domni
1198 4219 1333 4273 Thiemari
1354 4217 1459 4273 abbatis
1483 4217 1575 4274 Sancti
1592 4217 1741 4275 llansueti.

999 4318 1076 4389 Siga.
1092 4318 1184 4373 domui
1200 4317 1294 4373 Seberi
1307 4316 1412 4372 abbatis
1427 4315 1517 4372 Sancti
1532 4314 1646 4372 Leonis.

1000 4409 1077 4480 Siga.
1094 4406 1240 4461 llumbaldi
1258 4406 1380 4476 ejusdem
1396 4405 1449 4462 loci
1464 4403 1572 4472 decani,
1595 4412 1623 4460 et
1646 4402 1762 4460 alioruin

964 4495 1156 4553 canonicorum
1172 4494 1343 4560 Theudorici,
1362 4493 1488 4551 Gilberti.

998 4585 1076 4657 Siga.
1092 4584 1199 4640 comitis
1213 4583 1342 4650 lleuardi,
1359 4593 1385 4639 et
1398 4582 1508 4639 Warini
1525 4580 1573 4638 tilii
1588 4582 1662 4653 ejus.

998 4674 1075 4748 Siga.
1094 4673 1196 4728 l'alteri
1211 4673 1245 4728 de
1260 4673 1418 4729 cominatu.

1000 4763 1077 4836 Siga.
1094 4761 1214 4833 Sipiiridi
1229 4761 1367 4818 advocati.

998 4851 1073 4925 Siga.
1092 4850 1200 4907 lleurici
1216 4850 1250 4906 da
1269 4850 1369 4907 Sancto
1392 4851 1521 4918 Vedasto,
1548 4857 1576 4907 el
1598 4847 1760 4908 Theudorici

964 4940 1012 4996 lilii
1027 4941 1099 5011 ejus.

999 5028 1075 5101 Siga.
1092 5029 1206 5084 Renaldi
1221 5027 1348 5100 dapiferi.

999 5118 1075 5191 Sign.
1094 5117 1188 5173 Vileri.

1000 5208 1076 5278 Siga.
1092 5206 1244 5262 Wollandi.

999 5296 1078 5367 Siga.
1095 5296 1195 5351 hereti.

1000 5381 1077 5452 Siga.
1091 5379 1227 5447 Promidi,
1244 5386 1300 5436 etc.

1000 5477 1071 5530 Data
1087 5484 1113 5530 et
1128 5476 1240 5532 recitata
1254 5476 1281 5530 in
1302 5475 1400 5546 majori
1415 5475 1543 5541 eeclesia,
1560 5477 1591 5533 in
1616 5476 1701 5550 plena
1721 5489 1763 5547 ty·

965 5566 1047 5631 nodo,
1064 5573 1160 5621 octavo
1174 5566 1238 5621 Idus
1252 5566 1335 5631 lunii,
1351 5580 1423 5622 arrno
1436 5567 1472 5622 ab
1493 5566 1689 5624 lucarnotiaue
1707 5564 1761 5621 Do·

965 5654 1030 5709 mini
1048 5657 1124 5727 1105,
1137 5655 1232 5712 indict.
1248 5671 1308 5724 ιιι,
1319 5655 1761 5717 ordinationisveronoatraaatc

964 5757 1060 5799 xxxv.
