3780 6038
45 217 161 277 .lbd

646 208 809 269 COTTllllll
827 208 974 269 unsaris
991 206 1265 267 VlNDOClNENSlS

1708 207 1761 266 lid

109 343 212 412 ditatis,
227 341 303 402 etsic
323 357 373 415 per
389 356 437 398 ros
465 338 584 395 fraterna
602 336 721 395 charitas
735 335 903 408 vulneretur,
920 336 978 400 Aa
1005 334 1098 393 multis
1124 334 1224 393 dicitur
1247 332 1321 410 quod
1348 332 1487 393 Simonem
1519 331 1630 409 Rapum
1657 334 1760 392 uostris

110 433 181 507 qaod
195 437 239 491 est
253 433 400 489 vinealem
421 429 604 504 perfectionis
632 427 706 499 (Col.
727 441 767 496 nr,
780 428 834 499 ll),
851 426 907 483 l’a·

138 530 144 575 l
167 564 174 578 .

111 523 163 578 m
370 614 541 673 Erlsronn
560 614 662 671 XlV.,

110 725 242 783 bernerio
260 724 431 782 leonorubilis
445 726 511 782 viles
531 724 624 781 abbati
647 722 732 791 (sol),
751 721 906 792 (lutfridus,

144 814 281 872 abbatam
289 815 571 880 oniniumminirnas,
583 830 600 869 o
610 813 664 869 lieo
674 812 806 878 sarlaten,
816 814 844 866 et
855 825 908 866 ase

144 920 286 976 permanea
294 904 457 960 dilectionis
471 903 660 960 decetionem.

147 1013 264 1071 Servilio
278 1022 378 1071 vestrm
392 1013 534 1079 bonitatis,
557 1013 628 1085 quod
644 1010 709 1067 mibi
734 1011 796 1067 licet
809 1010 908 1066 imme-

109 1104 170 1168 rito,
194 1120 277 1175 saepo.
293 1103 438 1171 obtulistis,
454 1118 527 1158 nunc
552 1117 621 1173 opus
648 1099 750 1166 habeo,
779 1112 804 1154 et
826 1115 907 1171 quern

110 1192 230 1250 charitas
257 1192 416 1247 debitorem
446 1191 509 1246 lecit
529 1189 728 1262 promittendo,
743 1204 800 1243 nnn
815 1187 910 1259 pigeat

110 1281 230 1337 debitum
256 1280 365 1336 solvere
389 1279 526 1352 promissa
562 1277 717 1333 reddendo.
750 1275 909 1348 Andagaris

113 1370 136 1425 si
166 1369 278 1442 quidem
315 1369 531 1425 ecclesiasticum
570 1368 710 1440 negotium
739 1365 767 1420 in
790 1365 909 1421 crastino

110 1458 287 1514 ascensionis
302 1458 386 1513 acturi
412 1473 516 1522 sumus,
542 1455 577 1511 ad
593 1455 665 1527 quod
694 1454 848 1527 prudentiae
862 1468 909 1508 ve-

113 1554 177 1603 strae
192 1546 335 1602 consilium
350 1554 377 1602 et
391 1546 521 1601 auxilium
535 1543 682 1616 diligenter
709 1543 866 1610 invitamus,
882 1549 909 1598 et

111 1635 185 1691 nain
213 1635 340 1707 praesenti
362 1635 525 1691 necessitate
554 1632 633 1688 nobis
661 1632 741 1699 desit,
771 1631 910 1687 humiliter

961 425 1128 497 temporibus
1156 425 1183 481 iu
1205 422 1329 483 Ecclesia
1349 423 1508 483 suscitatum
1523 423 1625 481 trustra
1653 424 1760 482 aratiu-

961 529 1047 589 guere
1061 513 1152 571 verbis
1167 513 1288 584 conaris,
1300 513 1402 588 quiaiu
1416 512 1625 588 hominibusqui
1635 513 1760 589 corrigat

961 628 1016 670 non
1027 611 1174 668 iuvenitur.
1190 614 1229 668 Tu
1243 628 1324 670 verro
1338 612 1474 669 desiderio
1488 611 1611 686 repletus
1639 613 1760 685 propbe-

962 702 1028 767 tico,
1044 701 1094 756 tibi
1121 701 1230 757 suaderi
1247 701 1401 759 nullatenus
1428 706 1528 773 potest,
1555 701 1622 771 quin
1649 718 1760 774 semper

962 790 1092 863 inquiras,
1117 790 1163 862 qui
1179 797 1266 847 tecum
1289 798 1418 863 assurgat
1431 799 1525 846 contre
1553 799 1715 863 regnantem
1731 790 1758 845 in

962 896 1057 944 sancta
1066 887 1189 944 Ecclesia
1210 887 1449 954 abominationem,
1465 886 1601 959 cumipse
1622 888 1759 958 Propheta

962 976 1077 1033 fideliter
1091 976 1210 1033 clamare
1224 992 1279 1032 non
1297 992 1409 1033 cessans
1424 977 1512 1047 :Quis
1530 981 1680 1050 corrrarpet
1686 977 1760 1033 milri

962 1065 1759 1138 aduersasrnolipnanles,aatpanstabitmecarnadnar-

962 1162 1165 1229 recuperantes
1181 1156 1479 1228 iniquitatemttPral.
1496 1170 1574 1222 xurn,
1600 1156 1647 1221 6.)
1662 1155 1760 1211 clama

962 1255 1053 1325 itaque
1063 1261 1090 1308 tu
1102 1269 1237 1327 organum
1265 1252 1325 1319 Dei,
1355 1253 1420 1310 tuba
1447 1252 1561 1325 Spiritus
1583 1252 1684 1310 sancti.
1717 1254 1760 1308 Nc

963 1342 1058 1407 sileas,
1073 1342 1186 1415 egregie
1201 1341 1435 1413 praecaverimus,
1456 1358 1507 1399 nec
1521 1357 1617 1398 rocem
1633 1343 1759 1398 retrahas

962 1446 979 1486 a
999 1432 1172 1489 correctione
1199 1430 1336 1487 baeretioae
1357 1430 1498 1502 pravitatis
1513 1446 1521 1501 ς
1537 1437 1564 1487 el
1591 1431 1615 1487 si
1632 1447 1683 1488 eos
1713 1431 1759 1503 qui

963 1533 1065 1582 sanotae
1078 1525 1209 1581 Ecclesiae
1223 1525 1377 1581 castitatem
1394 1523 1467 1581 ioeda
1481 1525 1595 1581 nimium
1609 1525 1761 1597 pollutione

963 1615 1174 1681 commaculant,
1190 1615 1225 1670 de
1237 1614 1338 1685 templo
1348 1615 1455 1682 eiicere,
1471 1615 1540 1670 siout
1549 1615 1675 1670 Salvator
1683 1614 1758 1683 lecit,

110 1724 300 1796 deprecamup,
321 1724 400 1794 Quod
416 1722 671 1795 sjdpprecaponpm
686 1728 807 1776 „misam
822 1701 948 1792 qu,11.B
963 1720 1017 1759 non
1033 1702 1107 1759 vales
1123 1702 1294 1770 verberibus,
1318 1703 1414 1759 saltem
1443 1704 1534 1759 verbis
1546 1703 1622 1758 nulla
1649 1703 1761 1759 desinas

112 1813 451 1870 betnecusioueexaudirc
481 1810 668 1877 dissimulatis,
685 1810 788 1867 amicus
815 1809 908 1880 utique

109 1900 164 1958 diei
187 1901 309 1973 potestis,
336 1901 384 1957 sed
414 1901 461 1973 qui
488 1915 543 1955 non
565 1907 708 1971 permanet
735 1900 761 1954 in
786 1906 909 1970 tempore

109 1989 287 2048 necessitatis.

323 2104 399 2172 182
423 2102 596 2160 EPISTOLA
621 2104 681 2158 XV.

112 2205 258 2279 liutfridus
277 2209 485 2266 l'indoar'nensr's
504 2210 673 2266 monasterii
685 2208 801 2265 humilis
816 2223 912 2264 aeroas

145 2297 916 2368 charissimodorninaetproecordialissimoamicalia·-

147 2387 228 2444 nerio
238 2388 406 2443 Boaoeeallis
414 2388 578 2457 ellatinum
588 2404 648 2444 rere
660 2387 909 2460 relipioso,beaTam

150 2476 318 2531 Trinitatem
338 2493 410 2548 puro
427 2492 538 2548 semper
555 2477 637 2533 corda
657 2477 785 2545 dilipere,
797 2479 824 2530 et
849 2475 909 2546 ejas

146 2565 286 2637 promimur
300 2566 455 2636 festivitati
463 2567 545 2622 trulla
554 2568 699 2624 occasione
708 2565 815 2621 deesse.

146 2675 189 2729 ad
205 2674 398 2732 celebrandam
414 2675 568 2743 nobiscum,
599 2691 682 2748 quarn
696 2674 823 2741 diximus,
840 2688 908 2730 sau·

111 2771 199 2820 staret
228 2764 375 2820 individuae
400 2764 539 2821 Trinitatis
574 2763 747 2822 festivitatem
772 2763 857 2836 (303),
883 2769 909 2819 et

110 2860 190 2909 tautae
205 2853 382 2910 solemnitatis
408 2853 517 2910 devotio
531 2869 580 2910 ros
595 2854 690 2909 venire
717 2851 865 2924 compellit,
882 2860 909 2908 et

109 2950 139 2999 ut
153 2943 279 3015 sepositis
293 2942 365 2998 curis
380 2942 510 2999 omuibus
533 2942 687 2999 nullatenus
714 2940 844 2998 differatis
859 2956 908 2996 vc-

963 1793 1120 1849 occasione.
1135 1791 1208 1861 Noli,
1225 1792 1267 1847 vir
1282 1800 1384 1855 sancte.
1400 1791 1456 1848 noli
1471 1792 1585 1848 credere
1595 1791 1661 1859 illis,
1676 1792 1723 1864 qui
1735 1799 1762 1847 te

962 1889 1038 1963 loqui
1052 1897 1179 1946 esserunt
1206 1890 1264 1946 sine
1289 1888 1554 1963 utilitntc,qnoniam
1578 1904 1636 1954 eos,
1664 1896 1761 1946 contra

965 1995 1034 2051 quos
1049 1978 1176 2052 loqueris,
1204 1995 1336 2036 revocare
1350 1994 1406 2034 uon
1432 1986 1510 2051 potes
1527 1994 1542 2033 a
1557 1979 1677 2035 scelere.
1709 1977 1764 2048 Qui

965 2068 1027 2123 talia
1041 2068 1144 2135 dicunt,
1159 2076 1248 2124 tecum
1263 2068 1365 2140 pariter
1377 2069 1509 2124 loannem
1525 2075 1650 2123 sanctum
1660 2066 1765 2124 domini

965 2171 1165 2229 praecursorem
1181 2157 1365 2231 redarguunt.
1385 2156 1434 2212 llle
1448 2157 1521 2212 enirn
1535 2157 1661 2229 quamvis
1677 2157 1765 2213 liero-

964 2246 1027 2302 dem
1055 2246 1089 2302 ab
1117 2248 1225 2302 incestu
1247 2260 1381 2302 revocare
1403 2261 1460 2301 nou
1486 2253 1596 2317 posset,
1621 2245 1764 2302 veritatem

965 2344 1057 2392 lamen
1071 2351 1124 2393 non
1136 2335 1218 2404 siluit,
1235 2334 1330 2392 diceus
1344 2334 1417 2408 quod
1433 2336 1510 2404 184
1526 2334 1550 2391 ei
1565 2350 1681 2391 uxorem
1705 2335 1764 2390 lra-

963 2434 1011 2491 tris
1034 2434 1076 2490 sui
1096 2434 1201 2490 habere
1224 2433 1299 2488 nulla
1319 2432 1425 2490 ratione
1447 2432 1540 2490 liceret
1555 2432 1666 2505 (llattb.
1698 2449 1760 2493 rur.

964 2526 1004 2593 l).
1024 2524 1102 2580 Unde
1117 2523 1140 2578 si
1155 2522 1197 2578 uir
1207 2529 1318 2579 sanctus
1328 2522 1460 2579 decollari
1468 2522 1576 2589 meruit,
1587 2530 1613 2578 et
1624 2523 1762 2591 coronari,

962 2612 1084 2669 llerodes
1110 2610 1219 2684 impius,
1235 2627 1297 2669 cum
1326 2611 1367 2667 eia
1394 2610 1442 2684 qui
1465 2611 1517 2667 sibi
1546 2621 1760 2679 consenserunt,

961 2701 1111 2774 promemit
1124 2700 1289 2757 aeternaliter
1306 2700 1434 2757 cruciari.
1451 2700 1524 2758 Satis
1537 2709 1580 2756 est
1606 2700 1692 2775 igitur
1704 2716 1762 2757 rne-

960 2791 1014 2847 lius
1029 2806 1090 2846 cunr
1103 2791 1208 2846 loanne
1219 2789 1388 2861 redarguere
1403 2804 1485 2862 quam
1506 2789 1644 2846 reticendo
1660 2789 1763 2846 verita·

963 2887 1017 2935 tem
1032 2878 1185 2936 consentire
1201 2878 1313 2934 Herodi.
1343 2877 1417 2934 Nulli
1431 2885 1504 2935 certe
1518 2877 1761 2934 Clrristianochri-

962 2977 997 3034 sti
1012 2976 1060 3033 liei
1074 2985 1101 3032 et
1115 2976 1223 3032 Domini
1239 2975 1279 3032 sui
1294 2976 1385 3048 legem
1400 2975 1481 3034 silere
1491 2976 1563 3046 licet,
1580 2991 1632 3033 nco
1647 2985 1762 3049 propter

110 3030 279 3104 nire,quem
298 3028 946 3128 crgavoshabemuspuroedilcclionisaffe-C
961 3081 1109 3139 personam
1125 3066 1266 3122 vermem
1293 3064 1445 3122 occultare·
1478 3066 1548 3120 Nam
1575 3065 1622 3136 qui
1650 3073 1763 3137 promer

110 3128 170 3177 ctus
185 3120 343 3192 suppliciter
357 3120 496 3192 exposcit.
512 3120 639 3177 Debitum
650 3119 751 3192 quippe
767 3119 907 3192 religionis

111 3217 161 3274 est,
179 3216 205 3264 ct
220 3225 359 3280 germanae
382 3208 524 3265 alteritatis
545 3217 734 3280 augmentum,
764 3207 907 3263 lestasan-

111 3305 217 3353 ctorum
235 3297 297 3364 Dei,
316 3305 342 3353 et
367 3297 485 3352 maxime
512 3311 589 3352 suum
616 3297 703 3368 ipsius
731 3295 906 3353 festivitatem

57 3398 62 3411 ·
111 3385 256 3441 devotione
270 3385 421 3451 celebrare,
437 3394 464 3440 et
478 3385 656 3457 diligentisae
674 3385 792 3457 proximi
803 3387 907 3453 justum

112 3473 277 3528 desiderium
294 3474 358 3528 totis
372 3474 521 3530 visceribus
535 3473 699 3544 adimplere.
724 3473 825 3540 Valcte,
840 3482 867 3528 et
878 3488 907 3527 ru

112 3561 155 3616 bis
169 3577 230 3633 quae
245 3561 382 3617 humiliter
397 3577 537 3635 rogamus,
555 3578 612 3618 uon
627 3562 662 3617 sit
672 3561 748 3618 robis
763 3561 905 3619 taediosum

112 3649 170 3705 Deo
186 3657 211 3705 at
227 3649 306 3705 nobis
320 3649 446 3706 obedire.

376 3782 545 3840 EPISTULA
565 3786 640 3840 xvi.

116 3902 261 3974 Gottridns
271 3902 480 3959 l'r'ndoeiaensis
492 3903 779 3960 monasteriiinatilts
798 3920 905 3971 seruas,

146 4009 206 4048 otro
214 3997 322 4049 aeterna
333 3993 469 4049 anennoeto
477 3992 806 4065 dipno,liernerioabbati
814 3994 908 4049 borta-

145 4082 239 4151 vallis,
255 4084 286 4138 in
298 4081 372 4138 ualle
383 4082 544 4153 spiritualis
551 4083 693 4153 frumenti
704 4082 862 4152 adcredere,
879 4087 907 4139 et

145 4169 281 4243 ltpnnrnnr
292 4173 346 4228 Deo
356 4171 448 4228 dicere
464 4172 682 4243 sempiternam.

145 4283 235 4339 Sancti
250 4283 379 4355 Spiritus,
396 4291 422 4338 ut
437 4283 562 4350 arbitror,
591 4283 656 4357 igne
672 4299 820 4340 succensus
830 4290 856 4339 et
871 4284 907 4340 ab

961 3171 1105 3228 personam
1129 3154 1272 3210 veritatem
1306 3154 1433 3221 occultat,
1470 3153 1619 3220 Christum,
1642 3155 1690 3228 qui
1717 3163 1763 3210 est

960 3245 1072 3308 veritas,
1089 3243 1195 3300 videtur
1209 3244 1360 3314 abnegare.
1381 3243 1459 3309 Vale,
1476 3249 1503 3298 et
1516 3249 1671 3314 agnoscant
1683 3243 1761 3314 impii

961 3333 1115 3399 Simoniani,
1133 3339 1160 3388 te
1170 3331 1291 3388 veritatis
1304 3332 1404 3387 virtute
1419 3331 1479 3401 plus
1495 3347 1576 3403 posse
1592 3348 1675 3405 quam
1695 3348 1761 3404 poe-

879 3472 884 3481 .
961 3423 1016 3479 sint
1028 3422 1079 3494 ipsi
1095 3421 1167 3494 Magi
1182 3420 1301 3477 Simonis
1316 3420 1506 3492 perversitate.

1221 3613 1392 3671 EPISTOLA
1412 3615 1498 3676 xvll.

962 3748 1104 3822 Goffrn'das
1115 3748 1328 3807 Vindocinensir
1341 3748 1509 3804 monasterie
1520 3747 1638 3805 banrilis
1649 3763 1758 3814 serras,

996 3848 1150 3904 venerabili
1167 3847 1262 3903 abbati
1277 3846 1419 3913 Barncrr'o,
1444 3846 1502 3901 ntro
1530 3861 1595 3902 aere
1616 3846 1758 3916 relipiaso.

998 3940 1148 4003 dimidiam
1158 3948 1341 4013 animasum,
1358 3949 1386 4001 et
1399 3946 1424 4002 si
1439 3960 1496 4000 reon
1511 3944 1760 4015 sufficitunimnrn

999 4049 1099 4101 lotam.

997 4201 1078 4257 Pater
1093 4200 1122 4256 iu
1136 4198 1248 4256 Christo
1262 4198 1503 4264 charissime,esse
1518 4205 1640 4253 rostrum
1657 4195 1764 4254 deside·

961 4289 1003 4346 rio
1018 4288 1090 4346 scire
1104 4288 1276 4353 desiderans,
1293 4288 1421 4359 quoniam
1434 4302 1558 4357 praesens
1572 4302 1691 4358 corpore
1705 4302 1761 4342 non

108 4371 292 4442 increpatione
313 4372 476 4428 Simonianae
495 4371 645 4442 impietatis
669 4374 745 4442 183
763 4372 901 4445 spiritum,
920 4394 1083 4482 Dpossum,
1100 4377 1281 4449 presentibus
1296 4376 1394 4431 litteris
1413 4374 1541 4431 dilectam
1566 4376 1663 4431 Decet
1690 4375 1762 4431 cba-

109 4475 163 4531 quo
178 4458 299 4532 agitaris,
330 4460 478 4531 reprimere
501 4477 555 4516 uon
584 4461 688 4527 valeus,
704 4462 805 4517 multos
832 4462 860 4516 in
879 4470 905 4517 tc

109 4548 284 4604 adversarios
295 4548 423 4614 incitasti,
439 4549 509 4604 inter
523 4548 592 4604 alios
607 4549 723 4606 maxime
739 4550 906 4621 unumtdolil

109 4637 186 4706 cujus
196 4652 296 4692 nornen
307 4637 398 4693 dicere
412 4637 578 4709 superlluum
597 4645 672 4708 puto,
689 4636 752 4709 quie
764 4639 907 4712 necvulgo

109 4732 201 4781 manet
215 4724 398 4799 incognitum.
417 4725 450 4780 Et
466 4725 488 4779 si
499 4725 576 4790 illud,
588 4733 687 4781 natura
701 4726 906 4797 negantc,surdi

107 4831 165 4872 non
181 4814 303 4883 audiunt,
319 4831 369 4872 nco
384 4815 449 4869 muti
464 4815 621 4887 loquuntur,
638 4816 678 4871 eis
694 4824 785 4871 tamen
801 4816 906 4872 abaliis

108 4903 220 4960 nutibus
233 4911 260 4960 ct
269 4905 357 4978 signis
372 4911 413 4961 est
426 4903 586 4961 indicatum.
603 4904 673 4970 Tibi,
684 4904 813 4977 religiose
825 4906 904 4974 abba,

146 5083 220 5151 (304)
238 5082 372 5139 llernerio
393 5083 497 5139 rabbuti.
515 5083 685 5151 llnrraerullis,
702 5091 744 5140 est
772 5082 908 5140 autemid

109 5151 308 5209 monasterium
338 5152 462 5220 ejusdem
488 5169 520 5211 ac
543 5154 745 5211 vindocinense
765 5154 906 5220 dimccsis,

109 5222 415 5284 lroccstCaruoteusis,
444 5224 492 5279 sed
520 5226 549 5280 iu
578 5241 646 5298 agro
675 5226 902 5281 Castrodunensi.

109 5292 234 5351 Bernarii
245 5295 312 5347 lacta
328 5301 370 5347 est
385 5295 485 5349 mentio
501 5296 550 5350 lib.
570 5312 590 5359 r,
606 5296 685 5368 epist.
702 5299 748 5365 el,
766 5296 832 5352 alibi
848 5296 909 5352 reii-

109 5367 218 5440 giosum
230 5371 258 5418 ct
274 5361 338 5417 boui
352 5362 499 5418 testimonii
512 5366 596 5421 sirum
609 5376 698 5422 vocat.

146 5436 224 5501 (305)
232 5434 381 5490 Trinitatis
391 5436 595 5503 testivitatem.
607 5438 710 5493 Titulus
720 5438 765 5495 hic
776 5446 909 5494 monaste·

110 5508 144 5564 rii
158 5504 376 5569 Vindociueusis‚
393 5511 422 5558 ut
437 5503 552 5562 Goffridi
565 5507 726 5577 fundatoris,
742 5517 769 5566 et
783 5511 909 5565 Theodo-

110 5576 161 5636 rici
173 5574 293 5646 episcopi
303 5574 400 5630 litterae
408 5575 561 5631 declarant.
579 5579 704 5634 Urbanus
730 5582 752 5635 ll
770 5598 776 5635 :
794 5582 909 5638 dilectis

109 5653 142 5708 in
154 5647 263 5706 Clarislo
271 5647 339 5715 filiis
353 5646 471 5703 Girardo
482 5647 576 5705 abbati
586 5650 613 5704 S.
626 5651 720 5706 Albini
732 5653 909 5725 indepreca-

108 5718 444 5791 eir,etltarnoniabbatis
458 5718 488 5774 S.
514 5720 662 5778 Trinitatis
681 5723 903 5781 Vindocincaris.

961 4484 1018 4524 ranr
1035 4465 1191 4522 bominibus
1227 4465 1401 4521 dilectionem
1439 4471 1556 4520 vestram
1585 4464 1759 4536 interrogare

960 4556 1133 4628 praesumpsi,
1150 4554 1266 4627 qualiter
1281 4553 1461 4627 congregatio
1476 4559 1569 4608 vestra
1586 4569 1617 4608 se
1632 4568 1760 4625 ergarus

960 4645 1061 4702 habeat
1077 4663 1085 4712 ;
1104 4659 1152 4700 vos
1167 4644 1238 4699 enim
1263 4659 1328 4714 erga
1352 4642 1425 4697 illam
1450 4641 1552 4714 optime
1577 4642 1681 4697 habere
1704 4657 1760 4697 non

961 4734 1069 4791 dubito.
1089 4735 1129 4789 De
1143 4733 1246 4789 viribus
1261 4731 1386 4802 corporis
1409 4731 1504 4786 itamrn
1518 4746 1612 4802 quaero
1629 4749 1635 4795 ;
1652 4746 1717 4785 nam
1725 4731 1760 4786 de

962 4822 1113 4878 virtutibus
1127 4821 1226 4877 animae
1240 4829 1337 4876 vestrm
1352 4835 1475 4892 qpaerere
1500 4819 1667 4890 superfluum
1683 4820 1760 4875 resti-

961 4911 1043 4978 mari,
1070 4911 1131 4982 quia
1160 4909 1232 4964 illam
1258 4909 1293 4964 de
1312 4909 1357 4964 die
1372 4908 1399 4963 iu
1423 4908 1498 4964 diem
1514 4907 1647 4979 prolicere
1675 4908 1761 4964 credo

961 5086 1222 5145 broreChronicnm
1244 5087 1272 5142 S.
1296 5084 1416 5142 Albini:
1433 5085 1659 5142 Pridiallaleml.
1680 5087 1761 5142 lrarrii

962 5160 1037 5233 apati
1050 5159 1593 5216 Vindocinum.Castrnmmoaasteriam
1608 5158 1638 5212 S.
1663 5158 1761 5212 Trini-

963 5231 1032 5287 tatis
1042 5229 1203 5286 dedicatam
1214 5233 1256 5284 ast
1265 5244 1341 5284 urano
1349 5230 1382 5284 ab
1393 5230 1541 5284 lacurnat.
1554 5227 1668 5284 Deretini
1677 5230 1758 5284 tolo.

962 5299 1102 5357 Goffrldus
1116 5300 1175 5371 ipse
1189 5299 1236 5354 lib.
1249 5314 1277 5361 r,
1294 5299 1373 5372 epist.
1384 5299 1490 5355 ultima.

998 5374 1071 5441 (306)
1099 5372 1190 5429 Unam
1213 5371 1295 5440 cajus
1313 5387 1429 5427 nometi.
1455 5369 1615 5426 Ruinaldum
1643 5368 1762 5426 electum

963 5443 1203 5523 Andegavensem.
1237 5442 1306 5497 lluic
1334 5441 1428 5497 ridere
1470 5449 1521 5506 est,
1546 5438 1619 5511 qood
1647 5439 1762 5567 epistt

963 5529 1128 5578 monuimus,
1153 5514 1310 5569 Beruerinm
1326 5528 1342 5568 o
1357 5527 1472 5568 numero
1508 5511 1637 5566 abbatum
1676 5511 1761 5577 uisse,

963 5586 1009 5711 ssm
1023 5583 1150 5642 llaiualdi
1165 5584 1325 5641 electionem
1340 5583 1495 5652 conjunctis
1505 5581 1603 5638 studiis
1612 5596 1761 5658 oppugna·

982 5663 1040 5712 tut.
