3780 6038
189 218 238 275 bct
653 213 757 271 Pactu
774 212 950 272 atebONst
967 213 1017 271 EX
1035 214 1156 272 JUDAEO
1175 214 1376 273 cuntsrtattt

1787 219 1841 276 aba

189 338 260 396 lilios
287 339 367 396 suosl
397 348 424 395 et
455 341 507 395 beu
534 337 598 394 liliis
626 338 672 410 qui
700 337 826 394 translati
853 347 916 393 sunt
948 338 984 394 de
998 341 1025 402 A
1040 340 1094 395 alia
1108 357 1170 413 quae
1184 356 1345 397 enumerare
1357 340 1467 411 lonqnm
1480 347 1523 397 est
1537 339 1673 397 miracala
1688 337 1763 395 lecit.
1778 341 1839 396 Non

189 444 284 484 mensa
308 429 391 500 patris
414 428 472 483 suil
499 427 598 483 Dicunt
617 427 700 482 etiam
715 427 787 499 quod
806 427 916 499 quidam
931 428 984 483 do-

189 524 291 573 ctorum
307 525 460 572 vestrorum
481 516 551 573 banc
565 516 684 571 audierit
703 531 799 572 vocem
820 516 847 570 in
864 517 983 588 quodam

189 604 249 661 loco
267 620 387 661 rumoso.
406 605 539 660 Praeterea
563 604 637 675 quod
661 613 787 676 tanquam
807 605 985 675 parturientis

189 701 304 759 invicem
327 702 438 758 collidat
461 701 555 772 pedes,
573 710 599 756 et
623 717 699 757 mora
722 702 838 756 dolentis
861 702 985 756 manibus

189 789 309 862 plaudat,
328 800 352 846 ιι
368 791 431 863 quia
445 789 567 862 quotidie
585 797 655 857 orat,
670 796 699 844 ιι
714 790 906 847 misericordia
927 791 986 859 ejus

188 888 222 942 sit
236 898 320 954 super
333 880 403 934 iram
419 879 489 948 eius,
512 886 538 933 et
553 886 582 932 ut
596 887 639 933 eat
655 879 682 932 in
703 878 804 950 populo
819 894 870 934 suo
888 879 915 933 in
931 879 985 933 mi·

187 971 347 1032 sericordia.
375 969 436 1036 Dic,
452 983 469 1022 o
486 968 602 1038 hlovses,
625 982 687 1022 cum
708 968 781 1022 Deus
800 975 868 1036 oret,
892 983 983 1040 quem,

187 1076 294 1136 quaeso,
311 1057 429 1114 adorati
452 1056 486 1111 Se
507 1055 596 1126 ipsum
610 1071 644 1108 an
664 1055 749 1110 alium
769 1054 828 1111 iSi
849 1055 941 1121 alium,
962 1055 986 1111 is

185 1166 267 1226 quem
282 1148 376 1204 adorat
386 1143 524 1216 potentior
537 1150 577 1199 est
593 1158 635 1199 eo.
652 1143 680 1199 Si
695 1143 817 1215 seipsum
832 1144 930 1199 adorat
941 1151 987 1199 aut

184 1248 282 1314 potens
297 1245 336 1292 est
351 1234 413 1305 ejus
429 1232 624 1303 propterquod
640 1240 709 1297 orat,
725 1241 773 1287 aut
788 1232 937 1303 impotens.
957 1233 985 1289 si

184 1329 320 1399 impotens
330 1333 381 1389 est,
396 1322 495 1376 lrnstra
515 1336 545 1375 se
560 1321 666 1388 adorat,
683 1322 786 1376 sivero
811 1329 923 1392 potens,
941 1332 986 1379 aut

185 1417 243 1474 vult
260 1415 288 1469 id
302 1428 352 1486 pro
376 1426 429 1482 quo
454 1418 522 1475 orat,
545 1419 590 1463 aut
615 1425 669 1465 non
693 1409 762 1464 vult.
784 1409 816 1464 Si
838 1426 893 1464 non
917 1410 983 1473 vult,

185 1521 235 1578 pro
250 1503 316 1558 nihil
327 1508 400 1556 orat.
415 1498 442 1552 Si
459 1506 550 1553 autem
567 1498 633 1562 vult,
647 1506 752 1553 nonest
767 1514 881 1554 necesse
896 1513 984 1556 orare.

185 1603 268 1658 Vides
281 1600 372 1672 igitur,
389 1613 405 1651 o
421 1597 537 1667 Moyses,
562 1611 643 1666 quarn
658 1596 771 1649 omnino
787 1594 821 1649 sit
843 1608 914 1667 gens
928 1595 986 1650 haec

1038 445 1105 500 ergo
1120 430 1211 486 dicere
1222 432 1338 501 potestis
1346 429 1418 502 quod
1430 428 1661 500 antiquisdiehus
1672 437 1775 499 potens
1785 445 1840 486 ιοι

1038 517 1127 574 ιιιιιι.
1145 519 1174 574 Si
1187 526 1275 573 autern
1291 533 1355 574 eum
1379 525 1517 589 potentem
1546 517 1658 591 quidem
1687 515 1784 585 luisse,
1813 524 1842 572 ut

1037 621 1144 678 aequum
1157 613 1210 673 est,
1226 607 1393 673 concedatis,
1405 607 1456 662 sed
1469 607 1584 663 aliorum
1599 605 1756 663 interventu
1770 606 1841 662 acci·

1038 694 1169 761 dentium,
1204 711 1266 751 eum
1290 695 1469 767 impotentem
1503 694 1605 751 sactum
1635 691 1747 760 dicatis,
1778 701 1841 764 post

1039 797 1157 856 quorum
1173 785 1332 839 abscessum
1343 800 1403 840 curn
1418 799 1501 855 posse
1515 799 1596 838 suum
1611 789 1840 853 recuperaturum

1039 872 1169 938 credatis,
1185 871 1298 928 alterum
1313 872 1411 928 horum
1427 886 1541 928 necesse
1555 878 1598 927 est
1611 868 1772 938 fateamini,
1793 869 1841 926 illa

1038 960 1189 1017 accidentia
1212 968 1258 1016 aut
1272 977 1305 1016 ex
1329 975 1363 1017 eo
1381 968 1408 1016 et
1431 959 1459 1015 in
1473 975 1508 1017 eo
1531 958 1627 1026 luisse,
1647 962 1678 1014 ιι
1695 957 1841 1014 infirmitas

1039 1056 1167 1113 accidens
1178 1057 1292 1124 homini,
1304 1056 1392 1113 donec
1405 1056 1591 1123 convalescat,
1619 1055 1656 1112 ab
1677 1054 1776 1113 effectu
1790 1070 1840 1113 co-

1038 1145 1114 1200 hibet
1124 1144 1269 1201 voluntatis
1281 1163 1289 1213 ;
1301 1153 1348 1200 aut
1362 1145 1386 1201 ei
1400 1146 1434 1200 ah
1448 1145 1502 1201 alio
1520 1160 1582 1201 esse
1596 1143 1681 1208 illata,
1701 1151 1733 1199 ut
1747 1145 1839 1217 capti-

1040 1233 1112 1289 vitas
1127 1233 1239 1290 cuilibet
1252 1250 1268 1289 a
1284 1250 1349 1307 rege
1363 1232 1440 1291 illata
1463 1250 1523 1290 suae
1537 1232 1683 1289 voluntatis
1707 1248 1772 1289 eum
1787 1248 1839 1304 po·

1040 1329 1137 1378 testate
1156 1322 1253 1393 privat,
1270 1323 1359 1380 donec
1379 1322 1506 1379 libertate
1528 1323 1694 1378 succedente
1715 1320 1837 1378 recedat.

1040 1416 1119 1486 Quod
1135 1418 1158 1472 si
1168 1434 1205 1473 ex
1222 1434 1255 1473 eo
1266 1428 1293 1474 et
1315 1419 1343 1473 in
1362 1435 1395 1475 ιο
1420 1418 1504 1475 luisse
1525 1418 1635 1486 dicatis,
1660 1419 1752 1475 Deum
1771 1433 1839 1489 erqo

1039 1521 1140 1576 corpus
1153 1506 1256 1562 hahere
1270 1507 1372 1577 dicitis,
1387 1507 1459 1580 quod
1481 1508 1678 1563 contrariorum
1700 1508 1839 1578 suscepti-

1040 1594 1095 1649 bile
1109 1595 1155 1656 ιιι,
1171 1596 1244 1666 qaod
1259 1596 1294 1651 de
1306 1597 1364 1651 Deo
1379 1596 1483 1652 sentire
1498 1611 1553 1651 non
1570 1596 1711 1657 convenit.
1729 1595 1758 1652 Si
1774 1611 1839 1650 vero

185 1692 275 1747 aliena
290 1703 306 1743 a
321 1686 476 1759 cognitione
491 1684 601 1738 divina‘i
618 1684 645 1739 Si
662 1699 725 1738 vero
736 1700 829 1739 verum
841 1693 882 1738 est
898 1685 983 1738 Deum
998 1695 1025 1755 Β
1040 1682 1065 1736 ιι
1078 1683 1114 1737 ah
1129 1683 1183 1738 alio
1197 1684 1274 1739 illata
1289 1684 1389 1752 dicitis,
1405 1684 1480 1740 illum
1502 1685 1548 1757 qui
1562 1683 1649 1740 intulit
1665 1685 1725 1740 Deo
1738 1693 1840 1756 poten·

185 1797 236 1854 pro
251 1777 329 1834 vohis
343 1778 459 1847 plorare,
477 1781 503 1827 ut
515 1773 620 1827 leonem
636 1773 739 1845 rugire,
755 1773 852 1828 coelum
869 1772 984 1843 pedihus

186 1880 306 1952 pulsare,
322 1891 399 1930 more
421 1872 554 1930 columbe
579 1886 698 1943 gemere,
722 1878 802 1943 caput
821 1887 940 1937 movere,
957 1879 984 1927 ιι

184 1985 242 2043 prae
257 1965 341 2022 nimio
357 1963 451 2019 dolore
466 1962 519 2016 beu
534 1960 599 2014 mibi
617 1959 748 2025 clamare,
769 1960 856 2031 ipsum
868 1968 982 2031 praeter-

185 2074 219 2115 ea
241 2071 298 2128 prae
320 2054 415 2108 dolore
432 2051 517 2123 pedes
541 2048 680 2114 collidere,
702 2049 827 2104 manibus
842 2049 981 2120 plaudere,

187 2155 211 2203 ιι
235 2142 355 2218 quotidie
376 2149 405 2196 ιι
420 2139 503 2195 vestri
526 2137 689 2192 misereatur
706 2153 799 2204 orare,
831 2137 895 2209 quid
916 2153 984 2209 ergo

185 2243 303 2293 vestram
320 2246 353 2285 ne
374 2227 526 2284 liberemini
542 2226 654 2296 impedit
679 2225 888 2296 captivitatem?
911 2229 984 2282 Ana

186 2323 274 2386 vohis,
295 2335 331 2374 aa
346 2318 380 2373 ah
395 2317 455 2386 ipso
470 2313 595 2386 procedit
609 2315 667 2369 haec
685 2313 783 2368 moral
797 2314 842 2370 Sic
861 2314 933 2369 caim
948 2314 983 2370 ah

185 2411 246 2483 ipso
266 2424 326 2465 eum
347 2406 382 2461 ad
397 2402 586 2474 complendam
610 2401 777 2458 voluntatem
798 2418 875 2457 suam
894 2405 983 2458 minus

86 2484 90 2489 ’
185 2515 248 2556 esse
264 2505 401 2569 potentem
417 2491 564 2548 ostenditis
575 2507 638 2546 cum
653 2490 753 2562 aliquid
765 2491 899 2547 volentem
911 2506 984 2547 com-

185 2588 263 2661 plere
274 2600 324 2640 nec
339 2582 483 2646 valentem,
495 2578 591 2650 puerili
601 2594 678 2634 more
688 2594 751 2633 euru
765 2579 874 2649 plorare
886 2580 984 2633 astrui·

186 2677 232 2732 tis.
252 2675 280 2730 Si
303 2672 384 2745 igitur
400 2685 473 2726 nunc
494 2670 631 2739 impotens
659 2676 709 2734 cst,
737 2667 820 2722 dicite
846 2676 934 2723 utrum
955 2668 982 2723 in

187 2765 278 2822 tuturo
292 2768 452 2833 potestatem
468 2757 611 2813 habiturus
626 2757 706 2812 sitan
722 2757 800 2812 noni
815 2756 844 2812 Si
862 2774 982 2828 unquam

89 2857 92 2863 ’
185 2862 330 2920 habiturus
344 2866 396 2921 est,
411 2856 493 2929 igitur
508 2863 534 2911 at
548 2862 638 2910 vester
652 2861 679 2910 ιι
693 2854 765 2910 itlius
780 2853 923 2910 dolorbne
938 2870 983 2910 ca·

184 2951 268 3019 rebit,
283 2952 429 3019 vestraque
447 2944 532 3001 oratio
546 2952 586 2999 est
601 2958 698 3010 vacua,
715 2950 742 2999 et
765 2959 829 3014 spes
850 2941 935 2998 nulla.
953 2942 981 2998 Si

1038 1771 1134 1828 tiorem
1149 1789 1211 1828 esse
1231 1774 1387 1843 ostenditis,
1410 1774 1483 1846 quod
1498 1789 1553 1830 uon
1574 1775 1665 1830 minus
1679 1781 1724 1830 est
1738 1772 1838 1829 incon-

1038 1871 1165 1926 veniens.
1181 1870 1210 1927 si
1225 1879 1315 1928 autem
1327 1887 1378 1928 vos
1393 1872 1467 1944 ipsos
1477 1879 1577 1929 restrae
1591 1888 1654 1929 esse
1668 1871 1838 1943 captivitatis

1038 1974 1149 2015 caumm
1173 1959 1280 2025 dicatis,
1309 1963 1389 2033 quasi
1411 1961 1508 2017 melius
1528 1961 1611 2017 modo
1630 1961 1659 2016 in
1681 1960 1840 2032 captivitate

1038 2063 1121 2120 quam
1144 2049 1208 2104 otim
1227 2049 1255 2104 in
1275 2050 1401 2106 libertate
1430 2066 1482 2106 vos
1504 2050 1629 2105 babeatis
1653 2049 1744 2106 cuivis
1765 2058 1840 2122 patet

1037 2151 1099 2192 esse
1114 2138 1298 2204 mendacium,
1315 2138 1379 2210 quia
1393 2153 1530 2210 nunquam
1551 2138 1697 2210 captivitas
1720 2137 1839 2194 libertati

1037 2232 1079 2279 est
1093 2225 1295 2293 comparabilis.
1313 2226 1342 2281 st
1354 2242 1419 2282 vero
1428 2227 1541 2283 nonbac
1551 2226 1705 2283 intentione
1717 2235 1838 2283 vestram

1036 2311 1188 2369 libertatem
1204 2313 1391 2382 remoramini,
1408 2315 1456 2370 sed
1472 2330 1505 2371 eo
1521 2314 1630 2371 volente
1645 2331 1696 2372 vos
1707 2315 1837 2383 liberare,

1037 2416 1085 2458 vos
1101 2419 1151 2473 per
1165 2402 1338 2473 pertinaciam
1354 2403 1413 2472 ejus
1425 2404 1556 2460 voluntati
1567 2403 1717 2472 obsistitis,
1734 2404 1839 2461 scilicet

1036 2506 1066 2552 ιι
1080 2499 1142 2569 quia
1157 2500 1202 2555 ille
1217 2516 1265 2555 vos
1273 2500 1301 2554 in
1310 2501 1494 2571 captivitatem
1502 2501 1632 2571 conjecit,
1650 2517 1700 2560 ros
1717 2510 1839 2559 ιιοιιιι·

1036 2587 1076 2642 rio
1089 2586 1151 2657 plus
1165 2604 1246 2660 quam
1261 2587 1320 2660 ipae
1334 2587 1400 2645 velit
1413 2590 1441 2645 ιι
1456 2591 1516 2661 ipsa
1531 2591 1691 2661 captivitate
1707 2590 1837 2662 perdure-

1035 2675 1080 2745 tis,
1097 2675 1212 2731 deheret
1226 2677 1320 2749 utique
1343 2686 1441 2734 vestrae
1464 2678 1627 2735 satisfacere
1651 2677 1798 2744 voluntati,
1812 2685 1839 2733 et

1036 2775 1220 2846 nonaeipsum
1235 2775 1346 2831 assidue
1361 2781 1437 2833 tanto
1458 2792 1576 2834 moerore
1599 2777 1771 2856 deprimere,
1794 2782 1838 2831 ant

1035 2879 1085 2919 vos
1108 2863 1134 2919 ei
1154 2879 1268 2935 parcere
1288 2865 1401 2920 deceret
1415 2880 1468 2921 nec
1489 2870 1594 2920 tantum
1619 2865 1714 2922 lacere
1737 2864 1838 2922 contri·

1035 2950 1110 3006 stari.
1121 2952 1175 3007 Sed
1185 2952 1237 3008 boc
1252 2958 1325 3009 stare
1340 2953 1494 3008 nullatenus
1509 2962 1609 3025 potest,
1620 2971 1684 3010 cum
1698 2970 1762 3010 eum
1777 2969 1839 3026 quo·

184 3056 251 3100 vero
266 3053 348 3111 posse
363 3035 505 3090 habiturus
519 3039 570 3098 θεῖ,
587 3039 633 3088 ιιι
647 3031 713 3087 illud
738 3031 859 3087 ¹¹⁰¹¹dt¹m
881 3031 986 3123 habuit,
1002 3051 1028 3116 (2
1042 3040 1107 3095 tidie
1120 3049 1149 3096 ιι
1163 3056 1212 3097 ιιι
1226 3041 1260 3097 de
1275 3041 1430 3112 captivitate
1444 3042 1541 3113 eripiat
1556 3042 1652 3099 oretis.
1668 3041 1727 3100 Oro
1745 3044 1833 3115 itaque

186 3138 234 3196 sed
249 3137 276 3192 in
291 3131 405 3208 praefixo
419 3140 446 3189 ιι
456 3140 529 3188 certo
545 3130 688 3185 trahiturus
699 3137 739 3184 est
754 3137 879 3201 tempore
895 3130 981 3201 quod,

186 3253 248 3296 cum
263 3232 384 3297 habehit,
400 3245 450 3287 vos
471 3228 506 3285 de
527 3227 683 3299 captivitate
706 3226 846 3293 liberabit,
863 3235 912 3282 aut
928 3227 982 3298 jam

185 3332 289 3398 babuit,
320 3328 369 3385 sed
400 3325 581 3399 quorumdam
614 3325 767 3380 interventu
800 3325 982 3381 accidentium

187 3421 285 3489 amisit,
302 3418 401 3491 quihus
424 3415 522 3471 iterum
541 3414 708 3486 quandoque
731 3413 852 3483 remotis,
877 3423 903 3470 ιι
917 3414 982 3469 illud

187 3525 364 3591 recuperatus
389 3522 440 3580 est,
462 3521 488 3569 et
511 3512 545 3568 de
564 3511 720 3583 captivitate
750 3529 800 3567 vos
820 3513 929 3569 educet.
954 3514 982 3571 Si

186 3623 251 3667 vero
266 3605 406 3661 habiturus
420 3609 462 3657 est
475 3609 601 3671 tempore
612 3609 699 3661 certo,
712 3608 795 3656 restat
804 3599 880 3657 vohis
888 3600 982 3656 dicere

186 3696 251 3771 quid
266 3696 300 3750 sit
319 3691 492 3766 quodmodo
516 3706 578 3745 eum
601 3689 728 3760 prohihet
750 3690 862 3756 hahere,
880 3689 984 3746 scilicet

184 3795 275 3845 utram
290 3784 343 3838 hoc
356 3779 486 3852 paucitati
500 3779 638 3847 imputetis
653 3792 785 3833 annorum
801 3778 870 3846 ejus,
886 3792 921 3832 au
936 3778 983 3833 de·

186 3872 281 3932 bilitati
295 3870 491 3934 membrorum,
514 3883 547 3921 an
569 3867 712 3922 ohstahulo
731 3866 875 3935 cujuslibet
898 3867 982 3932 rei,a

186 3980 241 4039 qua
252 3964 368 4034 nequeat
381 3957 501 4013 delendi.
533 3956 590 4011 lloc
618 3963 707 4011 autern
732 3954 847 4011 credere
875 3955 909 4011 de
925 3956 983 4011 Deo

184 4053 265 4111 nelas
279 4057 333 4107 est.
349 4047 476 4119 Legimus
492 4043 601 4100 enimin
616 4042 765 4114 scripturis
775 4043 871 4110 sacris,
883 4044 982 4116 quihus

186 4159 236 4201 vos
250 4139 392 4197 nobiscum
406 4134 488 4191 fidem
502 4133 646 4198 adhibetis,
670 4133 758 4187 Deum
776 4132 895 4204 antiquis
909 4138 982 4188 tem-

186 4231 298 4305 poribus
316 4226 417 4294 majora
444 4220 578 4279 miracula
602 4221 701 4277 iecisse
721 4236 801 4294 quam
828 4221 852 4276 si
875 4237 924 4277 vos
947 4222 981 4278 de

186 4324 341 4399 captivitate
355 4321 496 4386 liberaret,
513 4318 595 4373 veluti
609 4333 674 4373 cunr
683 4317 782 4374 decem
796 4317 886 4390 plagis
896 4319 983 4392 AEgy-

184 4432 262 4498 ptum
275 4417 411 4493 percussit
425 4415 525 4488 (Ecod.
536 4430 585 4481 vn,
600 4416 669 4484 ιιι),
684 4414 786 4472 atinde
801 4432 851 4474 vos
861 4416 980 4472 inmanu

187 4524 280 4580 valida
295 4519 400 4585 eduxit,
426 4525 451 4575 ιι
476 4517 599 4573 Rubrum
626 4532 702 4572 mare
725 4516 825 4584 divisit,
855 4517 883 4573 in
907 4519 982 4591 quod

185 4616 353 4672 Pharaonem
366 4623 427 4665 cum
442 4605 562 4662 exercitu
577 4619 625 4659 suo
639 4604 775 4661 demersit
791 4605 891 4677 (deod.
910 4607 980 4678 ιιι),

185 4727 288 4771 ιιιιιι
307 4721 417 4781 quoque
436 4713 463 4760 et
480 4701 666 4759 coturnicibus
686 4701 720 4758 de
739 4702 809 4759 coelo
828 4703 854 4758 in
874 4704 983 4761 deserto

186 4815 260 4890 pavit
275 4811 362 4883 (Psoi.
374 4820 472 4862 cxxvu
484 4802 587 4873 mccc.
596 4819 658 4871 ιιι;
668 4804 750 4861 Num.
758 4807 981 4877 aa),aquasetiam

185 4914 313 4975 iordanis
325 4913 353 4968 in
367 4914 428 4967 loco
443 4924 497 4965 ιιο
509 4907 609 4963 montis
634 4907 721 4963 instar
742 4908 880 4965 constituit
889 4910 982 4967 (tosus

186 5015 237 5086 ιι),
249 5010 335 5069 solem
343 5016 368 5065 ιι
376 5008 469 5063 ιιιιιι
482 5006 567 5061 losue
583 5005 713 5078 precihus
731 5004 788 5061 ιιιιι
804 5007 982 5078 (Josucxlde

186 5113 307 5172 exercitu
331 5107 518 5167 Sennacherib
550 5116 658 5164 contum
687 5107 828 5180 octoginta
863 5108 982 5180 quinque

187 5209 275 5266 millia
290 5214 368 5262 nocte
387 5220 441 5260 ana
465 5203 552 5260 occidi
574 5203 639 5261 iecit
654 5205 699 5274 (ll
719 5207 784 5276 ltcp.
803 5222 846 5260 ιιι
863 5207 977 5272 ςιιιιι.

187 5305 297 5375 ιιιιιι).
317 5302 347 5357 ιι
362 5300 460 5356 diebus
475 5300 597 5357 Ezechias
621 5299 705 5357 solem
726 5300 856 5372 gradibus
870 5301 984 5373 quinde-

188 5403 243 5462 cim
258 5397 357 5456 reverti
379 5396 510 5468 praecepit
537 5396 583 5467 (ιι
603 5400 666 5470 ch.
692 5397 757 5471 ιι).
783 5398 923 5454 Danielem
947 5400 983 5456 de

188 5499 251 5556 lacu
266 5497 378 5553 leonum
392 5492 516 5548 liberavit
529 5492 619 5564 (Dan.
639 5498 705 5563 avt).
722 5496 864 5563 Ananiam,
882 5497 982 5553 hlisae·

188 5597 243 5655 lem
262 5600 291 5652 ct
309 5592 433 5648 azariam
452 5589 487 5645 de
505 5590 570 5662 igne
582 5593 666 5662 (Dan.
682 5592 736 5662 ιιι),
748 5601 774 5648 ιι
784 5609 833 5649 ιιι
847 5594 882 5650 de
897 5596 982 5667 haby-

187 5694 261 5757 louis
279 5690 435 5767 captivitate
457 5688 586 5746 liberavit
605 5690 632 5760 (l
651 5690 745 5748 Esdroe
763 5696 824 5760 ιιι),
849 5700 876 5750 ιι
895 5693 981 5751 multa

1039 3136 1075 3195 te,
1090 3130 1210 3200 lloyses,
1227 3137 1347 3185 attentae
1361 3129 1526 3187 circuitionis
1551 3133 1684 3205 ambages
1699 3148 1716 3188 a
1729 3140 1837 3203 pectore

1037 3233 1099 3275 meo
1113 3218 1256 3275 excludas.

1072 3342 1199 3398 llovsas.
1213 3342 1284 3399 Nihil
1300 3345 1395 3399 horum
1411 3359 1472 3416 quaa
1482 3349 1512 3399 tu
1526 3345 1698 3401 enumerasti
1713 3354 1834 3402 nostram

1037 3431 1151 3502 impedit
1166 3432 1361 3502 captivitatem,
1379 3432 1429 3488 sed
1444 3433 1530 3488 Deum
1543 3449 1655 3504 semper
1665 3441 1693 3489 et
1708 3433 1834 3505 omnipo·

1036 3536 1138 3583 tentem
1152 3527 1237 3585 luisse
1253 3538 1278 3585 et
1288 3545 1350 3584 esse
1365 3528 1491 3596 latemur,
1508 3544 1560 3585 nec
1581 3545 1632 3584 nos
1648 3529 1831 3601 captivitatem

1036 3625 1157 3681 evadere
1171 3623 1241 3679 velle
1254 3639 1398 3695 negamus,
1414 3623 1464 3679 sed
1478 3625 1564 3679 Deum
1573 3624 1727 3695 captivitati
1738 3631 1835 3681 ιοιιιι

1036 3720 1140 3768 certum
1160 3711 1306 3767 terminum
1331 3710 1492 3784 praebxisse
1515 3719 1542 3766 et
1563 3711 1653 3770 donec
1674 3712 1744 3769 illud
1763 3712 1832 3786 quod

1036 3809 1186 3874 constituit,
1195 3809 1298 3878 juravit
1313 3818 1339 3864 et
1353 3808 1475 3864 firmavit
1498 3817 1608 3882 tempus
1630 3810 1771 3878 adveniat,
1785 3824 1834 3865 uos

1035 3898 1110 3953 nullo
1124 3898 1206 3953 modo
1218 3897 1331 3954 liberari
1345 3913 1427 3969 posse
1437 3898 1566 3955 dicimus.

1074 4018 1249 4074 Paracata
1273 4016 1327 4072 boc
1346 4017 1430 4073 verbo
1449 4017 1584 4075 inscitiam
1606 4019 1665 4074 Deo
1687 4016 1832 4085 ascribitis,

1036 4121 1097 4162 cum
1112 4122 1174 4163 eum
1185 4106 1239 4161 tale
1252 4104 1380 4162 statuisse
1405 4106 1504 4162 dicatis
1523 4115 1607 4179 atque
1624 4108 1748 4177 jurasse,
1763 4105 1832 4180 quod

1036 4200 1133 4267 postea
1148 4211 1212 4250 eum
1223 4194 1333 4264 jurasse
1348 4199 1375 4250 ιι
1394 4193 1520 4251 firmasse
1541 4195 1683 4267 poeniteat,
1704 4197 1782 4267 cujus
1795 4194 1832 4250 rei

1036 4291 1145 4364 signum
1158 4299 1200 4349 est
1214 4292 1286 4364 quod
1301 4300 1340 4348 tot
1350 4290 1551 4365 modisjuqiter
1565 4306 1617 4364 pro
1635 4292 1715 4348 vohis
1730 4290 1831 4366 affligi·

994 4388 1090 4470 Dtur,
1107 4380 1217 4455 quodsi
1233 4381 1402 4453 praescisset,
1418 4397 1473 4437 non
1493 4388 1575 4437 antea
1587 4381 1743 4439 statuisset.
1762 4381 1831 4437 lusi·

1036 4486 1114 4542 prens
1128 4486 1194 4543 erqo
1208 4470 1358 4526 secundum
1374 4485 1423 4526 vos
1438 4469 1500 4525 init.
1519 4469 1599 4540 Quod
1613 4485 1680 4527 cum
1696 4469 1771 4543 apud
1784 4484 1830 4528 vos

1036 4566 1152 4625 constet,
1176 4559 1320 4630 indulgere
1344 4559 1438 4631 utique
1461 4560 1486 4614 ei
1509 4558 1627 4625 dehetis,
1643 4574 1697 4616 aec
1711 4559 1832 4631 precihus

1036 4664 1097 4703 eum
1113 4648 1266 4720 inquietare
1289 4647 1416 4710 assiduis,
1438 4654 1538 4720 quanto
1567 4647 1641 4703 enim
1664 4647 1832 4721 frequentias

1036 4737 1130 4802 oratis,
1146 4745 1220 4791 tanto
1235 4736 1322 4808 magis
1336 4738 1394 4803 ejus
1415 4737 1537 4792 dolorem
1567 4735 1715 4804 innovatis,
1742 4748 1768 4793 et
1782 4751 1832 4809 qao

1036 4832 1124 4903 magis
1137 4834 1172 4887 ab
1186 4833 1310 4888 oratione
1324 4833 1460 4888 cessando
1471 4848 1534 4888 eum
1549 4847 1604 4888 ιοι
1616 4832 1832 4905 inquietaveritis

1035 4929 1109 4977 tanto
1123 4921 1211 4994 magis
1226 4937 1289 4976 eum
1304 4921 1443 4978 consolari
1457 4920 1634 4993 permittetis.
1650 4921 1761 4979 Seddic
1774 4937 1833 4994 pre·

1037 5020 1096 5070 cor,
1112 5020 1129 5059 o
1144 5007 1250 5077 Moyses
1265 5006 1318 5071 dic,
1337 5005 1458 5077 inquam,
1483 5004 1565 5061 dehet
1579 5005 1727 5078 quisquam
1741 5007 1832 5077 bajus·

1036 5105 1109 5160 modi
1123 5104 1233 5161 credere
1249 5105 1420 5171 doctoribus,
1438 5112 1463 5160 et
1479 5102 1560 5160 iidem
1572 5118 1669 5160 eorum
1681 5119 1832 5164 accommo-

1037 5202 1102 5257 dare
1118 5201 1295 5258 tractalihusi

1074 5318 1193 5373 liovsns.
1223 5318 1289 5373 Cum
1310 5318 1362 5390 ipsi
1382 5317 1455 5373 dicta
1479 5333 1529 5373 sua
1548 5317 1745 5390 prophetarum
1766 5333 1830 5377 con·

1035 5411 1145 5469 firment
1160 5416 1327 5480 auctoritate,
1344 5431 1432 5486 quare
1459 5422 1515 5470 tam
1539 5415 1664 5489 graviter
1691 5416 1721 5472 ιι
1743 5415 1830 5473 ιοιι-

1036 5511 1156 5577 veheris,
1184 5520 1209 5567 et
1237 5513 1265 5566 in
1296 5513 1442 5583 prophetas
1473 5512 1539 5568 nihil
1563 5512 1654 5569 dicis?
1676 5516 1720 5570 Αι
1744 5512 1830 5570 nescis

1035 5600 1184 5670 propbetas
1204 5601 1305 5657 dixisse
1320 5604 1407 5656 Deum
1424 5610 1514 5672 caput,
1538 5601 1645 5669 oculos,
1662 5616 1756 5670 nares,
1771 5616 1831 5658 mt-

1036 5711 1100 5764 uus,
1112 5696 1223 5754 brachia
1233 5707 1260 5756 et
1269 5698 1524 5771 universacorporis
1532 5698 1702 5760 ιιιιιιιιιιι
1711 5695 1830 5759 ιιιιιιιιι
