3780 6038
10 236 158 314 'aaa

565 254 734 316 Gouraioi
751 257 898 313 tantais
919 254 1193 313 virtuoctrtititsis
1706 252 1755 308 ill

108 389 180 438 stare
194 380 383 439 dimusbumo
400 400 455 441 aon
468 384 554 456 potuit
567 383 674 449 ;subito
684 383 827 454 lapsusest
842 381 904 451 ;vix
919 381 947 442 A
962 380 1093 436 delicatus
1109 378 1344 446 seiuslemiaeus,
1367 376 1512 434 etidcirco
1530 392 1644 432 necesse
1659 382 1701 430 est
1729 381 1758 429 ut

108 478 155 524 aut
168 486 304 543 nunquam
329 473 459 528 surrexit.
479 474 517 528 Tu
534 472 643 544 quidem
659 471 685 526 iii
708 472 809 526 munde
825 471 905 543 quasi
958 468 1068 540 pietatis
1083 468 1228 524 dulcedine
1244 467 1334 538 potius
1349 482 1430 538 quam
1445 466 1529 520 nimia
1544 464 1690 521 severitate
1713 478 1759 516 re-

110 567 229 614 mantem
245 560 382 614 excelsum
404 561 562 627 ascendisti,
579 576 611 617 ac
626 577 675 631 per
689 560 742 616 lioc
756 560 783 614 ia
802 569 829 614 te
850 559 905 613 liii·
960 567 1089 629 getanae
1100 560 1173 629 ferte
1182 557 1386 614 abundantiori
1393 557 1514 611 tristitia
1524 552 1743 621 absorbealarll
1751 551 1762 606 i

113 661 182 717 guas
198 655 223 701 et
239 647 334 703 erulos
350 648 488 704 liomiaum
503 648 678 706 convertisti.
698 648 774 719 Ergo
790 656 865 703 stans
880 647 906 701 in
963 648 1027 702 Cor.
1047 662 1077 712 ii,
1093 648 1132 716 7),
1147 654 1173 700 et
1186 645 1234 718 qui
1249 661 1309 699 euin
1325 660 1419 716 regere
1435 643 1526 707 debet,
1553 642 1592 698 sic
1619 657 1636 696 a
1664 642 1762 695 Satana

113 743 216 804 monte,
233 735 294 792 aide
309 752 343 792 ae
357 752 480 804 corruas,
492 754 543 793 aec
557 736 908 808 permartpriummartyii·
962 734 1199 790 circumveniatur.
1216 738 1239 789 A
1258 735 1360 788 Sataaa
1385 739 1477 788 rector
1500 729 1724 794 circumvenitur,
1739 728 1762 782 si

114 822 166 881 bus
182 825 282 881 sanctis
296 825 403 896 penitas
416 825 908 899 ignotam,religiosaeritaeprincipio
969 838 1021 895 per
1048 821 1160 878 nimiam
1182 822 1316 877 tristitiam
1341 820 1490 892 regendum
1509 819 1598 890 perire
1612 817 1761 889 contingat,

115 923 206 968 notam
218 912 336 969 ialamiae
347 914 533 988 derclinquas.
550 914 629 970 Nulla
643 915 726 971 etiam
741 923 786 970 tua
801 914 911 971 actione
964 911 1010 983 qai
1024 911 1108 982 potuit
1123 910 1232 966 liberari
1247 927 1296 982 per
1306 909 1512 982 indulgentiam.
1524 908 1594 963 Cum
1607 908 1642 963 de
1663 907 1764 977 pietate

115 1002 226 1069 mundo,
243 1002 289 1073 qui
304 1019 374 1072 peae
388 1011 460 1059 totus
475 1012 501 1059 te
516 1003 652 1075 sequitur,
667 1003 782 1058 suscites
797 1002 912 1059 seanda-
963 1006 1041 1055 tuam
1056 999 1102 1056 hic
1115 1000 1257 1055 hortamur
1272 1000 1430 1064 bonitatem,
1447 996 1495 1052 tibi
1505 996 1614 1052 auterre
1635 994 1764 1050 uolumus

115 1087 184 1146 lum.
203 1091 272 1145 Nam
288 1091 365 1148 lieret
377 1092 425 1147 tibi
439 1092 579 1147 damuatio
594 1092 705 1165 gravior
719 1092 797 1148 ruina
823 1091 911 1162 pluri·
962 1088 1075 1158 justitiae
1089 1088 1237 1154 actionem,
1252 1096 1280 1143 te
1292 1089 1394 1157 justum
1406 1102 1469 1142 esse
1488 1086 1591 1157 pariter
1617 1084 1763 1141 desidera-

117 1195 235 1234 morum.
248 1180 389 1235 Mulierum
401 1181 573 1252 quibasdam,
589 1181 658 1237 sicut
670 1180 741 1236 lama
755 1181 867 1251 sparsit,
885 1185 913 1234 et
966 1193 1027 1232 iniis
1042 1183 1068 1231 et
1081 1176 1169 1247 piam.
1186 1177 1226 1232 Sit
1239 1176 1320 1249 igitur
1334 1175 1381 1230 tibi
1396 1176 1482 1246 pietas
1497 1189 1633 1245 respuens
1657 1171 1764 1227 inordi-

117 1283 168 1324 aos
182 1277 245 1323 ante
260 1267 387 1335 diritatis,
404 1285 477 1338 saepe
492 1268 618 1340 privatim
630 1269 763 1341 loqueris,
774 1277 802 1324 et
818 1284 912 1324 earuin
967 1275 1059 1321 natam
1073 1266 1262 1320 remissionem
1280 1284 1287 1329 ς
1305 1264 1339 1320 sit
1354 1264 1390 1319 ibi
1402 1264 1504 1333 justitia
1520 1261 1591 1334 piam
1601 1276 1712 1331 semper
1720 1260 1766 1314 ha·

117 1356 245 1413 accubitu
260 1372 330 1412 aare
352 1358 470 1429 quodam
494 1358 618 1429 martyrii
643 1374 746 1431 genere
765 1357 909 1414 cruciaris.
972 1354 1041 1410 beas
1055 1354 1286 1426 compassionem.
1301 1353 1377 1419 Vale,
1393 1361 1420 1407 et
1434 1360 1601 1407 aestuaram
1612 1357 1766 1406 sanctarum

118 1444 175 1498 Illis
189 1444 325 1516 siquidem
342 1453 368 1500 te
384 1462 493 1518 semper
508 1461 634 1501 sermone
645 1446 794 1514 jucundum
818 1454 914 1502 ostea-
969 1458 1091 1516 precum,
1111 1441 1270 1513 suppliciter
1284 1457 1438 1513 precamur,
1452 1440 1601 1511 participes
1616 1438 1707 1495 effice.

119 1532 172 1599 dis,
189 1540 214 1588 et
230 1533 347 1589 alacrem
362 1535 479 1601 actione,
490 1551 625 1606 omneque
639 1552 727 1608 genus
741 1535 915 1590 humanitatis
1198 1541 1278 1607 222
1295 1537 1464 1593 Epistola
1484 1537 1604 1592 xcviii.

120 1621 245 1686 exhibea
262 1621 336 1676 null&
350 1630 457 1678 servuli
473 1623 615 1694 parcilale·
632 1623 704 1678 Allis
721 1624 917 1695 vermslquan·
972 1630 1110 1700 liutfridus
1131 1626 1518 1686 l'litdociiteasismonaaleiii
1531 1623 1768 1686 humiliaremus,

120 1710 156 1765 do
170 1725 231 1765 cum
246 1710 313 1781 ipsis
328 1711 460 1783 loquelis,
475 1711 730 1782 sempetlocttllone
741 1712 822 1766 nlmls
831 1711 916 1767 durus
929 1733 955 1793 B
1006 1735 1083 1775 servo
1097 1721 1125 1774 el
1135 1717 1250 1773 ancllloe
1265 1717 1324 1782 Dei,
1335 1718 1435 1772 Heraea
1446 1719 1473 1771 el
1484 1715 1546 1770 Evae
1556 1713 1769 1783 lnclmls(333),

120 1813 246 1870 apparea,
262 1799 343 1853 nimis
370 1799 509 1856 districtus
537 1800 717 1865 correctione,
748 1800 808 1855 illas
835 1800 915 1855 etiam
1007 1807 1078 1863 tana
1091 1807 1178 1861 initia
1193 1804 1249 1873 fine
1265 1804 1378 1860 meliori·
1393 1804 1558 1859 terminare,

120 1887 192 1943 lame
207 1892 233 1943 et
247 1887 300 1953 siti,
316 1902 347 1943 ac
361 1888 485 1945 nuditate
498 1889 616 1956 crucias,
646 1889 719 1944 omni
743 1889 838 1944 relicta
857 1889 917 1960 pie·
1007 1892 1374 1951 Admoneiidonosdecent,
1403 1898 1429 1946 ct
1457 1890 1581 1946 alo-endo
1608 1889 1768 1954 admonent,

121 1983 187 2031 2⁸¹0·
208 1974 287 2044 Q¹¹0d
304 1976 327 2031 Sl
342 1976 379 2032 ll&
394 1983 446 2043 0⁸²2
462 1977 490 2031 5¹1
504 1984 621 2049 uimque
636 1978 814 2033 vehemenlttr
827 1976 917 2033 oflen-
972 1983 1069 2056 quibus
1086 1982 1200 2038 feliciter
1214 1981 1326 2036 obedire
1340 1979 1531 2052 proposuistis,
1555 1992 1633 2035 sacra
1652 1977 1769 2049 eloquia,

121 2063 174 2130 dis,
195 2071 223 2120 et
251 2065 361 2121 modum
389 2065 471 2120 tatius
497 2065 672 2122 discretionis
697 2066 913 2139 transgrederis.
972 2081 1001 2128 ut
1015 2071 1041 2126 id
1058 2087 1144 2142 usqae
1159 2070 1186 2125 iii
1202 2069 1282 2125 finem
1296 2085 1453 2140 operemur,
1470 2068 1542 2122 unde
1558 2068 1616 2122 sine
1634 2066 1689 2122 liae
1703 2081 1772 2137 gau-

120 2154 190 2252 llam
205 2162 313 2224 etcrga
328 2154 387 2208 illas
403 2154 515 2209 nimium
535 2153 750 2220 remissibiliter,
775 2162 802 2210 et
822 2163 919 2211 contra
972 2161 1037 2217 daie
1052 2175 1220 2215 mereamur.
1243 2158 1321 2215 Ultra
1344 2157 1417 2213 enini
1441 2172 1551 2212 omnam
1582 2154 1772 2211 infelicitatem

122 2249 189 2340 tatas
203 2240 317 2295 nimium
330 2241 477 2312 poenaliter
490 2242 565 2315 egis.
583 2243 684 2298 Duram
699 2243 779 2298 valde
802 2245 918 2315 provia-
973 2258 1024 2316 cst,
1040 2264 1091 2319 pro
1106 2245 1251 2319 temporali
1267 2246 1322 2301 vita
1336 2243 1670 2301 doloribusaclaboribus
1681 2242 1770 2314 plena,

122 2344 192 2428 ⁰9¹⁰
207 2344 303 2399 Γθιθιθ
318 2330 434 2400 coeplslli
449 2338 476 2386 θῑ
490 2347 552 2402 (1¹1ae
570 2346 648 2385 suum
667 2339 798 2388 rectorem
822 2334 919 2404 saepit·
973 2353 1034 2411 quae
1044 2337 1137 2408 utique
1147 2335 1240 2390 brevis
1250 2343 1302 2402 est,
1315 2343 1342 2390 et
1360 2335 1418 2403 eius
1428 2333 1547 2390 brevitas
1558 2332 1674 2398 lacerta,
1691 2331 1773 2388 vitam

123 2433 192 2473 sime
203 2420 225 2485 2
231 2419 281 2486 21
295 2417 380 2473 linxit
387 2419 420 2472 ad
428 2420 707 2476 mortemzilmuliere
718 2420 789 2475 caim
799 2422 918 2478 initiam
973 2428 1099 2498 perdere,
1115 2440 1176 2496 quae
1190 2438 1242 2480 acc
1257 2422 1337 2479 oculo
1352 2423 1437 2488 cerni,
1454 2436 1505 2478 nec
1521 2421 1602 2478 tacita
1617 2420 1717 2476 mentis
1729 2436 1774 2475 co-

123 2509 288 2578 factumest
301 2509 421 2579 peccati,
429 2511 456 2563 ct
467 2523 517 2575 per
528 2509 609 2564 illam
617 2511 782 2565 moriuntur
792 2509 919 2567 lausiaca
974 2516 1104 2587 gitatioae
1115 2516 1204 2581 potest
1215 2511 1427 2582 comprehendi3
1439 2526 1521 2583 quam
1532 2524 1631 2566 revera
1641 2508 1775 2581 consequi

124 2595 252 2693 auberti
266 2596 362 2663 (dccli.
374 2611 441 2659 lxv,
453 2599 508 2659 ³³.)
519 2596 596 2652 Unde
611 2596 659 2651 libi
674 2598 709 2652 ita
724 2599 873 2668 prudenter
887 2614 920 2655 ac
975 2612 1014 2659 est
1031 2602 1136 2658 facilius
1152 2617 1233 2672 quain
1249 2600 1381 2656 enarrari.
1405 2600 1443 2654 lbi
1459 2614 1577 2671 namque
1600 2598 1699 2653 vivitur
1713 2598 1772 2653 siae

125 2681 289 2781 simpliciter
302 2683 440 2756 agendum
452 2693 494 2739 est
510 2692 539 2739 ut
563 2692 589 2740 te
617 2693 643 2740 et
671 2694 785 2741 matrem
814 2687 921 2756 pietatis
975 2692 1101 2756 termina,
1119 2690 1177 2745 sine
1192 2690 1287 2745 dolore
1301 2697 1327 2744 ct
1342 2687 1429 2752 senio,
1445 2688 1550 2760 absque
1563 2687 1659 2743 timore
1674 2695 1700 2743 et
1720 2703 1772 2758 pe-

125 2779 222 2844 gratia,
239 2779 385 2870 etpatrem
401 2772 473 2829 eirca
488 2772 616 2829 mulieres
627 2774 754 2830 exhibeat
765 2775 919 2846 disciplina,
976 2781 1073 2846 riculo,
1091 2779 1138 2835 ubi
1154 2777 1263 2834 relectio
1278 2778 1337 2832 siae
1354 2777 1470 2842 fastidia,
1487 2792 1548 2848 quae
1562 2776 1636 2831 nullo
1650 2775 1705 2832 cibi
1730 2775 1773 2831 vel

105 2936 109 2943 ¹
125 2863 155 2914 el
169 2876 229 2932 qaae
243 2876 333 2915 minas
348 2861 740 2933 noahahebuatperlectioais,
764 2863 853 2919 minas
867 2881 922 2920 aon
976 2878 1055 2943 potas
1070 2868 1175 2938 indiget
1190 2866 1340 2935 adjutorio.
1360 2866 1390 2920 la
1405 2865 1449 2920 illa
1460 2864 1595 2936 siquidem
1607 2863 1773 2920 beatitudine

127 2947 245 3003 babeant
259 2956 314 3005 tute
333 2948 496 3007 dilectionis.
524 2952 586 3006 Nori
602 2966 684 3006 uaaa
704 2960 731 3006 te
756 2952 817 3023 plus
845 2952 923 3025 diligi
978 2957 1062 3026 refici,
1079 2957 1146 3011 nibil
1162 2965 1203 3011 est
1218 2955 1291 3010 aliud
1311 2971 1393 3025 quam
1420 2952 1651 3025 contemplatione
1674 2952 1773 3008 divinae

126 3036 210 3091 debet
224 3053 305 3108 qaam
318 3038 381 3104 alia,
405 3038 457 3092 nisi
486 3055 546 3110 quae
569 3038 665 3094 melier
693 3039 776 3096 luerit
802 3041 922 3098 inventa.
977 3045 1126 3116 majestatis
1141 3043 1248 3099 satiari.
1268 3044 1344 3098 llanc
1358 3042 1445 3097 sancti
1465 3041 1557 3113 angeli
1584 3041 1772 3107 considerant,

125 3125 204 3224 Juxta
218 3126 330 3181 modum
346 3126 434 3182 meriti
449 3126 491 3182 vel
506 3128 603 3199 culpae,
613 3128 729 3185 extende
740 3129 850 3185 modum
860 3145 923 3187 cor·
978 3142 1005 3190 οι
1020 3133 1227 3189 considerantes
1241 3147 1302 3187 eain
1328 3147 1437 3202 semper
1460 3130 1634 3186 considerare
1658 3130 1771 3185 deside-

128 3214 277 3270 rectioaais
292 3214 334 3270 vel
349 3215 454 3288 gratiae.
471 3215 925 3287 llludtamenpraecipueiameate
979 3230 1051 3279 raiit.
1087 3221 1157 3278 Huic
1188 3221 1276 3275 beatae
1301 3219 1399 3274 visioni
1432 3217 1546 3290 perlecti
1579 3218 1682 3289 quique
1721 3233 1777 3274 noa

130 3308 176 3399 tua
192 3300 274 3356 fixum
289 3310 425 3370 teneatur,
442 3303 515 3375 quod
529 3306 557 3357 iii
568 3304 719 3374 Evangelio
730 3306 865 3363 Dominus
886 3308 925 3362 di·
978 3312 1105 3377 deerunt,
1121 3309 1208 3381 quiin
1223 3309 1325 3363 mundo
1339 3323 1390 3379 pre
1406 3306 1507 3361 Christi
1521 3306 1630 3362 nomiae
1646 3323 1677 3363 se
1690 3315 1716 3362 et
1727 3321 1778 3362 sua

131 3396 168 3445 cit
184 3391 279 3445 :Beati
289 3391 689 3465 mirericordea.paoiiirrmlptl
702 3395 926 3452 misericordiam
979 3398 1084 3470 pariter
1098 3404 1328 3468 contempserunt.
1344 3396 1386 3450 itd
1398 3395 1474 3450 illam
1496 3394 1587 3466 igitur,
1611 3394 1776 3461 charissimi,

127 3481 339 3551 consequentur
351 3479 449 3550 (liclia
465 3494 494 3546 ν,
508 3481 547 3550 7).
568 3480 684 3554 Fragilis
699 3489 741 3538 est
764 3483 878 3540 multum
900 3495 926 3543 ct

171 3646 245 3719 (333)
255 3647 357 3703 lleraeo
372 3651 400 3703 el
410 3649 608 3704 cactartarti.
622 3648 721 3704 lnclusi
731 3653 925 3711 monachorum

134 3733 232 3790 geniis,
248 3718 298 3772 sed
317 3719 413 3774 borum
439 3719 540 3789 duplex
568 3720 679 3776 classis.
712 3721 826 3789 Quidam
855 3727 927 3781 enim

27 3834 32 3841 .
135 3788 315 3844 monasticam
344 3789 518 3859 disciplinam
542 3806 680 3862 nunquam
717 3795 820 3862 experti
856 3798 928 3854 lianc

134 3858 334 3984 professionem
349 3861 439 3915 statim
453 3861 598 3930 arripiunt,
618 3875 651 3918 ac
676 3862 841 3920 suburbanis
869 3869 928 3926 iera

145 3945 203 3986 ocis
218 3946 245 3984 in
258 3929 371 4012 cellulas
383 3931 479 3987 inclusi
495 3932 667 3987 solitudinem
682 3934 854 4003 emulantur,
865 3956 927 3996 mo·

133 4002 280 4059 anchorum
293 4009 384 4072 potius
396 4002 500 4058 umbrae
514 4019 594 4074 quain
623 4005 762 4060 moaaclii.
792 4007 929 4067 Ereaiitas

135 4080 163 4127 et
178 4072 299 4128 reclusos
315 4072 412 4144 vulgus
427 4081 573 4144 nuncupat,
599 4088 713 4144 quorum
743 4075 873 4142 lreauens
899 4082 928 4137 ia

979 3488 1043 3543 duin
1058 3496 1164 3557 tempus
1189 3485 1331 3550 habemus,
1361 3484 1463 3540 sanctis
1490 3483 1619 3554 operibus
1646 3487 1780 3541 accedere

1040 3641 1132 3710 (lbcaic
1151 3638 1262 3721 δινοέγων
1286 3638 1470 3722 ὰγγιλοπρεπῆ
1490 3636 1559 3713 θέαν,

1040 3726 1237 3802 Ακτινολαμπεῖ
1248 3721 1308 3791 τοὶς
1322 3724 1437 3804 ὁρῶντας
1452 3718 1552 3787 luditur.

1041 3805 1131 3886 Λέγων
1146 3804 1261 3885 μὲοὺδέν
1274 3809 1326 3864 τῶν
1347 3802 1488 3885 lqpilcauiii
1502 3801 1536 3870 alc
1548 3796 1640 3880 γέλως,

1043 3890 1106 3947 Αλλ’
1120 3877 1192 3971 adalp
1207 3885 1276 3946 ἔστιν
1294 3884 1446 3969 ώφιλεῖοθαι
1459 3883 1505 3942 τὸν
1518 3879 1589 3952 ξένον

1042 3969 1095 4029 Καὶ
1106 3975 1191 4028 ταῦτα
1204 3967 1305 4052 φεύγων
1321 3969 1517 4050 μοικροῤῥημιῖν
1532 3965 1566 4031 εὶς
1578 3959 1668 4043 κόρον.

1041 4055 1101 4111 ”Aa
1115 4042 1160 4110 οὗν
1174 4050 1236 4124 δύνη
1250 4049 1422 4132 replicandae,
1437 4050 1572 4112 contadi<
1586 4046 1664 4125 &tcta

1042 4133 1075 4192 El
1090 4131 1126 4211 μὴ
1142 4131 1178 4191 δέ’
1193 4135 1295 4216 palpet:
1309 4132 1343 4198 εὶς
1364 4130 1418 4211 βίον
1430 4128 1534 4198 ζώντων
1557 4126 1623 4204 ἅμα,

136 4143 223 4199 Gallia
233 4144 289 4212 jara
305 4143 369 4199 oliai
385 4160 523 4206 numerus.
539 4160 627 4213 eoque
642 4161 673 4199 ex
689 4161 803 4203 numero
832 4152 859 4205 lii
882 4154 928 4207 vi-

1042 4215 1080 4273 liv
1093 4204 1116 4297 ᾧ
1129 4217 1254 4282 alateum<
1266 4212 1326 4281 τοὺς
1340 4211 1442 4294 lytran<
1454 4207 1621 4292 λαμπρύνης.

135 4214 244 4276 dentur,
260 4215 295 4269 ad
309 4229 378 4284 auos
401 4216 494 4270 scribit
513 4213 662 4271 Gollridus.
692 4215 744 4270 atii
770 4219 825 4272 veri
853 4233 929 4278 erant

136 4284 261 4366 monachi
277 4285 333 4409 spui,
350 4285 482 4365 ctcaobiis
498 4285 611 4366 relictis,
627 4285 654 4366 ia
678 4286 776 4356 quibus
800 4289 928 4363 aliquau-

137 4355 183 4410 diu
198 4370 260 4410 cum
273 4370 288 4408 a
301 4371 333 4409 ns
349 4363 482 4416 vixerant,
498 4356 663 4410 sublimioris
683 4356 820 4424 proiectus
837 4365 928 4421 stadio

138 4435 165 4489 ia
174 4432 310 4489 solitarias
319 4433 402 4489 cellas
412 4450 443 4489 se
453 4434 608 4500 elidebaat3
623 4424 777 4506 ε’γιιλείσους,
791 4441 926 4504 litaturos,
942 4442 967 4502 D

139 4504 221 4560 etiam
235 4503 325 4560 Graeci
339 4504 481 4583 vocabant.
497 4505 582 4573 Hujus
596 4507 707 4587 generis
728 4508 776 4573 illi,
803 4512 838 4566 ad
863 4533 932 4586 qaas

138 4591 194 4631 aeti
210 4574 295 4630 semel
309 4575 403 4630 scribit
414 4575 574 4630 Theodorus
589 4577 705 4631 Stadita.
739 4579 822 4650 Cujus
850 4588 932 4645 etiam

139 4663 249 4739 exstant
271 4670 326 4710 aaa
352 4654 522 4726 inelegantes
547 4655 630 4710 iambi
657 4649 691 4717 el<
709 4647 849 4714 ὲίκλειστον
864 4686 933 4740 quos

140 4728 282 4798 subpurata
297 4742 304 4780 :

1277 4330 1306 4385 ln
1320 4330 1479 4384 inclusam.

1037 4418 1160 4475 inclusas
1175 4419 1220 4475 ille
1236 4427 1287 4482 est,
1304 4418 1350 4488 qui
1366 4415 1461 4487 procul
1476 4415 1512 4470 ab
1527 4409 1673 4468 affectibus

1039 4488 1107 4546 Toto
1123 4490 1233 4546 reclusit
1247 4491 1274 4543 ia
1289 4491 1376 4544 Deum
1392 4504 1422 4543 se
1432 4494 1555 4557 pectore.

1043 4563 1128 4618 Frena
1142 4577 1276 4618 coerceas
1290 4560 1389 4614 mentis
1404 4572 1510 4613 errores
1526 4569 1622 4626 rages,

1040 4635 1221 4703 Animumque
1236 4631 1310 4688 curis
1324 4630 1434 4702 erigens
1449 4626 1618 4688 caelestibus,

1041 4705 1170 4762 Precibus
1184 4704 1331 4767 inhaerens,
1347 4716 1408 4772 qure
1423 4705 1552 4768 perurunt
1567 4696 1720 4756 daemones,

1040 4779 1085 4842 Et,
1100 4790 1154 4845 quo
1170 4782 1282 4828 retrusae
1298 4787 1339 4827 res
1354 4778 1456 4841 patent,
1475 4767 1594 4823 silentio.

1042 4849 1096 4919 Spe
1111 4846 1157 4914 (b),
1174 4844 1327 4917 gaudioque
1342 4841 1451 4896 nescius
1467 4839 1602 4894 fatiscere.

1041 4918 1147 4975 Labore
1163 4930 1263 4984 corpus
1277 4924 1304 4968 et
1319 4917 1388 4967 lame
1403 4926 1536 4967 exerceas
1552 4905 1640 4977 gravi.

1043 4991 1163 5071 llymnos
1178 4993 1305 5111 famame
1320 4984 1418 5053 spiritu
1430 4986 1512 5053 iuges
1527 4994 1640 5035 canens.

1043 5064 1092 5116 llic
1107 5073 1197 5127 anger
1212 5057 1274 5117 ritu,
1291 5071 1340 5110 ore
1351 5053 1498 5124 conspicuo
1514 5051 1611 5114 niteas,

1041 5133 1089 5186 Dia
1104 5129 1254 5183 intuentum
1268 5125 1401 5195 corda(ct
1416 5123 1557 5179 collustrat
1571 5121 1646 5175 lace.

1041 5201 1086 5257 Nil
1100 5214 1218 5269 unquam
1233 5198 1312 5251 inane
1328 5205 1422 5251 suetus
1436 5195 1472 5249 ad
1487 5194 1572 5247 risum
1586 5189 1662 5262 loqui
1677 5205 1684 5245 :

1042 5273 1095 5327 Sed
1113 5285 1167 5340 quo
1179 5268 1269 5338 juvari
1285 5266 1401 5322 sentiant
1412 5281 1453 5329 se,
1469 5264 1516 5334 qui
1530 5262 1645 5318 audiunt
1661 5276 1668 5323 ;

1044 5344 1102 5398 Nec
1117 5340 1157 5395 sic
1171 5338 1291 5410 profusa
1308 5337 1368 5393 vela
1383 5336 1452 5391 daiis
1466 5333 1624 5406 loqueatiae.

1042 5415 1105 5470 llaec
1119 5410 1228 5482 assequi
1243 5408 1265 5463 si
1280 5408 1350 5478 potis
1365 5424 1405 5470 es,
1422 5407 1449 5460 iii
1463 5413 1520 5460 tuto
1535 5412 1577 5460 est
1591 5402 1677 5459 salus.

1043 5485 1089 5538 Sia
1107 5499 1115 5546 ς
1130 5482 1165 5536 ad
1179 5480 1324 5553 gregalem
1341 5479 1464 5550 protinus
1478 5476 1561 5532 vitain
1577 5472 1645 5538 redi,

1041 5554 1094 5612 Ubi
1108 5568 1189 5624 porro
1203 5565 1309 5623 agonas
1327 5549 1437 5606 excolas
1450 5546 1596 5603 asceticos.

989 5653 1106 5729 gaudie.

1025 5727 1062 5799 (a)
1077 5723 1178 5784 Selicd.
1196 5720 1371 5796 parsaingit.

422 4809 462 4850 Eli}
479 4808 652 4851 curtamaltru

198 4883 356 4963 Εγκλιιστδς
371 4879 449 4955 ἐστιν,
463 4879 492 4947 ὅς
504 4885 594 4941 παθῶν
609 4879 657 4952 ἔξω
671 4907 755 4963 μενων

199 4971 216 4996 ”
227 4971 301 5041 Ολην
313 4963 432 5048 »chaipha
448 4962 513 5047 πρὸς
526 4964 584 5024 θεὸν
604 4965 652 5038 τήν
665 4969 776 5049 καρδιαν

199 5051 299 5112 Κλιίων
308 5045 450 5128 λογισμοὺς
459 5045 518 5114 τοὺς
530 5069 657 5129 γυρευτοις
669 5071 716 5119 της
729 5053 833 5124 πλαιης.

199 5135 271 5195 Νοῦν
284 5128 454 5208 ἂντιπέμπων
466 5127 510 5206 (a)
523 5133 579 5196 ταῖς
593 5127 647 5188 ἅνω
661 5129 787 5212 θεωρίαις,

200 5214 280 5311 Eparia
292 5209 443 5293 προσευχὴν
455 5208 598 5282 καυστικὴν
610 5215 663 5270 τῶν
675 5210 815 5291 δαιμόνων,

199 5296 295 5377 Φιρων
310 5290 411 5363 σιωπὴν
430 5296 653 5370 porra-supedaneis
668 5293 742 5372 βάθη.

198 5378 300 5459 illa-plu
316 5374 441 5433 ἅθλιιιτον
454 5368 481 5428 ti
494 5382 566 5474 zap&
578 5377 631 5432 τῶν
646 5372 766 5448 bardai,

200 5461 225 5521 E
242 5445 281 5543 pili
293 5480 322 5516 τε
334 5458 440 5538 χειρῶν,
451 5474 496 5509 και
509 5475 593 5512 κοπου
606 5455 685 5532 λιμοῦ
698 5455 775 5517 τόνοι.

198 5483 273 5617 filulis
287 5538 432 5609 ἄπαυστον,
449 5537 552 5613 πνεῦμα
565 5536 793 5619 συντετριμμένον.

173 5669 213 5739 (til
226 5669 290 5725 tart.
310 5667 379 5798 neg.
395 5657 466 5716 Νοῦν
480 5653 561 5714 altrea
575 5650 695 5732 πέμπων.

172 5740 209 5812 (b)
222 5738 337 5802 Schedoe
363 5735 572 5805 irmcadlcNm
587 5748 638 5808 spe
651 5727 935 5806 latisceas,aoaiaerti
