<?xml version="1.0" encoding="UTF-8"?>
<!DOCTYPE html PUBLIC "-//W3C//DTD XHTML 1.0 Transitional//EN"
    "http://www.w3.org/TR/xhtml1/DTD/xhtml1-transitional.dtd">
<html xmlns="http://www.w3.org/1999/xhtml" xml:lang="en" lang="en">
 <head>
  <title>
</title>
<meta http-equiv="Content-Type" content="text/html;charset=utf-8" />
  <meta name='ocr-system' content='tesseract 3.04.00' />
  <meta name='ocr-capabilities' content='ocr_page ocr_carea ocr_par ocr_line ocrx_word'/>
</head>
<body>
  <div class='ocr_page' id='page_1' title='image "./patrologiaecurs60unkngoog_0151.png"; bbox 0 0 3780 6038; ppageno 0'>
   <div class='ocr_carea' id='block_1_1' title="bbox 115 186 1168 255">
    <p class='ocr_par' dir='ltr' id='par_1_1' title="bbox 115 186 1168 255">
     <span class='ocr_line' id='line_1_1' title="bbox 115 186 1168 255; baseline -0.003 -8"><span class='ocrx_word' id='word_1_1' title='bbox 115 194 164 249; x_wconf 74' lang='lat'><strong>29!</strong></span> <span class='ocrx_word' id='word_1_2' title='bbox 583 245 588 255; x_wconf 75' lang='grc'>,</span> <span class='ocrx_word' id='word_1_3' title='bbox 704 186 860 243; x_wconf 81' lang='lat' dir='ltr'><strong>APPEND.</strong></span> <span class='ocrx_word' id='word_1_4' title='bbox 883 189 933 243; x_wconf 79' lang='lat' dir='ltr'><strong>tn</strong></span> <span class='ocrx_word' id='word_1_5' title='bbox 951 188 1168 247; x_wconf 73' lang='lat' dir='ltr'><strong>Gotrnttttttt.</strong></span> 
     </span>
    </p>
   </div>
   <div class='ocr_carea' id='block_1_2' title="bbox 111 312 1576 1270">
    <p class='ocr_par' dir='ltr' id='par_1_2' title="bbox 116 312 1576 496">
     <span class='ocr_line' id='line_1_2' title="bbox 117 312 1576 384; baseline -0.001 -13"><span class='ocrx_word' id='word_1_6' title='bbox 117 317 177 371; x_wconf 91' lang='lat' dir='ltr'><strong>huic</strong></span> <span class='ocrx_word' id='word_1_7' title='bbox 192 315 297 371; x_wconf 65' lang='lat' dir='ltr'><strong>noviter</strong></span> <span class='ocrx_word' id='word_1_8' title='bbox 315 313 462 376; x_wconf 74' lang='lat' dir='ltr'><strong>mdilicatae,</strong></span> <span class='ocrx_word' id='word_1_9' title='bbox 491 328 540 384; x_wconf 91' lang='lat' dir='ltr'><strong>pro</strong></span> <span class='ocrx_word' id='word_1_10' title='bbox 555 328 668 367; x_wconf 86' lang='lat' dir='ltr'><strong>summm</strong></span> <span class='ocrx_word' id='word_1_11' title='bbox 691 313 833 368; x_wconf 68' lang='lat' dir='ltr'><strong>Trinitatis</strong></span> <span class='ocrx_word' id='word_1_12' title='bbox 861 312 952 373; x_wconf 88' lang='lat' dir='ltr'><strong>ho·A</strong></span> <span class='ocrx_word' id='word_1_13' title='bbox 1159 320 1374 376; x_wconf 73' lang='lat' dir='ltr'><strong>Amometere&#39;o</strong></span> <span class='ocrx_word' id='word_1_14' title='bbox 1392 320 1422 374; x_wconf 84' lang='lat' dir='ltr'><strong>S.</strong></span> <span class='ocrx_word' id='word_1_15' title='bbox 1448 319 1576 374; x_wconf 74' lang='lat' dir='ltr'><strong>Martini.</strong></span> 
     </span>
     <span class='ocr_line' id='line_1_3' title="bbox 116 400 1247 496; baseline 0 -37"><span class='ocrx_word' id='word_1_16' title='bbox 116 420 180 460; x_wconf 93' lang='lat' dir='ltr'><strong>nore</strong></span> <span class='ocrx_word' id='word_1_17' title='bbox 191 411 217 460; x_wconf 90' lang='lat' dir='ltr'><strong>ct</strong></span> <span class='ocrx_word' id='word_1_18' title='bbox 231 418 335 468; x_wconf 91' lang='lat' dir='ltr'><strong>amore,</strong></span> <span class='ocrx_word' id='word_1_19' title='bbox 351 412 376 457; x_wconf 91' lang='lat' dir='ltr'><strong>et</strong></span> <span class='ocrx_word' id='word_1_20' title='bbox 392 417 483 457; x_wconf 90' lang='lat' dir='ltr'><strong>eorum</strong></span> <span class='ocrx_word' id='word_1_21' title='bbox 500 400 704 471; x_wconf 90' lang='lat' dir='ltr'><strong>supplicatione,</strong></span> <span class='ocrx_word' id='word_1_22' title='bbox 728 400 755 456; x_wconf 94' lang='lat' dir='ltr'><strong>in</strong></span> <span class='ocrx_word' id='word_1_23' title='bbox 767 402 914 473; x_wconf 76' lang='lat' dir='ltr'><strong>presentia</strong></span> <span class='ocrx_word' id='word_1_24' title='bbox 968 437 1113 496; x_wconf 55' lang='lat' dir='ltr'><strong>Goffredus</strong></span> <span class='ocrx_word' id='word_1_25' title='bbox 1127 442 1247 496; x_wconf 58' lang='lat' dir='ltr'>decanus</span> 
     </span>
    </p>

    <p class='ocr_par' dir='ltr' id='par_1_3' title="bbox 114 483 1258 586">
     <span class='ocr_line' id='line_1_4' title="bbox 114 483 1258 586; baseline -0.001 -38"><span class='ocrx_word' id='word_1_26' title='bbox 114 508 302 564; x_wconf 87' lang='lat' dir='ltr'><strong>personarum,</strong></span> <span class='ocrx_word' id='word_1_27' title='bbox 317 507 378 561; x_wconf 76' lang='lat' dir='ltr'>‹111ae</span> <span class='ocrx_word' id='word_1_28' title='bbox 392 490 425 544; x_wconf 92' lang='lat' dir='ltr'><strong>ad</strong></span> <span class='ocrx_word' id='word_1_29' title='bbox 441 488 640 545; x_wconf 76' lang='lat' dir='ltr'><strong>dedicationem</strong></span> <span class='ocrx_word' id='word_1_30' title='bbox 656 499 850 558; x_wconf 86' lang='lat' dir='ltr'><strong>convenerant,</strong></span> <span class='ocrx_word' id='word_1_31' title='bbox 866 508 913 547; x_wconf 89' lang='lat' dir='ltr'><strong>re·</strong></span> <span class='ocrx_word' id='word_1_32' title='bbox 967 528 1119 585; x_wconf 55' lang='lat' dir='ltr'><strong>walterius</strong></span> <span class='ocrx_word' id='word_1_33' title='bbox 1134 539 1229 586; x_wconf 42' lang='lat' dir='ltr'><strong>cantor</strong></span> <span class='ocrx_word' id='word_1_34' title='bbox 1251 483 1258 497; x_wconf 84' lang='grc'>’</span> 
     </span>
    </p>

    <p class='ocr_par' dir='ltr' id='par_1_4' title="bbox 114 571 1302 676">
     <span class='ocr_line' id='line_1_5' title="bbox 114 571 1302 676; baseline 0.002 -42"><span class='ocrx_word' id='word_1_35' title='bbox 114 580 292 642; x_wconf 84' lang='lat' dir='ltr'><strong>mitteremus.</strong></span> <span class='ocrx_word' id='word_1_36' title='bbox 309 586 334 633; x_wconf 89' lang='lat' dir='ltr'><strong>ct</strong></span> <span class='ocrx_word' id='word_1_37' title='bbox 349 594 383 633; x_wconf 93' lang='lat' dir='ltr'><strong>ne</strong></span> <span class='ocrx_word' id='word_1_38' title='bbox 398 577 459 651; x_wconf 92' lang='lat' dir='ltr'><strong>quis</strong></span> <span class='ocrx_word' id='word_1_39' title='bbox 475 577 621 633; x_wconf 88' lang='lat' dir='ltr'><strong>ecclesiam</strong></span> <span class='ocrx_word' id='word_1_40' title='bbox 639 578 681 633; x_wconf 86' lang='lat' dir='ltr'><strong>rel</strong></span> <span class='ocrx_word' id='word_1_41' title='bbox 707 579 912 649; x_wconf 86' lang='lat' dir='ltr'><strong>possessionem</strong></span> <span class='ocrx_word' id='word_1_42' title='bbox 967 616 1021 672; x_wconf 65' lang='lat' dir='ltr'><strong>Fm</strong></span> <span class='ocrx_word' id='word_1_43' title='bbox 1042 618 1115 674; x_wconf 58' lang='lat' dir='ltr'><strong>erius</strong></span> <span class='ocrx_word' id='word_1_44' title='bbox 1126 571 1302 676; x_wconf 39' lang='lat' dir='ltr'>subducimus</span> 
     </span>
    </p>

    <p class='ocr_par' dir='ltr' id='par_1_5' title="bbox 115 634 1314 765">
     <span class='ocr_line' id='line_1_6' title="bbox 115 634 1314 765; baseline 0 -43"><span class='ocrx_word' id='word_1_45' title='bbox 115 666 327 722; x_wconf 88' lang='lat' dir='ltr'><strong>ecclesiasticam</strong></span> <span class='ocrx_word' id='word_1_46' title='bbox 342 666 369 720; x_wconf 92' lang='lat' dir='ltr'><strong>in</strong></span> <span class='ocrx_word' id='word_1_47' title='bbox 387 665 580 722; x_wconf 75' lang='lat' dir='ltr'><strong>vindocinensi</strong></span> <span class='ocrx_word' id='word_1_48' title='bbox 596 665 765 736; x_wconf 89' lang='lat' dir='ltr'><strong>comitatu,in</strong></span> <span class='ocrx_word' id='word_1_49' title='bbox 783 674 912 740; x_wconf 87' lang='lat' dir='ltr'><strong>quantum</strong></span> <span class='ocrx_word' id='word_1_50' title='bbox 967 634 1101 762; x_wconf 54' lang='grc' dir='ltr'>Αὼξηω</span> <span class='ocrx_word' id='word_1_51' title='bbox 1115 707 1277 765; x_wconf 55' lang='lat' dir='ltr'>cellararius</span> <span class='ocrx_word' id='word_1_52' title='bbox 1307 661 1314 675; x_wconf 79' lang='grc'><strong><em>’</em></strong></span> 
     </span>
    </p>

    <p class='ocr_par' dir='ltr' id='par_1_6' title="bbox 111 750 1518 1270">
     <span class='ocr_line' id='line_1_7' title="bbox 114 750 1288 851; baseline 0.002 -41"><span class='ocrx_word' id='word_1_53' title='bbox 114 756 148 811; x_wconf 93' lang='lat' dir='ltr'><strong>ad</strong></span> <span class='ocrx_word' id='word_1_54' title='bbox 163 764 286 811; x_wconf 89' lang='lat' dir='ltr'><strong>nostrum</strong></span> <span class='ocrx_word' id='word_1_55' title='bbox 302 754 454 827; x_wconf 89' lang='lat' dir='ltr'><strong>pertinebat</strong></span> <span class='ocrx_word' id='word_1_56' title='bbox 482 753 681 825; x_wconf 86' lang='lat' dir='ltr'><strong>episcopatum,</strong></span> <span class='ocrx_word' id='word_1_57' title='bbox 696 755 772 811; x_wconf 90' lang='lat' dir='ltr'><strong>alteri</strong></span> <span class='ocrx_word' id='word_1_58' title='bbox 795 756 912 811; x_wconf 82' lang='lat' dir='ltr'><strong>abhatiae</strong></span> <span class='ocrx_word' id='word_1_59' title='bbox 967 793 1056 851; x_wconf 58' lang='lat' dir='ltr'>odos</span> <span class='ocrx_word' id='word_1_60' title='bbox 1281 750 1288 763; x_wconf 84' lang='grc'><strong>”</strong></span> 
     </span>
     <span class='ocr_line' id='line_1_8' title="bbox 114 842 912 911; baseline 0.001 -12"><span class='ocrx_word' id='word_1_61' title='bbox 114 845 164 900; x_wconf 89' lang='lat' dir='ltr'><strong>nisi</strong></span> <span class='ocrx_word' id='word_1_62' title='bbox 185 842 378 899; x_wconf 77' lang='lat' dir='ltr'><strong>vindocinensi</strong></span> <span class='ocrx_word' id='word_1_63' title='bbox 403 843 527 910; x_wconf 70' lang='lat' dir='ltr'><strong>(torreret,</strong></span> <span class='ocrx_word' id='word_1_64' title='bbox 558 842 600 897; x_wconf 86' lang='lat' dir='ltr'><strong>rel</strong></span> <span class='ocrx_word' id='word_1_65' title='bbox 622 844 794 911; x_wconf 73' lang='lat' dir='ltr'><strong>concederet,</strong></span> <span class='ocrx_word' id='word_1_66' title='bbox 818 852 912 900; x_wconf 90' lang='lat' dir='ltr'><strong>nostra</strong></span> 
     </span>
     <span class='ocr_line' id='line_1_9' title="bbox 113 922 1518 1004; baseline 0.001 -17"><span class='ocrx_word' id='word_1_67' title='bbox 113 933 275 989; x_wconf 89' lang='lat' dir='ltr'><strong>auctoritate</strong></span> <span class='ocrx_word' id='word_1_68' title='bbox 299 932 517 1003; x_wconf 78' lang='lat' dir='ltr'><strong>prohiberemus.</strong></span> <span class='ocrx_word' id='word_1_69' title='bbox 533 930 591 986; x_wconf 90' lang='lat' dir='ltr'><strong>Nos</strong></span> <span class='ocrx_word' id='word_1_70' title='bbox 607 948 672 987; x_wconf 79' lang='lat' dir='ltr'><strong>nero</strong></span> <span class='ocrx_word' id='word_1_71' title='bbox 684 933 755 1004; x_wconf 85' lang='lat' dir='ltr'><strong>quod</strong></span> <span class='ocrx_word' id='word_1_72' title='bbox 785 935 820 988; x_wconf 90' lang='lat' dir='ltr'><strong>ab</strong></span> <span class='ocrx_word' id='word_1_73' title='bbox 836 932 911 990; x_wconf 90' lang='lat' dir='ltr'><strong>initio</strong></span> <span class='ocrx_word' id='word_1_74' title='bbox 1209 923 1229 976; x_wconf 71' lang='grc' dir='ltr'><em>Α</em></span> <span class='ocrx_word' id='word_1_75' title='bbox 1252 922 1371 978; x_wconf 63' lang='grc' dir='ltr'><strong>θῑυῖῑαῐθ</strong></span> <span class='ocrx_word' id='word_1_76' title='bbox 1390 922 1518 977; x_wconf 64' lang='grc' dir='ltr'><strong>Ρῑΰῖθυῦ·</strong></span> 
     </span>
     <span class='ocr_line' id='line_1_10' title="bbox 112 1018 911 1093; baseline 0.003 -18"><span class='ocrx_word' id='word_1_77' title='bbox 112 1021 199 1093; x_wconf 87' lang='lat' dir='ltr'><strong>ipsius</strong></span> <span class='ocrx_word' id='word_1_78' title='bbox 213 1019 373 1075; x_wconf 84' lang='lat' dir='ltr'><strong>monasterii</strong></span> <span class='ocrx_word' id='word_1_79' title='bbox 388 1028 415 1075; x_wconf 92' lang='lat' dir='ltr'><strong>et</strong></span> <span class='ocrx_word' id='word_1_80' title='bbox 431 1019 482 1090; x_wconf 90' lang='lat' dir='ltr'><strong>ipsi</strong></span> <span class='ocrx_word' id='word_1_81' title='bbox 497 1018 677 1091; x_wconf 88' lang='lat' dir='ltr'><strong>petierant,et</strong></span> <span class='ocrx_word' id='word_1_82' title='bbox 692 1036 741 1075; x_wconf 91' lang='lat' dir='ltr'><strong>nos</strong></span> <span class='ocrx_word' id='word_1_83' title='bbox 758 1020 911 1077; x_wconf 86' lang='lat' dir='ltr'><strong>leceramus</strong></span> 
     </span>
     <span class='ocr_line' id='line_1_11' title="bbox 111 1108 910 1171; baseline 0.001 -7"><span class='ocrx_word' id='word_1_84' title='bbox 111 1110 286 1165; x_wconf 88' lang='lat' dir='ltr'><strong>laudantibus</strong></span> <span class='ocrx_word' id='word_1_85' title='bbox 302 1108 411 1165; x_wconf 80' lang='lat' dir='ltr'><strong>clericis</strong></span> <span class='ocrx_word' id='word_1_86' title='bbox 428 1109 537 1171; x_wconf 87' lang='lat' dir='ltr'><strong>nostris,</strong></span> <span class='ocrx_word' id='word_1_87' title='bbox 553 1108 580 1161; x_wconf 92' lang='lat' dir='ltr'><strong>in</strong></span> <span class='ocrx_word' id='word_1_88' title='bbox 599 1116 675 1163; x_wconf 90' lang='lat' dir='ltr'><strong>tanto</strong></span> <span class='ocrx_word' id='word_1_89' title='bbox 691 1118 825 1165; x_wconf 81' lang='lat' dir='ltr'><strong>conventu</strong></span> <span class='ocrx_word' id='word_1_90' title='bbox 841 1126 910 1168; x_wconf 89' lang='lat' dir='ltr'><strong>con·</strong></span> 
     </span>
     <span class='ocr_line' id='line_1_12' title="bbox 112 1195 910 1270; baseline 0.004 -19"><span class='ocrx_word' id='word_1_91' title='bbox 112 1197 222 1252; x_wconf 87' lang='lat' dir='ltr'><strong>lirmure</strong></span> <span class='ocrx_word' id='word_1_92' title='bbox 234 1198 336 1265; x_wconf 87' lang='lat' dir='ltr'><strong>justum</strong></span> <span class='ocrx_word' id='word_1_93' title='bbox 351 1195 520 1267; x_wconf 85' lang='lat' dir='ltr'><strong>putarimus.</strong></span> <span class='ocrx_word' id='word_1_94' title='bbox 548 1195 741 1251; x_wconf 80' lang='lat' dir='ltr'><strong>Concessimus</strong></span> <span class='ocrx_word' id='word_1_95' title='bbox 773 1196 862 1270; x_wconf 83' lang='lat' dir='ltr'><strong>itaque</strong></span> <span class='ocrx_word' id='word_1_96' title='bbox 883 1207 910 1253; x_wconf 87' lang='lat' dir='ltr'><strong>ct</strong></span> 
     </span>
    </p>
   </div>
   <div class='ocr_carea' id='block_1_3' title="bbox 1059 796 1202 853">
    <p class='ocr_par' dir='ltr' id='par_1_7' title="bbox 1059 796 1202 853">
     <span class='ocr_line' id='line_1_13' title="bbox 1059 796 1202 853; baseline 0.007 -3"><span class='ocrx_word' id='word_1_97' title='bbox 1059 796 1202 853; x_wconf 89' lang='lat' dir='ltr'><strong>ubcantor.</strong></span> 
     </span>
    </p>
   </div>
   <div class='ocr_carea' id='block_1_4' title="bbox 964 1060 1239 1208">
    <p class='ocr_par' dir='ltr' id='par_1_8' title="bbox 964 1060 1239 1208">
     <span class='ocr_line' id='line_1_14' title="bbox 965 1060 1239 1118; baseline 0.004 -2"><span class='ocrx_word' id='word_1_98' title='bbox 965 1060 1094 1117; x_wconf 77' lang='lat' dir='ltr'><strong>Amulius</strong></span> <span class='ocrx_word' id='word_1_99' title='bbox 1108 1062 1239 1118; x_wconf 88' lang='lat' dir='ltr'><strong>decanus.</strong></span> 
     </span>
     <span class='ocr_line' id='line_1_15' title="bbox 964 1150 1239 1208; baseline 0.007 -4"><span class='ocrx_word' id='word_1_100' title='bbox 964 1150 1120 1206; x_wconf 89' lang='lat' dir='ltr'><strong>Willelmus</strong></span> <span class='ocrx_word' id='word_1_101' title='bbox 1135 1159 1239 1208; x_wconf 89' lang='lat' dir='ltr'><strong>cantor.</strong></span> 
     </span>
    </p>
   </div>
   <div class='ocr_carea' id='block_1_5' title="bbox 112 1238 1327 1355">
    <p class='ocr_par' dir='ltr' id='par_1_9' title="bbox 112 1238 1327 1355">
     <span class='ocr_line' id='line_1_16' title="bbox 218 1238 1327 1298; baseline -0.002 -1"><span class='ocrx_word' id='word_1_102' title='bbox 218 1286 224 1297; x_wconf 92' lang='lat'><strong>.</strong></span> <span class='ocrx_word' id='word_1_103' title='bbox 463 1284 468 1295; x_wconf 96' lang='lat'><strong>.</strong></span> <span class='ocrx_word' id='word_1_104' title='bbox 711 1285 717 1296; x_wconf 93' lang='lat'><strong>.</strong></span> <span class='ocrx_word' id='word_1_105' title='bbox 865 1286 871 1298; x_wconf 89' lang='lat'><strong>.</strong></span> <span class='ocrx_word' id='word_1_106' title='bbox 964 1238 1203 1297; x_wconf 86' lang='lat' dir='ltr'><strong>llainocantorS.</strong></span> <span class='ocrx_word' id='word_1_107' title='bbox 1221 1240 1327 1295; x_wconf 80' lang='lat' dir='ltr'><strong>llilrrii.</strong></span> 
     </span>
     <span class='ocr_line' id='line_1_17' title="bbox 112 1284 910 1355; baseline 0 -12"><span class='ocrx_word' id='word_1_108' title='bbox 112 1284 298 1352; x_wconf 77' lang='lat' dir='ltr'><strong>concedimus,</strong></span> <span class='ocrx_word' id='word_1_109' title='bbox 327 1292 356 1338; x_wconf 92' lang='lat' dir='ltr'><strong>nt</strong></span> <span class='ocrx_word' id='word_1_110' title='bbox 384 1284 542 1355; x_wconf 85' lang='lat' dir='ltr'><strong>praedtrtum</strong></span> <span class='ocrx_word' id='word_1_111' title='bbox 572 1292 765 1340; x_wconf 75' lang='lat' dir='ltr'><strong>monesterium</strong></span> <span class='ocrx_word' id='word_1_112' title='bbox 799 1302 910 1343; x_wconf 88' lang='lat' dir='ltr'><strong>omnmo</strong></span> 
     </span>
    </p>
   </div>
   <div class='ocr_carea' id='block_1_6' title="bbox 112 1373 1477 1620">
    <p class='ocr_par' dir='ltr' id='par_1_10' title="bbox 112 1373 1477 1620">
     <span class='ocr_line' id='line_1_18' title="bbox 112 1373 1477 1452; baseline -0.006 -23"><span class='ocrx_word' id='word_1_113' title='bbox 112 1373 229 1430; x_wconf 88' lang='lat' dir='ltr'><strong>hbernm</strong></span> <span class='ocrx_word' id='word_1_114' title='bbox 254 1389 288 1428; x_wconf 82' lang='lat' dir='ltr'><strong>er</strong></span> <span class='ocrx_word' id='word_1_115' title='bbox 309 1379 404 1428; x_wconf 88' lang='lat' dir='ltr'><strong>nostra</strong></span> <span class='ocrx_word' id='word_1_116' title='bbox 432 1380 519 1443; x_wconf 87' lang='lat' dir='ltr'><strong>parte,</strong></span> <span class='ocrx_word' id='word_1_117' title='bbox 549 1381 575 1427; x_wconf 92' lang='lat' dir='ltr'><strong>et</strong></span> <span class='ocrx_word' id='word_1_118' title='bbox 600 1373 634 1428; x_wconf 91' lang='lat' dir='ltr'><strong>ab</strong></span> <span class='ocrx_word' id='word_1_119' title='bbox 650 1375 723 1428; x_wconf 91' lang='lat' dir='ltr'><strong>omni</strong></span> <span class='ocrx_word' id='word_1_120' title='bbox 740 1373 909 1443; x_wconf 76' lang='lat' dir='ltr'><strong>subiectione</strong></span> <span class='ocrx_word' id='word_1_121' title='bbox 1239 1395 1258 1450; x_wconf 61' lang='grc' dir='ltr'><em>Α</em></span> <span class='ocrx_word' id='word_1_122' title='bbox 1282 1395 1477 1452; x_wconf 42' lang='lat' dir='ltr'><strong><em>emmam·</em></strong></span> 
     </span>
     <span class='ocr_line' id='line_1_19' title="bbox 114 1459 908 1532; baseline 0 -13"><span class='ocrx_word' id='word_1_123' title='bbox 114 1462 269 1519; x_wconf 89' lang='lat' dir='ltr'><strong>absolutum</strong></span> <span class='ocrx_word' id='word_1_124' title='bbox 285 1459 479 1532; x_wconf 86' lang='lat' dir='ltr'><strong>perpetualiter</strong></span> <span class='ocrx_word' id='word_1_125' title='bbox 505 1461 611 1526; x_wconf 82' lang='lat' dir='ltr'><strong>existet,</strong></span> <span class='ocrx_word' id='word_1_126' title='bbox 629 1461 728 1517; x_wconf 88' lang='lat' dir='ltr'><strong>nullam</strong></span> <span class='ocrx_word' id='word_1_127' title='bbox 757 1462 836 1518; x_wconf 89' lang='lat' dir='ltr'><strong>nobis</strong></span> <span class='ocrx_word' id='word_1_128' title='bbox 863 1464 908 1520; x_wconf 85' lang='lat' dir='ltr'><strong>rel</strong></span> 
     </span>
     <span class='ocr_line' id='line_1_20' title="bbox 112 1535 1225 1620; baseline -0.005 -13"><span class='ocrx_word' id='word_1_129' title='bbox 112 1550 318 1608; x_wconf 87' lang='lat' dir='ltr'><strong>successorihus</strong></span> <span class='ocrx_word' id='word_1_130' title='bbox 334 1549 434 1604; x_wconf 89' lang='lat' dir='ltr'><strong>nostris</strong></span> <span class='ocrx_word' id='word_1_131' title='bbox 461 1558 631 1620; x_wconf 86' lang='lat' dir='ltr'><strong>potestatem,</strong></span> <span class='ocrx_word' id='word_1_132' title='bbox 649 1551 750 1606; x_wconf 89' lang='lat' dir='ltr'><strong>nullam</strong></span> <span class='ocrx_word' id='word_1_133' title='bbox 782 1551 910 1607; x_wconf 85' lang='lat' dir='ltr'><strong>domina·</strong></span> <span class='ocrx_word' id='word_1_134' title='bbox 963 1535 1104 1592; x_wconf 65' lang='lat' dir='ltr'><strong>Gssrflrduss</strong></span> <span class='ocrx_word' id='word_1_135' title='bbox 1119 1543 1225 1591; x_wconf 63' lang='lat' dir='ltr'><strong>clnior·</strong></span> 
     </span>
    </p>
   </div>
   <div class='ocr_carea' id='block_1_7' title="bbox 48 1624 1511 4199">
    <p class='ocr_par' dir='ltr' id='par_1_11' title="bbox 48 1624 1347 1885">
     <span class='ocr_line' id='line_1_21' title="bbox 113 1624 1249 1702; baseline -0.001 -5"><span class='ocrx_word' id='word_1_136' title='bbox 113 1641 212 1697; x_wconf 92' lang='lat' dir='ltr'><strong>tionem</strong></span> <span class='ocrx_word' id='word_1_137' title='bbox 227 1639 254 1693; x_wconf 92' lang='lat' dir='ltr'><strong>in</strong></span> <span class='ocrx_word' id='word_1_138' title='bbox 269 1654 303 1694; x_wconf 95' lang='lat' dir='ltr'><strong>eo</strong></span> <span class='ocrx_word' id='word_1_139' title='bbox 318 1638 389 1702; x_wconf 85' lang='lat' dir='ltr'><strong>loco,</strong></span> <span class='ocrx_word' id='word_1_140' title='bbox 415 1638 514 1694; x_wconf 86' lang='lat' dir='ltr'><strong>sivein</strong></span> <span class='ocrx_word' id='word_1_141' title='bbox 530 1639 726 1695; x_wconf 89' lang='lat' dir='ltr'><strong>habitatoribus</strong></span> <span class='ocrx_word' id='word_1_142' title='bbox 765 1640 817 1696; x_wconf 92' lang='lat' dir='ltr'><strong>loci</strong></span> <span class='ocrx_word' id='word_1_143' title='bbox 845 1642 907 1695; x_wconf 89' lang='lat' dir='ltr'><strong>reti·</strong></span> <span class='ocrx_word' id='word_1_144' title='bbox 965 1625 1100 1697; x_wconf 58' lang='lat' dir='ltr'><strong>¹¹¹d⁰i⁵l¹h</strong></span> <span class='ocrx_word' id='word_1_145' title='bbox 1118 1624 1249 1680; x_wconf 61' lang='grc' dir='ltr'><strong>Ῑὸῧθΐῑῦθ·</strong></span> 
     </span>
     <span class='ocr_line' id='line_1_22' title="bbox 111 1712 1347 1798; baseline -0.002 -13"><span class='ocrx_word' id='word_1_146' title='bbox 111 1727 278 1798; x_wconf 91' lang='lat' dir='ltr'><strong>nentes,sed</strong></span> <span class='ocrx_word' id='word_1_147' title='bbox 301 1727 341 1783; x_wconf 88' lang='lat' dir='ltr'><strong>eia</strong></span> <span class='ocrx_word' id='word_1_148' title='bbox 367 1725 493 1782; x_wconf 69' lang='lat' dir='ltr'><strong>fraternae</strong></span> <span class='ocrx_word' id='word_1_149' title='bbox 517 1727 658 1782; x_wconf 88' lang='lat' dir='ltr'><strong>charitatis</strong></span> <span class='ocrx_word' id='word_1_150' title='bbox 682 1728 826 1783; x_wconf 90' lang='lat' dir='ltr'><strong>consilinm</strong></span> <span class='ocrx_word' id='word_1_151' title='bbox 855 1745 906 1784; x_wconf 92' lang='lat' dir='ltr'><strong>an·</strong></span> <span class='ocrx_word' id='word_1_152' title='bbox 963 1712 1141 1770; x_wconf 67' lang='lat' dir='ltr'><strong>Elmessvlstss</strong></span> <span class='ocrx_word' id='word_1_153' title='bbox 1155 1712 1347 1771; x_wconf 58' lang='lat' dir='ltr'><strong>⁸⁰h0¹³⁵¹ivl¹i·</strong></span> 
     </span>
     <span class='ocr_line' id='line_1_23' title="bbox 48 1802 1140 1885; baseline -0.001 -10"><span class='ocrx_word' id='word_1_154' title='bbox 48 1819 51 1825; x_wconf 88' lang='lat'>&#39;</span> <span class='ocrx_word' id='word_1_155' title='bbox 110 1831 237 1885; x_wconf 91' lang='lat' dir='ltr'><strong>nuentes,</strong></span> <span class='ocrx_word' id='word_1_156' title='bbox 268 1824 295 1872; x_wconf 92' lang='lat' dir='ltr'><strong>et</strong></span> <span class='ocrx_word' id='word_1_157' title='bbox 320 1815 348 1870; x_wconf 92' lang='lat' dir='ltr'><strong>in</strong></span> <span class='ocrx_word' id='word_1_158' title='bbox 378 1831 428 1870; x_wconf 82' lang='lat' dir='ltr'><strong>sua</strong></span> <span class='ocrx_word' id='word_1_159' title='bbox 443 1816 609 1871; x_wconf 88' lang='lat' dir='ltr'><strong>necessitate</strong></span> <span class='ocrx_word' id='word_1_160' title='bbox 624 1824 724 1872; x_wconf 80' lang='lat' dir='ltr'><strong>nostrae</strong></span> <span class='ocrx_word' id='word_1_161' title='bbox 740 1817 907 1874; x_wconf 76' lang='lat' dir='ltr'><strong>auctoritatis</strong></span> <span class='ocrx_word' id='word_1_162' title='bbox 963 1802 1140 1858; x_wconf 62' lang='lat' dir='ltr'><strong>Msssssvlmvs·</strong></span> 
     </span>
    </p>

    <p class='ocr_par' dir='ltr' id='par_1_12' title="bbox 110 1891 1298 2158">
     <span class='ocr_line' id='line_1_24' title="bbox 111 1891 1298 1964; baseline -0.001 0"><span class='ocrx_word' id='word_1_163' title='bbox 111 1906 250 1964; x_wconf 80' lang='lat' dir='ltr'><strong>auxilium.</strong></span> <span class='ocrx_word' id='word_1_164' title='bbox 276 1904 459 1962; x_wconf 82' lang='lat' dir='ltr'><strong>Concedimus</strong></span> <span class='ocrx_word' id='word_1_165' title='bbox 501 1904 584 1960; x_wconf 89' lang='lat' dir='ltr'><strong>etiam</strong></span> <span class='ocrx_word' id='word_1_166' title='bbox 612 1905 701 1961; x_wconf 90' lang='lat' dir='ltr'><strong>eidem</strong></span> <span class='ocrx_word' id='word_1_167' title='bbox 743 1907 909 1963; x_wconf 85' lang='lat' dir='ltr'><strong>monasterio</strong></span> <span class='ocrx_word' id='word_1_168' title='bbox 962 1891 1298 1963; x_wconf 55' lang='lat' dir='ltr'><strong>Rainarduseahelvum·</strong></span> 
     </span>
     <span class='ocr_line' id='line_1_25' title="bbox 110 1980 1136 2070; baseline -0.003 -17"><span class='ocrx_word' id='word_1_169' title='bbox 110 1996 244 2070; x_wconf 85' lang='lat' dir='ltr'><strong>quidquid</strong></span> <span class='ocrx_word' id='word_1_170' title='bbox 274 1994 300 2049; x_wconf 94' lang='lat' dir='ltr'><strong>in</strong></span> <span class='ocrx_word' id='word_1_171' title='bbox 329 1994 490 2065; x_wconf 89' lang='lat' dir='ltr'><strong>episcopatu</strong></span> <span class='ocrx_word' id='word_1_172' title='bbox 507 2001 602 2049; x_wconf 91' lang='lat' dir='ltr'><strong>nostro</strong></span> <span class='ocrx_word' id='word_1_173' title='bbox 625 1993 707 2050; x_wconf 91' lang='lat' dir='ltr'><strong>hodie</strong></span> <span class='ocrx_word' id='word_1_174' title='bbox 720 1995 852 2065; x_wconf 90' lang='lat' dir='ltr'><strong>possidet,</strong></span> <span class='ocrx_word' id='word_1_175' title='bbox 883 2003 909 2051; x_wconf 89' lang='lat' dir='ltr'><strong>et</strong></span> <span class='ocrx_word' id='word_1_176' title='bbox 962 1980 1136 2037; x_wconf 55' lang='lat' dir='ltr'><strong>willelnus·</strong></span> 
     </span>
     <span class='ocr_line' id='line_1_26' title="bbox 111 2082 909 2158; baseline -0.003 -17"><span class='ocrx_word' id='word_1_177' title='bbox 111 2084 245 2158; x_wconf 87' lang='lat' dir='ltr'><strong>quidquid</strong></span> <span class='ocrx_word' id='word_1_178' title='bbox 272 2083 299 2138; x_wconf 91' lang='lat' dir='ltr'><strong>in</strong></span> <span class='ocrx_word' id='word_1_179' title='bbox 315 2083 405 2138; x_wconf 79' lang='lat' dir='ltr'><strong>tuturo</strong></span> <span class='ocrx_word' id='word_1_180' title='bbox 431 2082 505 2152; x_wconf 87' lang='lat' dir='ltr'><strong>juste</strong></span> <span class='ocrx_word' id='word_1_181' title='bbox 527 2082 791 2154; x_wconf 85' lang='lat' dir='ltr'><strong>acquirerepoterit,</strong></span> <span class='ocrx_word' id='word_1_182' title='bbox 820 2092 847 2138; x_wconf 90' lang='lat' dir='ltr'><strong>et</strong></span> <span class='ocrx_word' id='word_1_183' title='bbox 874 2100 909 2140; x_wconf 92' lang='lat' dir='ltr'><strong>ne</strong></span> 
     </span>
    </p>

    <p class='ocr_par' dir='ltr' id='par_1_13' title="bbox 112 2171 907 2246">
     <span class='ocr_line' id='line_1_27' title="bbox 112 2171 907 2246; baseline -0.003 -16"><span class='ocrx_word' id='word_1_184' title='bbox 112 2175 173 2246; x_wconf 86' lang='lat' dir='ltr'><strong>quis</strong></span> <span class='ocrx_word' id='word_1_185' title='bbox 183 2172 346 2238; x_wconf 85' lang='lat' dir='ltr'><strong>Ecclesiam,</strong></span> <span class='ocrx_word' id='word_1_186' title='bbox 361 2188 408 2227; x_wconf 89' lang='lat' dir='ltr'><strong>seu</strong></span> <span class='ocrx_word' id='word_1_187' title='bbox 433 2171 581 2243; x_wconf 85' lang='lat' dir='ltr'><strong>quamlibet</strong></span> <span class='ocrx_word' id='word_1_188' title='bbox 597 2172 726 2228; x_wconf 67' lang='lat' dir='ltr'><strong>Ecclesiae</strong></span> <span class='ocrx_word' id='word_1_189' title='bbox 752 2173 907 2243; x_wconf 88' lang='lat' dir='ltr'><strong>possessio·</strong></span> 
     </span>
    </p>

    <p class='ocr_par' dir='ltr' id='par_1_14' title="bbox 114 2261 1256 2326">
     <span class='ocr_line' id='line_1_28' title="bbox 114 2261 1256 2326; baseline -0.004 -6"><span class='ocrx_word' id='word_1_190' title='bbox 114 2280 177 2320; x_wconf 89' lang='lat' dir='ltr'><strong>nem</strong></span> <span class='ocrx_word' id='word_1_191' title='bbox 191 2264 219 2317; x_wconf 91' lang='lat' dir='ltr'><strong>in</strong></span> <span class='ocrx_word' id='word_1_192' title='bbox 233 2261 363 2318; x_wconf 92' lang='lat' dir='ltr'><strong>comitatu</strong></span> <span class='ocrx_word' id='word_1_193' title='bbox 378 2261 570 2317; x_wconf 76' lang='lat' dir='ltr'><strong>vindocinensi</strong></span> <span class='ocrx_word' id='word_1_194' title='bbox 585 2261 620 2317; x_wconf 90' lang='lat' dir='ltr'><strong>ad</strong></span> <span class='ocrx_word' id='word_1_195' title='bbox 636 2272 755 2316; x_wconf 90' lang='lat' dir='ltr'><strong>nostram</strong></span> <span class='ocrx_word' id='word_1_196' title='bbox 767 2262 908 2318; x_wconf 87' lang='lat' dir='ltr'><strong>dioecesim</strong></span> <span class='ocrx_word' id='word_1_197' title='bbox 963 2269 1256 2326; x_wconf 70' lang='lat' dir='ltr'><strong>Gaustennsdecanus,</strong></span> 
     </span>
    </p>

    <p class='ocr_par' dir='ltr' id='par_1_15' title="bbox 116 2349 1364 2430">
     <span class='ocr_line' id='line_1_29' title="bbox 116 2349 1364 2430; baseline -0.005 -21"><span class='ocrx_word' id='word_1_198' title='bbox 116 2353 296 2425; x_wconf 86' lang='lat' dir='ltr'><strong>pertinentem</strong></span> <span class='ocrx_word' id='word_1_199' title='bbox 325 2349 405 2406; x_wconf 85' lang='lat' dir='ltr'><strong>alteri</strong></span> <span class='ocrx_word' id='word_1_200' title='bbox 433 2350 599 2405; x_wconf 90' lang='lat' dir='ltr'><strong>monasterio</strong></span> <span class='ocrx_word' id='word_1_201' title='bbox 623 2350 676 2404; x_wconf 90' lang='lat' dir='ltr'><strong>nisi</strong></span> <span class='ocrx_word' id='word_1_202' title='bbox 715 2350 908 2407; x_wconf 83' lang='lat' dir='ltr'><strong>vindocinensi</strong></span> <span class='ocrx_word' id='word_1_203' title='bbox 963 2359 1364 2430; x_wconf 62' lang='lat' dir='ltr'><strong>pepngerjusarchipiaconus,</strong></span> 
     </span>
    </p>

    <p class='ocr_par' dir='ltr' id='par_1_16' title="bbox 112 2438 1347 2696">
     <span class='ocr_line' id='line_1_30' title="bbox 115 2438 1339 2511; baseline -0.003 -14"><span class='ocrx_word' id='word_1_204' title='bbox 115 2442 214 2498; x_wconf 91' lang='lat' dir='ltr'><strong>tribuat</strong></span> <span class='ocrx_word' id='word_1_205' title='bbox 243 2439 286 2495; x_wconf 84' lang='lat' dir='ltr'><strong>rel</strong></span> <span class='ocrx_word' id='word_1_206' title='bbox 312 2438 455 2504; x_wconf 89' lang='lat' dir='ltr'><strong>concedat,</strong></span> <span class='ocrx_word' id='word_1_207' title='bbox 480 2438 667 2510; x_wconf 90' lang='lat' dir='ltr'><strong>prohibemus.</strong></span> <span class='ocrx_word' id='word_1_208' title='bbox 693 2438 772 2508; x_wconf 83' lang='lat' dir='ltr'><strong>erod</strong></span> <span class='ocrx_word' id='word_1_209' title='bbox 798 2440 909 2511; x_wconf 78' lang='lat' dir='ltr'><strong>quidem</strong></span> <span class='ocrx_word' id='word_1_210' title='bbox 963 2448 1122 2504; x_wconf 59' lang='lat' dir='ltr'><strong>pernhardus</strong></span> <span class='ocrx_word' id='word_1_211' title='bbox 1138 2448 1339 2503; x_wconf 60' lang='lat' dir='ltr'><strong>thesaurarius,</strong></span> 
     </span>
     <span class='ocr_line' id='line_1_31' title="bbox 113 2526 1347 2594; baseline -0.005 -5"><span class='ocrx_word' id='word_1_212' title='bbox 113 2529 300 2589; x_wconf 81' lang='lat' dir='ltr'><strong>concessionis</strong></span> <span class='ocrx_word' id='word_1_213' title='bbox 315 2536 341 2584; x_wconf 89' lang='lat' dir='ltr'><strong>et</strong></span> <span class='ocrx_word' id='word_1_214' title='bbox 355 2528 487 2583; x_wconf 76' lang='lat' dir='ltr'><strong>libertatis</strong></span> <span class='ocrx_word' id='word_1_215' title='bbox 515 2526 716 2583; x_wconf 82' lang='lat' dir='ltr'><strong>firmamentum</strong></span> <span class='ocrx_word' id='word_1_216' title='bbox 744 2537 772 2583; x_wconf 95' lang='lat' dir='ltr'><strong>ut</strong></span> <span class='ocrx_word' id='word_1_217' title='bbox 787 2529 910 2585; x_wconf 86' lang='lat' dir='ltr'><strong>rcrncins</strong></span> <span class='ocrx_word' id='word_1_218' title='bbox 964 2537 1111 2592; x_wconf 60' lang='lat' dir='ltr'><strong>pateremus</strong></span> <span class='ocrx_word' id='word_1_219' title='bbox 1127 2537 1347 2594; x_wconf 67' lang='lat' dir='ltr'><strong>archidiaconus,</strong></span> 
     </span>
     <span class='ocr_line' id='line_1_32' title="bbox 112 2615 1276 2696; baseline -0.005 -20"><span class='ocrx_word' id='word_1_220' title='bbox 112 2628 300 2693; x_wconf 86' lang='lat' dir='ltr'><strong>pertempora</strong></span> <span class='ocrx_word' id='word_1_221' title='bbox 323 2632 481 2673; x_wconf 82' lang='lat' dir='ltr'><strong>successura</strong></span> <span class='ocrx_word' id='word_1_222' title='bbox 497 2617 634 2683; x_wconf 90' lang='lat' dir='ltr'><strong>credatur,</strong></span> <span class='ocrx_word' id='word_1_223' title='bbox 656 2615 815 2689; x_wconf 84' lang='lat' dir='ltr'><strong>firmiusque</strong></span> <span class='ocrx_word' id='word_1_224' title='bbox 840 2633 908 2673; x_wconf 88' lang='lat' dir='ltr'><strong>con·</strong></span> <span class='ocrx_word' id='word_1_225' title='bbox 963 2626 1089 2682; x_wconf 54' lang='lat' dir='ltr'><strong>Fulmina</strong></span> <span class='ocrx_word' id='word_1_226' title='bbox 1104 2625 1276 2696; x_wconf 66' lang='lat' dir='ltr'><strong>capellanus,</strong></span> 
     </span>
    </p>

    <p class='ocr_par' dir='ltr' id='par_1_17' title="bbox 113 2705 1286 2778">
     <span class='ocr_line' id='line_1_33' title="bbox 113 2705 1286 2778; baseline -0.005 -12"><span class='ocrx_word' id='word_1_227' title='bbox 113 2717 250 2772; x_wconf 88' lang='lat' dir='ltr'><strong>servetur,</strong></span> <span class='ocrx_word' id='word_1_228' title='bbox 276 2715 437 2778; x_wconf 70' lang='lat' dir='ltr'><strong>presentem</strong></span> <span class='ocrx_word' id='word_1_229' title='bbox 466 2705 590 2761; x_wconf 88' lang='lat' dir='ltr'><strong>chartam</strong></span> <span class='ocrx_word' id='word_1_230' title='bbox 616 2706 751 2760; x_wconf 86' lang='lat' dir='ltr'><strong>conscribi</strong></span> <span class='ocrx_word' id='word_1_231' title='bbox 767 2706 908 2774; x_wconf 86' lang='lat' dir='ltr'><strong>jussimus,</strong></span> <span class='ocrx_word' id='word_1_232' title='bbox 962 2714 1286 2771; x_wconf 51' lang='lat' dir='ltr'><strong>Jonnnesgchotnsricus.</strong></span> 
     </span>
    </p>

    <p class='ocr_par' dir='ltr' id='par_1_18' title="bbox 113 2792 1209 2874">
     <span class='ocr_line' id='line_1_34' title="bbox 113 2792 1209 2874; baseline -0.006 -19"><span class='ocrx_word' id='word_1_233' title='bbox 113 2807 140 2855; x_wconf 92' lang='lat' dir='ltr'><strong>et</strong></span> <span class='ocrx_word' id='word_1_234' title='bbox 154 2799 182 2853; x_wconf 90' lang='lat' dir='ltr'><strong>in</strong></span> <span class='ocrx_word' id='word_1_235' title='bbox 196 2795 289 2853; x_wconf 89' lang='lat' dir='ltr'><strong>auditu</strong></span> <span class='ocrx_word' id='word_1_236' title='bbox 303 2793 444 2867; x_wconf 88' lang='lat' dir='ltr'><strong>popularis</strong></span> <span class='ocrx_word' id='word_1_237' title='bbox 458 2792 618 2865; x_wconf 74' lang='lat' dir='ltr'><strong>frequentin</strong></span> <span class='ocrx_word' id='word_1_238' title='bbox 640 2795 756 2860; x_wconf 87' lang='lat' dir='ltr'><strong>recitari,</strong></span> <span class='ocrx_word' id='word_1_239' title='bbox 773 2804 800 2851; x_wconf 85' lang='lat' dir='ltr'><strong>et</strong></span> <span class='ocrx_word' id='word_1_240' title='bbox 813 2810 909 2851; x_wconf 89' lang='lat' dir='ltr'><strong>omues</strong></span> <span class='ocrx_word' id='word_1_241' title='bbox 963 2802 1117 2859; x_wconf 57' lang='lat' dir='ltr'><strong>enucleans</strong></span> <span class='ocrx_word' id='word_1_242' title='bbox 1131 2820 1209 2874; x_wconf 70' lang='lat' dir='ltr'><strong>puer,</strong></span> 
     </span>
    </p>

    <p class='ocr_par' dir='ltr' id='par_1_19' title="bbox 113 2882 1201 2962">
     <span class='ocr_line' id='line_1_35' title="bbox 113 2882 1201 2962; baseline 0.004 -18"><span class='ocrx_word' id='word_1_243' title='bbox 113 2898 168 2945; x_wconf 92' lang='lat' dir='ltr'><strong>tam</strong></span> <span class='ocrx_word' id='word_1_244' title='bbox 197 2883 392 2943; x_wconf 76' lang='lat' dir='ltr'><strong>ecelesiastica</strong></span> <span class='ocrx_word' id='word_1_245' title='bbox 427 2898 509 2956; x_wconf 81' lang='lat' dir='ltr'><strong>quarn</strong></span> <span class='ocrx_word' id='word_1_246' title='bbox 537 2882 681 2939; x_wconf 61' lang='lat' dir='ltr'><strong>saecularis</strong></span> <span class='ocrx_word' id='word_1_247' title='bbox 718 2883 819 2939; x_wconf 76' lang='lat' dir='ltr'><strong>militiae</strong></span> <span class='ocrx_word' id='word_1_248' title='bbox 847 2884 909 2938; x_wconf 91' lang='lat' dir='ltr'><strong>huic</strong></span> <span class='ocrx_word' id='word_1_249' title='bbox 963 2892 1111 2947; x_wconf 72' lang='lat' dir='ltr'><strong>tlarrlridus</strong></span> <span class='ocrx_word' id='word_1_250' title='bbox 1122 2908 1201 2962; x_wconf 88' lang='lat' dir='ltr'><strong>puer.</strong></span> 
     </span>
    </p>

    <p class='ocr_par' dir='ltr' id='par_1_20' title="bbox 111 2972 1265 3043">
     <span class='ocr_line' id='line_1_36' title="bbox 111 2972 1265 3043; baseline -0.007 -8"><span class='ocrx_word' id='word_1_251' title='bbox 111 2984 215 3035; x_wconf 83' lang='lat' dir='ltr'><strong>nostrae</strong></span> <span class='ocrx_word' id='word_1_252' title='bbox 228 2974 328 3030; x_wconf 87' lang='lat' dir='ltr'><strong>actioni</strong></span> <span class='ocrx_word' id='word_1_253' title='bbox 352 2972 503 3040; x_wconf 79' lang='lat' dir='ltr'><strong>obviantes,</strong></span> <span class='ocrx_word' id='word_1_254' title='bbox 534 2972 587 3027; x_wconf 87' lang='lat' dir='ltr'><strong>uisi</strong></span> <span class='ocrx_word' id='word_1_255' title='bbox 614 2972 715 3043; x_wconf 82' lang='lat' dir='ltr'><strong>dignos</strong></span> <span class='ocrx_word' id='word_1_256' title='bbox 744 2972 908 3043; x_wconf 73' lang='lat' dir='ltr'><strong>punitentia</strong></span> <span class='ocrx_word' id='word_1_257' title='bbox 963 2982 1058 3037; x_wconf 66' lang='lat' dir='ltr'><strong>Petrus</strong></span> <span class='ocrx_word' id='word_1_258' title='bbox 1073 2981 1265 3037; x_wconf 66' lang='lat' dir='ltr'><strong>subdiaconus,</strong></span> 
     </span>
    </p>

    <p class='ocr_par' dir='ltr' id='par_1_21' title="bbox 113 3025 1396 3138">
     <span class='ocr_line' id='line_1_37' title="bbox 113 3025 1396 3138; baseline -0.005 -16"><span class='ocrx_word' id='word_1_259' title='bbox 113 3083 197 3138; x_wconf 89' lang='lat' dir='ltr'><strong>super</strong></span> <span class='ocrx_word' id='word_1_260' title='bbox 209 3066 260 3120; x_wconf 91' lang='lat' dir='ltr'><strong>hoc</strong></span> <span class='ocrx_word' id='word_1_261' title='bbox 274 3062 388 3119; x_wconf 86' lang='lat' dir='ltr'><strong>iecerint</strong></span> <span class='ocrx_word' id='word_1_262' title='bbox 416 3060 527 3128; x_wconf 83' lang='lat' dir='ltr'><strong>lrrretus,</strong></span> <span class='ocrx_word' id='word_1_263' title='bbox 543 3061 653 3133; x_wconf 82' lang='lat' dir='ltr'><strong>publiea</strong></span> <span class='ocrx_word' id='word_1_264' title='bbox 681 3025 948 3119; x_wconf 76' lang='lat' dir='ltr'><strong>excommunica·C</strong></span> <span class='ocrx_word' id='word_1_265' title='bbox 1392 3128 1396 3138; x_wconf 31' lang='grc' dir='ltr'>Ι</span> 
     </span>
    </p>

    <p class='ocr_par' dir='ltr' id='par_1_22' title="bbox 110 3126 1468 3325">
     <span class='ocr_line' id='line_1_38' title="bbox 112 3126 1468 3222; baseline -0.01 -11"><span class='ocrx_word' id='word_1_266' title='bbox 112 3157 186 3211; x_wconf 90' lang='lat' dir='ltr'><strong>tione</strong></span> <span class='ocrx_word' id='word_1_267' title='bbox 199 3152 402 3209; x_wconf 84' lang='lat' dir='ltr'><strong>damnavimus.</strong></span> <span class='ocrx_word' id='word_1_268' title='bbox 435 3151 562 3205; x_wconf 87' lang='lat' dir='ltr'><strong>Chartam</strong></span> <span class='ocrx_word' id='word_1_269' title='bbox 586 3150 667 3204; x_wconf 85' lang='lat' dir='ltr'><strong>etiam</strong></span> <span class='ocrx_word' id='word_1_270' title='bbox 688 3150 767 3205; x_wconf 89' lang='lat' dir='ltr'><strong>istnm</strong></span> <span class='ocrx_word' id='word_1_271' title='bbox 791 3151 909 3222; x_wconf 89' lang='lat' dir='ltr'><strong>propriis</strong></span> <span class='ocrx_word' id='word_1_272' title='bbox 1247 3126 1285 3183; x_wconf 61' lang='lat' dir='ltr'><strong>Ab</strong></span> <span class='ocrx_word' id='word_1_273' title='bbox 1304 3127 1468 3197; x_wconf 64' lang='lat' dir='ltr'><strong>¹²²d⁰1²⁸m⁰·</strong></span> 
     </span>
     <span class='ocr_line' id='line_1_39' title="bbox 110 3238 1359 3325; baseline -0.005 -26"><span class='ocrx_word' id='word_1_274' title='bbox 110 3242 237 3299; x_wconf 89' lang='lat' dir='ltr'><strong>manibus</strong></span> <span class='ocrx_word' id='word_1_275' title='bbox 251 3239 390 3312; x_wconf 89' lang='lat' dir='ltr'><strong>posuimus</strong></span> <span class='ocrx_word' id='word_1_276' title='bbox 410 3254 493 3309; x_wconf 88' lang='lat' dir='ltr'><strong>snper</strong></span> <span class='ocrx_word' id='word_1_277' title='bbox 505 3239 590 3294; x_wconf 91' lang='lat' dir='ltr'><strong>altare</strong></span> <span class='ocrx_word' id='word_1_278' title='bbox 619 3238 825 3295; x_wconf 88' lang='lat' dir='ltr'><strong>vindocinensis</strong></span> <span class='ocrx_word' id='word_1_279' title='bbox 848 3255 908 3295; x_wconf 92' lang='lat' dir='ltr'><strong>mo·</strong></span> <span class='ocrx_word' id='word_1_280' title='bbox 962 3266 1123 3323; x_wconf 60' lang='lat' dir='ltr'><strong>Gufflelmus</strong></span> <span class='ocrx_word' id='word_1_281' title='bbox 1137 3267 1359 3325; x_wconf 45' lang='lat' dir='ltr'><strong>archidiaconus·</strong></span> 
     </span>
    </p>

    <p class='ocr_par' dir='ltr' id='par_1_23' title="bbox 111 3326 1273 3429">
     <span class='ocr_line' id='line_1_40' title="bbox 111 3326 1273 3429; baseline -0.004 -43"><span class='ocrx_word' id='word_1_282' title='bbox 111 3329 230 3397; x_wconf 86' lang='lat' dir='ltr'><strong>nasterii,</strong></span> <span class='ocrx_word' id='word_1_283' title='bbox 248 3329 274 3383; x_wconf 89' lang='lat' dir='ltr'><strong>in</strong></span> <span class='ocrx_word' id='word_1_284' title='bbox 290 3327 398 3401; x_wconf 69' lang='lat' dir='ltr'><strong>signum</strong></span> <span class='ocrx_word' id='word_1_285' title='bbox 410 3333 438 3382; x_wconf 90' lang='lat' dir='ltr'><strong>et</strong></span> <span class='ocrx_word' id='word_1_286' title='bbox 457 3327 641 3382; x_wconf 88' lang='lat' dir='ltr'><strong>testimouium</strong></span> <span class='ocrx_word' id='word_1_287' title='bbox 667 3335 807 3397; x_wconf 82' lang='lat' dir='ltr'><strong>perpetum</strong></span> <span class='ocrx_word' id='word_1_288' title='bbox 821 3326 907 3383; x_wconf 87' lang='lat' dir='ltr'><strong>liber·</strong></span> <span class='ocrx_word' id='word_1_289' title='bbox 962 3357 1091 3413; x_wconf 51' lang='lat' dir='ltr'><strong>vivianus</strong></span> <span class='ocrx_word' id='word_1_290' title='bbox 1105 3356 1273 3429; x_wconf 41' lang='lat' dir='ltr'><strong>campanus·</strong></span> 
     </span>
    </p>

    <p class='ocr_par' dir='ltr' id='par_1_24' title="bbox 111 3416 907 3486">
     <span class='ocr_line' id='line_1_41' title="bbox 111 3416 907 3486; baseline -0.001 -13"><span class='ocrx_word' id='word_1_291' title='bbox 111 3420 183 3474; x_wconf 88' lang='lat' dir='ltr'><strong>tatis.</strong></span> <span class='ocrx_word' id='word_1_292' title='bbox 199 3417 284 3486; x_wconf 85' lang='lat' dir='ltr'><strong>llujus</strong></span> <span class='ocrx_word' id='word_1_293' title='bbox 298 3422 388 3471; x_wconf 87' lang='lat' dir='ltr'><strong>autem</strong></span> <span class='ocrx_word' id='word_1_294' title='bbox 405 3418 443 3471; x_wconf 90' lang='lat' dir='ltr'><strong>rei</strong></span> <span class='ocrx_word' id='word_1_295' title='bbox 458 3424 606 3471; x_wconf 89' lang='lat' dir='ltr'><strong>assertores</strong></span> <span class='ocrx_word' id='word_1_296' title='bbox 627 3422 653 3470; x_wconf 95' lang='lat' dir='ltr'><strong>et</strong></span> <span class='ocrx_word' id='word_1_297' title='bbox 668 3423 751 3471; x_wconf 89' lang='lat' dir='ltr'><strong>testes</strong></span> <span class='ocrx_word' id='word_1_298' title='bbox 766 3416 907 3472; x_wconf 89' lang='lat' dir='ltr'><strong>nobiscum</strong></span> 
     </span>
    </p>

    <p class='ocr_par' dir='ltr' id='par_1_25' title="bbox 112 3501 1511 3652">
     <span class='ocr_line' id='line_1_42' title="bbox 112 3501 1511 3595; baseline -0.004 -32"><span class='ocrx_word' id='word_1_299' title='bbox 112 3508 221 3563; x_wconf 83' lang='lat' dir='ltr'><strong>luerunt</strong></span> <span class='ocrx_word' id='word_1_300' title='bbox 234 3501 408 3560; x_wconf 86' lang='lat' dir='ltr'><strong>honorabiles</strong></span> <span class='ocrx_word' id='word_1_301' title='bbox 423 3519 546 3575; x_wconf 77' lang='lat' dir='ltr'><strong>personae</strong></span> <span class='ocrx_word' id='word_1_302' title='bbox 559 3503 760 3574; x_wconf 90' lang='lat' dir='ltr'><strong>episcoporum,</strong></span> <span class='ocrx_word' id='word_1_303' title='bbox 777 3504 906 3560; x_wconf 88' lang='lat' dir='ltr'><strong>abbatum</strong></span> <span class='ocrx_word' id='word_1_304' title='bbox 1191 3537 1210 3592; x_wconf 57' lang='grc' dir='ltr'><strong><em>Α</em></strong></span> <span class='ocrx_word' id='word_1_305' title='bbox 1232 3537 1366 3595; x_wconf 68' lang='lat' dir='ltr'><strong>sinum</strong></span> <span class='ocrx_word' id='word_1_306' title='bbox 1384 3538 1511 3595; x_wconf 45' lang='lat' dir='ltr'><strong><em>civitate·</em></strong></span> 
     </span>
     <span class='ocr_line' id='line_1_43' title="bbox 112 3593 323 3652; baseline -0.014 -1"><span class='ocrx_word' id='word_1_307' title='bbox 112 3603 138 3651; x_wconf 92' lang='lat' dir='ltr'><strong>ct</strong></span> <span class='ocrx_word' id='word_1_308' title='bbox 153 3593 323 3652; x_wconf 90' lang='lat' dir='ltr'><strong>clericorum.</strong></span> 
     </span>
    </p>

    <p class='ocr_par' dir='ltr' id='par_1_26' title="bbox 111 3675 1325 3753">
     <span class='ocr_line' id='line_1_44' title="bbox 111 3675 1325 3753; baseline -0.002 -14"><span class='ocrx_word' id='word_1_309' title='bbox 111 3683 243 3739; x_wconf 81' lang='lat' dir='ltr'><strong>Arnullus</strong></span> <span class='ocrx_word' id='word_1_310' title='bbox 253 3682 419 3738; x_wconf 89' lang='lat' dir='ltr'><strong>Turonorum</strong></span> <span class='ocrx_word' id='word_1_311' title='bbox 430 3681 653 3753; x_wconf 83' lang='lat' dir='ltr'><strong>archiepiscopus</strong></span> <span class='ocrx_word' id='word_1_312' title='bbox 960 3675 1091 3732; x_wconf 86' lang='lat' dir='ltr'><strong>Ranullus</strong></span> <span class='ocrx_word' id='word_1_313' title='bbox 1106 3678 1325 3736; x_wconf 87' lang='lat' dir='ltr'><strong>archidiaconus.</strong></span> 
     </span>
    </p>

    <p class='ocr_par' dir='ltr' id='par_1_27' title="bbox 111 3765 1406 3931">
     <span class='ocr_line' id='line_1_45' title="bbox 111 3765 1406 3841; baseline -0.004 -13"><span class='ocrx_word' id='word_1_314' title='bbox 111 3771 280 3829; x_wconf 88' lang='lat' dir='ltr'><strong>lsembertus</strong></span> <span class='ocrx_word' id='word_1_315' title='bbox 296 3772 467 3827; x_wconf 78' lang='lat' dir='ltr'><strong>victurorum</strong></span> <span class='ocrx_word' id='word_1_316' title='bbox 483 3770 640 3841; x_wconf 88' lang='lat' dir='ltr'><strong>episcopus.</strong></span> <span class='ocrx_word' id='word_1_317' title='bbox 961 3765 1326 3824; x_wconf 81' lang='lat' dir='ltr'><strong>hebaldusarehidiaconus.</strong></span> <span class='ocrx_word' id='word_1_318' title='bbox 1401 3789 1406 3804; x_wconf 85' lang='lat'><strong>·</strong></span> 
     </span>
     <span class='ocr_line' id='line_1_46' title="bbox 111 3859 612 3931; baseline 0 -15"><span class='ocrx_word' id='word_1_319' title='bbox 111 3860 257 3918; x_wconf 85' lang='lat' dir='ltr'><strong>Gervasius</strong></span> <span class='ocrx_word' id='word_1_320' title='bbox 271 3859 486 3916; x_wconf 84' lang='lat' dir='ltr'><strong>Cenomanensis</strong></span> <span class='ocrx_word' id='word_1_321' title='bbox 501 3859 612 3931; x_wconf 73' lang='lat' dir='ltr'><strong>praesul.</strong></span> 
     </span>
    </p>

    <p class='ocr_par' dir='ltr' id='par_1_28' title="bbox 110 3946 1497 4199">
     <span class='ocr_line' id='line_1_47' title="bbox 110 3946 1497 4020; baseline -0.002 -15"><span class='ocrx_word' id='word_1_322' title='bbox 110 3951 247 4005; x_wconf 88' lang='lat' dir='ltr'><strong>Hubertus</strong></span> <span class='ocrx_word' id='word_1_323' title='bbox 260 3948 378 4020; x_wconf 81' lang='lat' dir='ltr'><strong>pontifex</strong></span> <span class='ocrx_word' id='word_1_324' title='bbox 390 3948 610 4020; x_wconf 78' lang='lat' dir='ltr'><strong>hndegavensis.</strong></span> <span class='ocrx_word' id='word_1_325' title='bbox 1212 3946 1332 4002; x_wconf 79' lang='lat' dir='ltr'><strong>Nomina</strong></span> <span class='ocrx_word' id='word_1_326' title='bbox 1351 3947 1497 4004; x_wconf 84' lang='lat' dir='ltr'><strong>abbatum.</strong></span> 
     </span>
     <span class='ocr_line' id='line_1_48' title="bbox 110 4036 591 4112; baseline -0.006 -18"><span class='ocrx_word' id='word_1_327' title='bbox 110 4038 243 4095; x_wconf 89' lang='lat' dir='ltr'><strong>Geraldus</strong></span> <span class='ocrx_word' id='word_1_328' title='bbox 254 4036 460 4112; x_wconf 78' lang='lat' dir='ltr'><strong>ingolismensis</strong></span> <span class='ocrx_word' id='word_1_329' title='bbox 476 4038 591 4109; x_wconf 80' lang='lat' dir='ltr'><strong>praesul.</strong></span> 
     </span>
     <span class='ocr_line' id='line_1_49' title="bbox 111 4127 609 4199; baseline 0.002 -17"><span class='ocrx_word' id='word_1_330' title='bbox 111 4127 253 4183; x_wconf 79' lang='lat' dir='ltr'><strong>amelinus</strong></span> <span class='ocrx_word' id='word_1_331' title='bbox 268 4127 436 4183; x_wconf 71' lang='lat' dir='ltr'><strong>albiensium</strong></span> <span class='ocrx_word' id='word_1_332' title='bbox 451 4127 609 4199; x_wconf 88' lang='lat' dir='ltr'><strong>episcopus.</strong></span> 
     </span>
    </p>
   </div>
   <div class='ocr_carea' id='block_1_8' title="bbox 1194 2124 1529 2197">
    <p class='ocr_par' dir='ltr' id='par_1_29' title="bbox 1194 2124 1529 2197">
     <span class='ocr_line' id='line_1_50' title="bbox 1194 2124 1529 2197; baseline 0.003 -17"><span class='ocrx_word' id='word_1_333' title='bbox 1194 2125 1213 2180; x_wconf 79' lang='lat' dir='ltr'><strong>d</strong></span> <span class='ocrx_word' id='word_1_334' title='bbox 1234 2125 1352 2180; x_wconf 82' lang='lat' dir='ltr'><strong>ciuitate</strong></span> <span class='ocrx_word' id='word_1_335' title='bbox 1370 2124 1529 2197; x_wconf 76' lang='lat' dir='ltr'><strong>Arrdepouo.</strong></span> 
     </span>
    </p>
   </div>
   <div class='ocr_carea' id='block_1_9' title="bbox 105 4084 1492 5747">
    <p class='ocr_par' dir='ltr' id='par_1_30' title="bbox 348 4084 1492 5297">
     <span class='ocr_line' id='line_1_51' title="bbox 960 4084 1492 4157; baseline 0.009 -18"><span class='ocrx_word' id='word_1_336' title='bbox 960 4084 1083 4157; x_wconf 78' lang='lat' dir='ltr'><strong>Hugode</strong></span> <span class='ocrx_word' id='word_1_337' title='bbox 1098 4085 1129 4141; x_wconf 93' lang='lat' dir='ltr'><strong>S.</strong></span> <span class='ocrx_word' id='word_1_338' title='bbox 1149 4085 1287 4144; x_wconf 88' lang='lat' dir='ltr'><strong>Salvatore</strong></span> <span class='ocrx_word' id='word_1_339' title='bbox 1303 4087 1394 4145; x_wconf 83' lang='lat' dir='ltr'><strong>Karoh</strong></span> <span class='ocrx_word' id='word_1_340' title='bbox 1410 4090 1492 4144; x_wconf 88' lang='lat' dir='ltr'><strong>abba.</strong></span> 
     </span>
     <span class='ocr_line' id='line_1_52' title="bbox 959 4174 1380 4234; baseline 0.012 -5"><span class='ocrx_word' id='word_1_341' title='bbox 959 4174 1122 4232; x_wconf 82' lang='lat' dir='ltr'><strong>Fredericus</strong></span> <span class='ocrx_word' id='word_1_342' title='bbox 1136 4175 1171 4231; x_wconf 91' lang='lat' dir='ltr'><strong>de</strong></span> <span class='ocrx_word' id='word_1_343' title='bbox 1187 4176 1217 4232; x_wconf 89' lang='lat' dir='ltr'><strong>S.</strong></span> <span class='ocrx_word' id='word_1_344' title='bbox 1235 4176 1380 4234; x_wconf 79' lang='lat' dir='ltr'><strong>Florentio.</strong></span> 
     </span>
     <span class='ocr_line' id='line_1_53' title="bbox 959 4262 1329 4322; baseline 0.008 -4"><span class='ocrx_word' id='word_1_345' title='bbox 959 4262 1109 4320; x_wconf 84' lang='lat' dir='ltr'><strong>Walterius</strong></span> <span class='ocrx_word' id='word_1_346' title='bbox 1122 4264 1156 4320; x_wconf 90' lang='lat' dir='ltr'><strong>de</strong></span> <span class='ocrx_word' id='word_1_347' title='bbox 1173 4265 1201 4320; x_wconf 92' lang='lat' dir='ltr'><strong>S.</strong></span> <span class='ocrx_word' id='word_1_348' title='bbox 1217 4266 1329 4322; x_wconf 78' lang='lat' dir='ltr'><strong>Albino.</strong></span> 
     </span>
     <span class='ocr_line' id='line_1_54' title="bbox 958 4350 1341 4410; baseline 0.008 -4"><span class='ocrx_word' id='word_1_349' title='bbox 958 4350 1101 4408; x_wconf 86' lang='lat' dir='ltr'><strong>Ebrardus</strong></span> <span class='ocrx_word' id='word_1_350' title='bbox 1113 4352 1149 4408; x_wconf 87' lang='lat' dir='ltr'><strong>de</strong></span> <span class='ocrx_word' id='word_1_351' title='bbox 1164 4354 1192 4409; x_wconf 88' lang='lat' dir='ltr'><strong>S.</strong></span> <span class='ocrx_word' id='word_1_352' title='bbox 1209 4354 1341 4410; x_wconf 84' lang='lat' dir='ltr'><strong>Karileio.</strong></span> 
     </span>
     <span class='ocr_line' id='line_1_55' title="bbox 958 4441 1423 4502; baseline 0.015 -7"><span class='ocrx_word' id='word_1_353' title='bbox 958 4441 1108 4497; x_wconf 83' lang='lat' dir='ltr'><strong>hendricus</strong></span> <span class='ocrx_word' id='word_1_354' title='bbox 1122 4441 1156 4498; x_wconf 88' lang='lat' dir='ltr'><strong>de</strong></span> <span class='ocrx_word' id='word_1_355' title='bbox 1173 4441 1202 4500; x_wconf 88' lang='lat' dir='ltr'><strong>S.</strong></span> <span class='ocrx_word' id='word_1_356' title='bbox 1218 4443 1297 4499; x_wconf 90' lang='lat' dir='ltr'><strong>Petro</strong></span> <span class='ocrx_word' id='word_1_357' title='bbox 1313 4444 1423 4502; x_wconf 85' lang='lat' dir='ltr'><strong>Carnot.</strong></span> 
     </span>
     <span class='ocr_line' id='line_1_56' title="bbox 956 4529 1349 4589; baseline 0.01 -5"><span class='ocrx_word' id='word_1_358' title='bbox 956 4529 1104 4585; x_wconf 87' lang='lat' dir='ltr'><strong>Durandus</strong></span> <span class='ocrx_word' id='word_1_359' title='bbox 1118 4530 1153 4587; x_wconf 90' lang='lat' dir='ltr'><strong>de</strong></span> <span class='ocrx_word' id='word_1_360' title='bbox 1168 4531 1196 4586; x_wconf 88' lang='lat' dir='ltr'><strong>S.</strong></span> <span class='ocrx_word' id='word_1_361' title='bbox 1211 4531 1349 4589; x_wconf 92' lang='lat' dir='ltr'><strong>Gildasio.</strong></span> 
     </span>
     <span class='ocr_line' id='line_1_57' title="bbox 955 4618 1306 4676; baseline 0.009 -3"><span class='ocrx_word' id='word_1_362' title='bbox 955 4618 1085 4674; x_wconf 86' lang='lat' dir='ltr'><strong>Salomon</strong></span> <span class='ocrx_word' id='word_1_363' title='bbox 1100 4619 1134 4674; x_wconf 92' lang='lat' dir='ltr'><strong>de</strong></span> <span class='ocrx_word' id='word_1_364' title='bbox 1149 4620 1306 4676; x_wconf 86' lang='lat' dir='ltr'><strong>Bonaralle.</strong></span> 
     </span>
     <span class='ocr_line' id='line_1_58' title="bbox 957 4706 1317 4780; baseline 0.017 -20"><span class='ocrx_word' id='word_1_365' title='bbox 957 4707 1035 4780; x_wconf 81' lang='lat' dir='ltr'><strong>llugo</strong></span> <span class='ocrx_word' id='word_1_366' title='bbox 1051 4706 1207 4779; x_wconf 81' lang='lat' dir='ltr'><strong>Longiledii</strong></span> <span class='ocrx_word' id='word_1_367' title='bbox 1221 4709 1317 4766; x_wconf 90' lang='lat' dir='ltr'><strong>abbas.</strong></span> 
     </span>
     <span class='ocr_line' id='line_1_59' title="bbox 955 4795 1263 4854; baseline 0.013 -4"><span class='ocrx_word' id='word_1_368' title='bbox 955 4795 1043 4851; x_wconf 82' lang='lat' dir='ltr'><strong>Eulco</strong></span> <span class='ocrx_word' id='word_1_369' title='bbox 1056 4796 1091 4851; x_wconf 90' lang='lat' dir='ltr'><strong>de</strong></span> <span class='ocrx_word' id='word_1_370' title='bbox 1106 4796 1134 4851; x_wconf 91' lang='lat' dir='ltr'><strong>S.</strong></span> <span class='ocrx_word' id='word_1_371' title='bbox 1150 4797 1263 4854; x_wconf 84' lang='lat' dir='ltr'><strong>loanne.</strong></span> 
     </span>
     <span class='ocr_line' id='line_1_60' title="bbox 955 4884 1202 4958; baseline 0.008 -20"><span class='ocrx_word' id='word_1_372' title='bbox 955 4884 1108 4958; x_wconf 79' lang='lat' dir='ltr'><strong>Ansegisus</strong></span> <span class='ocrx_word' id='word_1_373' title='bbox 1123 4901 1202 4956; x_wconf 87' lang='lat' dir='ltr'><strong>pecc.</strong></span> 
     </span>
     <span class='ocr_line' id='line_1_61' title="bbox 956 4973 1253 5031; baseline 0.007 -3"><span class='ocrx_word' id='word_1_374' title='bbox 956 4973 1253 5031; x_wconf 48' lang='lat' dir='ltr'><strong>&amp;mmmmm</strong></span> 
     </span>
     <span class='ocr_line' id='line_1_62' title="bbox 956 5060 1331 5133; baseline 0.008 -17"><span class='ocrx_word' id='word_1_375' title='bbox 956 5060 1086 5133; x_wconf 68' lang='lat' dir='ltr'><strong>Alperius</strong></span> <span class='ocrx_word' id='word_1_376' title='bbox 1101 5062 1135 5117; x_wconf 96' lang='lat' dir='ltr'><strong>de</strong></span> <span class='ocrx_word' id='word_1_377' title='bbox 1150 5064 1178 5119; x_wconf 92' lang='lat' dir='ltr'><strong>S.</strong></span> <span class='ocrx_word' id='word_1_378' title='bbox 1196 5064 1331 5120; x_wconf 76' lang='lat' dir='ltr'><strong>amando.</strong></span> 
     </span>
     <span class='ocr_line' id='line_1_63' title="bbox 957 5150 1325 5225; baseline 0.016 -22"><span class='ocrx_word' id='word_1_379' title='bbox 957 5150 1099 5205; x_wconf 78' lang='lat' dir='ltr'><strong>Arnaldus</strong></span> <span class='ocrx_word' id='word_1_380' title='bbox 1114 5152 1148 5206; x_wconf 94' lang='lat' dir='ltr'><strong>de</strong></span> <span class='ocrx_word' id='word_1_381' title='bbox 1164 5152 1325 5225; x_wconf 76' lang='lat' dir='ltr'><strong>Angeliaco.</strong></span> 
     </span>
     <span class='ocr_line' id='line_1_64' title="bbox 348 5215 1237 5297; baseline 0.007 -27"><span class='ocrx_word' id='word_1_382' title='bbox 348 5215 367 5270; x_wconf 79' lang='lat' dir='ltr'><strong>d</strong></span> <span class='ocrx_word' id='word_1_383' title='bbox 392 5215 507 5271; x_wconf 79' lang='lat' dir='ltr'><strong>ciuitate</strong></span> <span class='ocrx_word' id='word_1_384' title='bbox 529 5217 653 5271; x_wconf 82' lang='lat' dir='ltr'><strong>Tarono.</strong></span> <span class='ocrx_word' id='word_1_385' title='bbox 956 5237 1017 5293; x_wconf 61' lang='lat'><strong>040</strong></span> <span class='ocrx_word' id='word_1_386' title='bbox 1032 5238 1066 5295; x_wconf 65' lang='lat' dir='ltr'><strong>pe</strong></span> <span class='ocrx_word' id='word_1_387' title='bbox 1082 5240 1110 5295; x_wconf 50' lang='lat' dir='ltr'><strong>s,</strong></span> <span class='ocrx_word' id='word_1_388' title='bbox 1127 5239 1237 5297; x_wconf 44' lang='lat' dir='ltr'><strong>gabino·</strong></span> 
     </span>
    </p>

    <p class='ocr_par' dir='ltr' id='par_1_31' title="bbox 105 5327 1424 5747">
     <span class='ocr_line' id='line_1_65' title="bbox 957 5327 1370 5390; baseline 0.022 -10"><span class='ocrx_word' id='word_1_389' title='bbox 957 5328 1013 5381; x_wconf 83' lang='lat' dir='ltr'><strong>hro</strong></span> <span class='ocrx_word' id='word_1_390' title='bbox 1027 5328 1061 5382; x_wconf 86' lang='lat' dir='ltr'><strong>do</strong></span> <span class='ocrx_word' id='word_1_391' title='bbox 1077 5327 1108 5383; x_wconf 89' lang='lat' dir='ltr'><strong>S.</strong></span> <span class='ocrx_word' id='word_1_392' title='bbox 1128 5330 1259 5386; x_wconf 83' lang='lat' dir='ltr'><strong>Michacle</strong></span> <span class='ocrx_word' id='word_1_393' title='bbox 1273 5332 1370 5390; x_wconf 86' lang='lat' dir='ltr'><strong>eremi.</strong></span> 
     </span>
     <span class='ocr_line' id='line_1_66' title="bbox 105 5405 1424 5479; baseline 0.009 -13"><span class='ocrx_word' id='word_1_394' title='bbox 105 5411 181 5466; x_wconf 77' lang='lat' dir='ltr'><strong>aava</strong></span> <span class='ocrx_word' id='word_1_395' title='bbox 193 5405 325 5463; x_wconf 89' lang='lat' dir='ltr'><strong>decanus.</strong></span> <span class='ocrx_word' id='word_1_396' title='bbox 955 5417 1173 5473; x_wconf 71' lang='lat' dir='ltr'><strong>erchembertus</strong></span> <span class='ocrx_word' id='word_1_397' title='bbox 1188 5419 1223 5475; x_wconf 92' lang='lat' dir='ltr'><strong>de</strong></span> <span class='ocrx_word' id='word_1_398' title='bbox 1237 5420 1266 5477; x_wconf 91' lang='lat' dir='ltr'><strong>S.</strong></span> <span class='ocrx_word' id='word_1_399' title='bbox 1278 5422 1424 5479; x_wconf 80' lang='lat' dir='ltr'><strong>Maxentio.</strong></span> 
     </span>
     <span class='ocr_line' id='line_1_67' title="bbox 105 5495 1267 5567; baseline 0.011 -14"><span class='ocrx_word' id='word_1_400' title='bbox 105 5495 218 5553; x_wconf 91' lang='lat' dir='ltr'><strong>Wenilo</strong></span> <span class='ocrx_word' id='word_1_401' title='bbox 228 5495 377 5553; x_wconf 81' lang='lat' dir='ltr'><strong>archidiac.</strong></span> <span class='ocrx_word' id='word_1_402' title='bbox 398 5502 425 5552; x_wconf 90' lang='lat' dir='ltr'><strong>et</strong></span> <span class='ocrx_word' id='word_1_403' title='bbox 439 5496 641 5554; x_wconf 86' lang='lat' dir='ltr'><strong>thesaurarius.</strong></span> <span class='ocrx_word' id='word_1_404' title='bbox 955 5504 1075 5560; x_wconf 86' lang='lat' dir='ltr'><strong>loannes</strong></span> <span class='ocrx_word' id='word_1_405' title='bbox 1090 5506 1124 5561; x_wconf 91' lang='lat' dir='ltr'><strong>de</strong></span> <span class='ocrx_word' id='word_1_406' title='bbox 1140 5506 1267 5567; x_wconf 88' lang='lat' dir='ltr'><strong>Luzionc.</strong></span> 
     </span>
     <span class='ocr_line' id='line_1_68' title="bbox 106 5584 1351 5666; baseline 0.009 -22"><span class='ocrx_word' id='word_1_407' title='bbox 106 5586 241 5644; x_wconf 79' lang='lat' dir='ltr'><strong>liebertus</strong></span> <span class='ocrx_word' id='word_1_408' title='bbox 256 5584 423 5645; x_wconf 86' lang='lat' dir='ltr'><strong>cellararius.</strong></span> <span class='ocrx_word' id='word_1_409' title='bbox 954 5593 1126 5650; x_wconf 88' lang='lat' dir='ltr'><strong>Theohaldus</strong></span> <span class='ocrx_word' id='word_1_410' title='bbox 1141 5596 1176 5651; x_wconf 90' lang='lat' dir='ltr'><strong>de</strong></span> <span class='ocrx_word' id='word_1_411' title='bbox 1191 5596 1351 5666; x_wconf 81' lang='lat' dir='ltr'><strong>Quinciaoo.</strong></span> 
     </span>
     <span class='ocr_line' id='line_1_69' title="bbox 105 5675 1349 5747; baseline 0.01 -13"><span class='ocrx_word' id='word_1_412' title='bbox 105 5675 254 5734; x_wconf 84' lang='lat' dir='ltr'><strong>Gruterius</strong></span> <span class='ocrx_word' id='word_1_413' title='bbox 269 5675 393 5731; x_wconf 78' lang='lat' dir='ltr'><strong>edituus.</strong></span> <span class='ocrx_word' id='word_1_414' title='bbox 956 5682 1111 5739; x_wconf 85' lang='lat' dir='ltr'><strong>Anshertus</strong></span> <span class='ocrx_word' id='word_1_415' title='bbox 1126 5685 1161 5743; x_wconf 87' lang='lat' dir='ltr'><strong>dc</strong></span> <span class='ocrx_word' id='word_1_416' title='bbox 1177 5687 1349 5747; x_wconf 87' lang='lat' dir='ltr'><strong>Penteleveo.</strong></span> 
     </span>
    </p>
   </div>
   <div class='ocr_carea' id='block_1_10' title="bbox 106 4305 658 5075">
    <p class='ocr_par' dir='ltr' id='par_1_32' title="bbox 109 4305 658 4643">
     <span class='ocr_line' id='line_1_70' title="bbox 348 4305 658 4361; baseline -0.003 -1"><span class='ocrx_word' id='word_1_417' title='bbox 348 4307 368 4360; x_wconf 84' lang='lat' dir='ltr'><strong>t</strong></span> <span class='ocrx_word' id='word_1_418' title='bbox 389 4305 503 4361; x_wconf 81' lang='lat' dir='ltr'><strong>ciuitate</strong></span> <span class='ocrx_word' id='word_1_419' title='bbox 525 4306 658 4361; x_wconf 83' lang='lat' dir='ltr'><strong>Corneto.</strong></span> 
     </span>
     <span class='ocr_line' id='line_1_71' title="bbox 111 4479 613 4554; baseline 0.004 -17"><span class='ocrx_word' id='word_1_420' title='bbox 111 4479 237 4537; x_wconf 84' lang='lat' dir='ltr'><strong>hrnulius</strong></span> <span class='ocrx_word' id='word_1_421' title='bbox 248 4481 396 4549; x_wconf 89' lang='lat' dir='ltr'><strong>archidiac,</strong></span> <span class='ocrx_word' id='word_1_422' title='bbox 413 4491 440 4539; x_wconf 89' lang='lat' dir='ltr'><strong>et</strong></span> <span class='ocrx_word' id='word_1_423' title='bbox 454 4489 613 4554; x_wconf 84' lang='lat' dir='ltr'><strong>praecentor.</strong></span> 
     </span>
     <span class='ocr_line' id='line_1_72' title="bbox 109 4571 480 4643; baseline -0.005 -15"><span class='ocrx_word' id='word_1_424' title='bbox 109 4571 247 4643; x_wconf 78' lang='lat' dir='ltr'><strong>Georgius</strong></span> <span class='ocrx_word' id='word_1_425' title='bbox 260 4571 480 4628; x_wconf 86' lang='lat' dir='ltr'><strong>archidiaconus.</strong></span> 
     </span>
    </p>

    <p class='ocr_par' dir='ltr' id='par_1_33' title="bbox 106 4660 508 5075">
     <span class='ocr_line' id='line_1_73' title="bbox 109 4660 508 4734; baseline -0.003 -16"><span class='ocrx_word' id='word_1_426' title='bbox 109 4661 175 4734; x_wconf 79' lang='lat' dir='ltr'><strong>Siga</strong></span> <span class='ocrx_word' id='word_1_427' title='bbox 190 4660 326 4734; x_wconf 72' lang='lat' dir='ltr'><strong>magister</strong></span> <span class='ocrx_word' id='word_1_428' title='bbox 339 4661 508 4718; x_wconf 88' lang='lat' dir='ltr'><strong>scholarum.</strong></span> 
     </span>
     <span class='ocr_line' id='line_1_74' title="bbox 106 4749 440 4825; baseline 0 -18"><span class='ocrx_word' id='word_1_429' title='bbox 106 4749 256 4825; x_wconf 70' lang='lat' dir='ltr'><strong>riginerius</strong></span> <span class='ocrx_word' id='word_1_430' title='bbox 269 4750 440 4822; x_wconf 88' lang='lat' dir='ltr'><strong>capellanus.</strong></span> 
     </span>
     <span class='ocr_line' id='line_1_75' title="bbox 108 4839 482 4913; baseline 0.003 -18"><span class='ocrx_word' id='word_1_431' title='bbox 108 4839 282 4913; x_wconf 74' lang='lat' dir='ltr'><strong>Hildegarius</strong></span> <span class='ocrx_word' id='word_1_432' title='bbox 296 4840 482 4898; x_wconf 88' lang='lat' dir='ltr'><strong>subdecanus.</strong></span> 
     </span>
     <span class='ocr_line' id='line_1_76' title="bbox 110 4927 392 4998; baseline 0.007 -15"><span class='ocrx_word' id='word_1_433' title='bbox 110 4927 256 4984; x_wconf 91' lang='lat' dir='ltr'><strong>llilduinus</strong></span> <span class='ocrx_word' id='word_1_434' title='bbox 269 4930 392 4998; x_wconf 78' lang='lat' dir='ltr'><strong>juvenis.</strong></span> 
     </span>
     <span class='ocr_line' id='line_1_77' title="bbox 107 5015 492 5075; baseline 0.005 -2"><span class='ocrx_word' id='word_1_435' title='bbox 107 5015 259 5073; x_wconf 85' lang='lat' dir='ltr'><strong>Waltcrius</strong></span> <span class='ocrx_word' id='word_1_436' title='bbox 273 5018 492 5075; x_wconf 89' lang='lat' dir='ltr'><strong>archidiaconus.</strong></span> 
     </span>
    </p>
   </div>
   <div class='ocr_carea' id='block_1_11' title="bbox 0 0 1894 6038">
    <p class='ocr_par' dir='ltr' id='par_1_34' title="bbox 0 0 1894 6038">
     <span class='ocr_line' id='line_1_78' title="bbox 0 0 1894 6038; baseline 0 3"><span class='ocrx_word' id='word_1_437' title='bbox 0 0 1894 6038; x_wconf 95' lang='lat' dir='ltr'><strong> </strong></span> 
     </span>
    </p>
   </div>
  </div>
 </body>
</html>
