3780 6038
109 238 177 292 1053
574 235 871 295 uusuousmottas
886 234 936 295 SS.
952 234 1106 294 astabit.
1121 266 1157 279 -
1170 236 1238 293 ΗΒ.
1254 237 1293 294 ll.
1687 237 1758 295 lost

108 360 311 418 lamentationis
326 360 449 419 habitum
476 362 511 418 de
524 361 630 434 peccati
644 361 836 418 recordatione
863 360 908 417 in·
923 360 954 427 Α
967 360 1101 420 doctrinae
1115 362 1231 421 verbum
1251 364 1328 432 dara,
1343 363 1386 421 rel
1397 363 1443 422 cui
1468 362 1585 432 anferre,
1600 369 1627 420 et
1644 362 1707 433 hoc,
1722 370 1768 421 aut

110 451 205 519 duere,
217 459 312 521 utputa
326 452 509 509 exterioribus
524 451 626 519 adhuc,
642 452 669 506 id
684 459 727 507 εει
742 451 908 520 carnalibus,
963 468 1012 524 pro
1024 453 1150 519 dicentis,
1166 461 1213 509 sut
1227 469 1278 525 pro
1294 453 1432 509 audientis
1448 453 1475 508 tit
1498 452 1607 517 meritc,
1623 459 1652 507 nt
1679 451 1763 508 modo

108 557 165 598 noo
179 540 267 613 operit
286 542 472 615 intelligentiae
498 541 627 611 spiritalis
655 541 833 613 profundiora
847 557 909 613 mg·
963 557 1012 612 pro
1040 541 1119 612 culpa
1138 542 1228 612 plebis
1252 542 1392 598 auferatur
1405 558 1497 598 sermo
1517 541 1648 608 doctoris,
1677 540 1762 597 modo

108 630 204 695 steria,
220 645 267 697 ne,
283 631 349 685 dum
364 629 457 686 audita
477 645 533 686 nou
554 630 674 701 capiunt,
692 630 753 701 plus
778 629 910 701 incipiant
964 645 1030 686 vcro
1038 646 1086 701 pro
1096 630 1209 685 utilibus
1223 632 1329 686 meritis
1352 631 1500 685 tribuatur.
1533 632 1602 686 Num
1618 637 1645 685 et
1673 627 1761 685 bouus

109 727 296 788 contemnere,
314 717 909 792 quamvenerarimaudatacoelestia.dli·
964 719 1168 788 docetbcnum,
1194 728 1220 775 ct
1248 720 1335 776 malus
1363 720 1465 775 malurn
1487 720 1584 792 ;qu0d
1613 727 1704 774 tamon
1732 717 1764 773 tit

108 809 304 880 teragandnm
323 816 441 882 asterga
457 808 675 879 eosquinnstro
704 807 911 864 committuntur
961 808 1041 877 juxta
1068 808 1194 863 meritum
1222 809 1398 880 populorum.
1433 810 1495 865 Non
1525 809 1617 864 omnis
1636 814 1761 879 tempora

111 898 250 971 regimini,
267 898 291 953 si
305 896 459 961 oderidunt,
476 898 648 970 atquealiter
663 913 726 953 cum
741 897 784 952 bis
798 898 844 969 qui
858 912 909 953 uc·
962 908 1114 969 congruunt
1135 896 1278 964 doctrinas,
1302 898 1451 954 secuudum
1480 897 1635 955 Salomonis
1650 905 1762 952 senten·

108 987 151 1042 bis
166 985 306 1043 commissi
333 994 479 1041 nonannt.
509 985 560 1056 Qui
574 986 641 1056 justi
655 994 727 1055 aunt,
757 984 909 1042 verterandi
962 986 1026 1041 tiam
1056 986 1194 1041 dicentis:
1214 988 1360 1057 «Tempus
1388 987 1506 1055 tacendi,
1537 994 1564 1042 et
1578 993 1688 1057 tempus
1716 985 1759 1041 lo·

109 1084 197 1146 sunt;
214 1076 237 1132 si
250 1091 315 1131 raro
330 1076 500 1148 delinquunt,
524 1075 640 1147 prosola
651 1075 793 1143 charitate,
820 1082 850 1130 ut
865 1075 908 1131 lo·
935 1066 939 1075 ⁴
963 1074 1063 1147 queadi
1079 1077 1181 1137 (decla.
1195 1078 1236 1145 v).
1259 1099 1269 1124 ·
1286 1076 1346 1131 Non
1369 1076 1478 1148 quidem
1494 1092 1544 1147 per
1558 1076 1694 1143 timorem,
1711 1075 1760 1131 sad

108 1181 157 1221 cus
172 1172 223 1232 est,
238 1164 407 1236 corripiendi
434 1172 496 1219 sunt
513 1182 520 1228 ;
536 1179 590 1219 nou
606 1174 698 1220 tamen
714 1179 777 1220 cum
806 1162 909 1221 severi·
962 1180 1012 1236 per
1037 1164 1241 1231 discretionem,
1257 1172 1370 1235 propter
1391 1165 1526 1219 mulorum
1556 1163 1760 1235 corruptibilem

109 1260 175 1320 tate,
188 1253 259 1310 sicut
269 1254 297 1309 bi
308 1252 438 1326 quinobis
451 1252 567 1326 regendi
582 1260 645 1308 sunt
659 1252 810 1310 commissi.
828 1253 908 1308 Prius
961 1252 1145 1326 iniquitatem,
1162 1268 1355 1325 nonnunquam
1370 1252 1474 1310 electos
1488 1261 1595 1324 oportet
1609 1251 1761 1309 adoctrins

108 1343 227 1399 docendi
241 1350 305 1398 sunt
320 1342 443 1399 seniores
467 1342 568 1415 plebis,
590 1349 618 1397 ut
631 1358 681 1414 per
695 1358 743 1399 eos
771 1341 841 1397 inira
855 1358 908 1414 po·
962 1357 1082 1399 cessare.
1102 1341 1235 1398 interdum
1251 1343 1379 1398 doctores
1400 1341 1533 1399 Ecclesia.
1548 1341 1641 1398 calore
1667 1340 1761 1397 cbari-

108 1431 162 1499 siti,
179 1430 285 1487 facilius
303 1431 467 1488 doceantur.
499 1431 644 1503 ingenium
659 1434 760 1486 bonnm
787 1430 908 1488 doctoris
961 1431 1025 1487 tatis
1044 1431 1172 1487 ardentes
1187 1432 1383 1498 conticescunt,
1399 1440 1445 1487 aut
1462 1431 1597 1495 docendo,
1615 1431 1677 1502 quia
1705 1444 1760 1487 non

108 1527 149 1576 est
176 1520 330 1592 incipientis
358 1520 522 1576 alaudibus
545 1535 641 1575 eorum
664 1536 734 1592 quos
761 1521 908 1577 salubriter
962 1528 1002 1577 est
1031 1520 1077 1593 qui
1105 1521 1206 1585 audiat,
1235 1527 1351 1577 testante
1379 1519 1680 1593 prophetazcivitates
1708 1534 1760 1575 su·
1857 1560 1862 1575 ,

109 1609 296 1681 objurgandos
311 1609 452 1682 corrigere
467 1609 551 1680 cupit,
567 1609 636 1664 sicut
650 1609 797 1681 Apostolus
812 1609 907 1665 Corin·
962 1609 1011 1665 stri
1021 1609 1124 1666 clausm
1142 1616 1215 1676 suut,
1231 1618 1257 1665 et
1271 1625 1329 1665 non
1345 1619 1386 1665 est
1401 1609 1447 1683 qui
1463 1609 1568 1680 aperiat
1579 1609 1647 1679 (ier.
1658 1607 1727 1677 χιιι).
1746 1627 1758 1660 s

108 1698 181 1754 tbios
201 1698 273 1765 lacit,
290 1713 359 1770 quos
373 1713 390 1753 a
404 1697 529 1754 laudibus
553 1697 674 1764 inchoat,
701 1698 750 1754 sed
778 1698 907 1770 increpa·
921 1726 948 1787 Β
962 1697 1015 1768 Qui
1030 1699 1146 1755 docendi
1161 1699 1261 1770 accipit
1287 1698 1418 1766 officium,
1443 1698 1577 1754 interdum
1592 1697 1628 1753 ad
1653 1704 1761 1767 tempus

107 1787 226 1843 tionibus
241 1788 341 1858 probat
355 1788 380 1857 (l
395 1788 459 1846 Cor.
478 1792 513 1856 ι).
549 1787 603 1844 Sed
621 1794 699 1842 erant
721 1787 792 1858 apud
809 1786 901 1843 Corin·
962 1787 1033 1845 lscto
1047 1787 1166 1859 proximi
1181 1795 1271 1843 taceat
1287 1801 1294 1857 ;
1311 1804 1372 1859 quta
1404 1787 1494 1842 statim
1510 1786 1649 1858 corrigere
1671 1792 1763 1857 potest

107 1876 181 1931 tbios
196 1877 241 1948 qni
266 1876 434 1932 etloudibus
461 1886 487 1932 et
501 1876 733 1947 increpationibus
760 1876 836 1948 digni
864 1893 907 1933 es·
961 1876 1166 1949 ctdissimnlat,
1188 1892 1284 1933 rernm
1299 1881 1342 1932 est
1370 1876 1443 1947 quod
1470 1890 1637 1933 eonsensum
1654 1872 1761 1930 erroris

108 1974 181 2022 seut.
197 1966 246 2022 llla
269 1980 337 2023 vero
351 1966 498 2022 indiscrete
517 1966 645 2038 siccaque
659 1965 787 2022 omnibus
815 1966 906 2039 loqui·
960 1965 1043 2021 alieni
1061 1965 1173 2021 babeat.
1198 1964 1324 2039 Plerique
1353 1964 1441 2021 sancti
1467 1965 1596 2020 doctores
1611 1961 1761 2036 pertinacia

107 2062 161 2117 tur,
178 2063 205 2108 ut
220 2055 350 2110 omuibus
372 2062 489 2128 utraque
504 2054 819 2112 convenisserideatur.
853 2056 906 2111 Pro
960 2055 1036 2124 mali,
1052 2054 1116 2127 quia
1130 2054 1240 2128 iniquos
1266 2053 1415 2111 emandare
1443 2069 1497 2109 nou
1513 2060 1639 2123 possunt,
1669 2051 1762 2108 histo·

106 2143 291 2199 mulomerito
318 2143 416 2215 plebis,
431 2142 552 2200 aufertur
575 2144 699 2200 doctriua
731 2143 905 2216 predicatio·
960 2160 1024 2203 cere
1039 2143 1197 2215 disponunt.
1219 2143 1273 2201 Sed
1289 2142 1410 2199 calorem
1434 2142 1545 2215 spiritus
1560 2156 1614 2214 quo
1642 2147 1761 2214 sgnum

107 2232 162 2289 nis.
188 2233 240 2288 Pro
268 2232 341 2289 bono
364 2232 462 2290 merito
500 2233 644 2301 audientis,
671 2232 796 2289 tribuitur
815 2248 906 2291 sermo
960 2233 1032 2291 serre
1046 2248 1100 2287 uon
1120 2232 1298 2299 sustinentes,
1313 2231 1413 2289 iterum
1426 2231 1456 2287 in
1474 2231 1691 2303 increpationem
1700 2243 1762 2303 pro·

109 2320 226 2378 doctori.
243 2322 274 2377 ln
283 2328 419 2394 potestate
433 2321 528 2378 divina
545 2321 681 2392 consistit,
697 2322 739 2379 cni
752 2322 817 2379 relit
830 2324 905 2380 Deus
959 2322 1053 2379 siliunt
1062 2321 1221 2394 impiorum.

649 2700 957 2805 DOMINIGA
996 2700 1225 2806 SEXTA.

732 2944 929 3010 &cundum
950 2945 1146 3013 Mattbaeum

149 3179 160 3207 a
176 3159 268 3213 Amen
282 3156 344 3214 dico
357 3156 445 3223 robis,
457 3156 509 3213 uisi
520 3158 908 3231 abundaveritjnstitiarestra
924 3160 948 3225 C
963 3161 1012 3225 sci.
1030 3177 1084 3217 non
1100 3162 1186 3229 iratri,
1203 3166 1251 3220 sed
1273 3174 1386 3237 peccato
1409 3166 1583 3225 irascendum
1612 3176 1654 3224 est
1668 3177 1697 3225 ut
1725 3168 1763 3227 ait

114 3246 258 3319 plusquam
268 3247 427 3303 Scribarum
443 3255 469 3302 at
480 3247 689 3313 Pbarismorum,
709 3264 764 3304 non
773 3248 909 3305 intrabitis

112 3336 140 3392 in
155 3335 419 3410 regnumcoelorum.
430 3344 481 3391 etc.
496 3338 655 3409 (Mattius),
668 3338 752 3394 »Tale
763 3346 804 3394 est
814 3339 909 3396 bocsc

112 3425 136 3483 si
151 3425 241 3481 dicat:
254 3425 366 3481 Studete
385 3424 514 3480 mandata
538 3426 653 3497 implere
678 3443 711 3484 ac
730 3428 843 3485 docere:
856 3443 910 3502 ego

112 3514 910 3589 cuim,cujusverbanonmutautur,dicovobisquod,nisi

113 3603 305 3675 superaveritis
319 3602 469 3674 injustitias
482 3603 638 3660 Scribarum
648 3612 674 3660 ει
695 3605 907 3675 Pharisaeorum,

112 3691 158 3765 qni
172 3699 286 3762 propter
308 3706 394 3747 novas
419 3691 578 3747 traditiones
591 3692 717 3759 justiores
739 3702 908 3764 reputantur,

112 3778 332 3853 conregnabitis
347 3779 375 3834 iu
392 3779 481 3837 coelis.
499 3782 581 3851 Nota,
598 3796 660 3837 cum
672 3782 775 3851 justitia
784 3782 910 3841 sitvirtus

112 3869 259 3943 uuicuique
274 3869 394 3925 reddens
409 3870 482 3943 quod
501 3887 579 3926 suum
596 3880 647 3939 est,
663 3871 754 3944 plures
765 3882 828 3928 suut
841 3889 909 3945 par·

112 3965 154 4015 tes
165 3958 284 4029 justitiae,
315 3974 429 4032 quorum
455 3967 591 4015 conventu
609 3961 698 4030 justus
713 3960 828 4017 efficitur
843 3980 850 4017 :
867 3978 909 4019 re·

110 4046 178 4121 ligio
192 4049 264 4103 enim
286 4064 339 4119 qua
361 4046 502 4104 reddimus
518 4049 576 4103 Deo
605 4049 678 4121 quod
694 4066 772 4106 snum
801 4060 864 4118 est;
883 4060 910 4107 et

112 4136 210 4210 pietas,
220 4136 379 4208 parentibus
391 4154 452 4207 qnae
467 4152 516 4192 sua
530 4144 597 4191 sunt
610 4138 786 4209 persolvens.
806 4140 909 4196 Simili-

111 4232 154 4283 ter
169 4225 266 4293 virtus,
283 4242 343 4297 quae
353 4225 442 4281 reddit
469 4226 621 4297 majoribus
634 4235 661 4282 et
679 4226 833 4283 minoribns
849 4244 910 4300 quaa

112 4329 162 4370 sus
173 4322 243 4379 sunt,
261 4330 368 4370 necnon
381 4314 467 4369 virtus
483 4331 544 4386 qnae
557 4315 720 4387 pauperibus
744 4318 816 4388 quod
830 4333 908 4372 suum

112 4410 154 4460 est
164 4403 290 4475 largitur.
310 4403 384 4468 llaec,
409 4403 532 4472 inquam.
547 4404 639 4459 omnia
654 4403 832 4475 adjustitiam
852 4414 910 4462 tan·

111 4508 193 4565 quam
213 4492 361 4565 integrales
376 4493 547 4549 reseruntur.

150 4594 297 4651 «Audistis
321 4594 385 4668 quia
405 4596 565 4652 dictumest
587 4596 727 4669 antiquis:
744 4598 805 4654 Non
830 4597 907 4655 occi-

110 4684 170 4742 des.
187 4682 239 4753 Qui
253 4691 343 4740 autem
358 4684 501 4751 occiderit,
518 4701 580 4740 reus
595 4685 646 4741 erit
658 4685 773 4758 jndicio.
791 4688 849 4761 ligo
860 4704 907 4743 an-

110 4780 165 4829 tem
176 4772 238 4830 dico
254 4772 343 4842 robis,
359 4772 424 4846 quia
441 4772 530 4829 omnis
550 4772 595 4846 qui
612 4773 741 4832 irascitur
752 4775 828 4831 tratri
856 4793 906 4833 suc

109 4879 172 4919 reus
193 4861 242 4918 erit
257 4861 374 4931 jndicio.
408 4886 419 4911 ι»
451 4862 569 4919 Pulchro
593 4864 722 4936 iugressu
749 4879 818 4935 opus
833 4864 904 4938 legis

109 4951 192 5023 coepit
208 4949 351 5018 excedere,
366 4966 421 5007 noo
436 4950 598 5008 dissolvere.
613 4952 712 5024 Aperit
723 4969 907 5021 namquemo·

107 5050 165 5097 tum
178 5039 262 5097 animi
276 5040 310 5096 sd
331 5040 485 5097 nocendum
512 5040 591 5096 fratri
606 5041 634 5096 in
656 5040 802 5099 homicidio
830 5058 905 5100 cotn-

106 5129 208 5203 putsri.
235 5144 298 5187 cnm
337 5129 481 5204 priusnos
522 5130 696 5187 attenderent
728 5130 905 5189 homicidium

106 5235 180 5287 esse,
195 5218 248 5275 nisi
257 5218 478 5291 peremptionem
504 5220 628 5293 corporis
643 5220 765 5277 humani.
796 5220 905 5279 Sensus

106 5316 149 5366 cst
164 5325 172 5363 :
185 5306 291 5378 iudicio
304 5307 375 5383 legis
389 5308 476 5381 Moysi
489 5324 553 5365 rcus
568 5316 611 5366 est
631 5310 678 5383 qui
689 5309 789 5366 occidit
815 5318 879 5367 actu
894 5330 902 5380 3

106 5397 156 5454 sed
172 5412 225 5472 ego
235 5395 298 5454 dico
311 5396 402 5463 robis,
419 5397 482 5469 quia
493 5397 598 5467 jndicio
608 5397 903 5475 coelestislegis,qnam

105 5486 203 5555 doceo,
219 5500 285 5542 rens
303 5492 346 5542 est
360 5484 450 5543 omnis
464 5484 513 5558 qni
539 5486 665 5546 irascitur
692 5487 770 5545 iratri
787 5504 847 5547 suo.
873 5490 903 5547 ls

105 5574 271 5649 quibusdam
285 5574 428 5633 codicibus
455 5574 636 5635 additnrsino
650 5592 732 5636 causa
749 5596 757 5644 ;
774 5578 823 5635 sed
851 5594 902 5635 ra-

965 3251 1130 3308 Psalmista:
1150 3276 1161 3303 t
1178 3254 1330 3311 irascimini
1345 3259 1437 3325 (Pscl.
1455 3260 1505 3329 rr),
1523 3279 1534 3307 i
1555 3257 1683 3315 videlicet
1692 3274 1762 3331 pec·

963 3348 1037 3397 cato.
1048 3342 1127 3398 Unda
1141 3344 1267 3415 sequitur
1282 3359 1289 3399 :
1309 3366 1321 3396 r
1338 3346 1428 3402 Nolite
1442 3362 1558 3418 peccare
1573 3347 1666 3417 (ibid.)
1678 3370 1689 3397 r
1707 3347 1762 3404 Sed

965 3431 1114 3486 notandum
1128 3432 1267 3506 geminum
1279 3450 1340 3489 esse
1355 3434 1476 3490 divinum
1488 3435 1621 3505 iudicium
1637 3454 1644 3491 :
1660 3436 1761 3505 Unum,

965 3536 1020 3592 quo
1034 3528 1060 3576 et
1075 3521 1119 3578 bic
1128 3522 1286 3590 iudicantur
1298 3524 1446 3589 bomines;
1462 3525 1490 3581 in
1507 3524 1599 3582 futuro
1627 3526 1758 3584 alterum.

964 3616 1047 3687 Quod
1063 3627 1192 3691 proptera
1212 3621 1255 3676 bic
1265 3620 1436 3691 judicantur,
1464 3622 1568 3681 neillic
1593 3623 1760 3693 judicentur,

964 3707 1083 3780 ideoque
1098 3710 1258 3780 quibusdam
1272 3710 1307 3765 ad
1321 3713 1512 3785 purgationem
1527 3714 1685 3785 temporalis
1694 3728 1761 3785 pro-

964 3795 1019 3853 licit
1029 3813 1111 3868 poeas
1127 3816 1134 3864 ς
1152 3799 1315 3871 quibusdam
1330 3816 1398 3856 vero
1419 3802 1464 3859 bic
1476 3802 1585 3858 iuobcat
1610 3802 1759 3871 damuatio,

964 3893 991 3942 et
1000 3886 1057 3943 illic
1070 3886 1192 3958 perlecta
1205 3898 1332 3958 speratur
1344 3890 1470 3960 perditio.
1481 3892 1514 3946 ln
1524 3890 1628 3960 iudicio
1648 3890 1761 3962 reprobi

964 3975 1158 4031 humanitatem
1174 3977 1281 4043 Christi,
1299 3977 1327 4032 in
1342 3993 1397 4050 qua
1408 3977 1550 4051 judicatus
1561 3988 1616 4044 est,
1628 3979 1763 4035 ridebunt

964 4072 994 4119 ut
1006 4064 1115 4120 doleant
1129 4065 1314 4131 ;diriuitatem
1330 4082 1395 4123 sero
1418 4068 1480 4138 ejus
1494 4066 1701 4133 conridebant,
1727 4082 1762 4125 ua

964 4153 1111 4224 gaudeant.
1128 4151 1315 4222 Quibuaenim
1330 4154 1459 4211 divinitas
1474 4155 1636 4220 ostenditur,
1666 4155 1761 4229 utique

964 4241 998 4296 ad
1013 4241 1146 4313 gaudium
1160 4242 1377 4299 demonstratur.
1388 4245 1444 4300 Pro
1454 4244 1762 4302 diversitateconsoieu·

965 4329 1063 4385 tiorum
1083 4337 1109 4386 et
1131 4331 1206 4387 mitis
1224 4332 1365 4403 apparebit
1382 4333 1410 4389 in
1430 4333 1536 4405 judicio
1552 4334 1673 4391 Christus
1701 4335 1762 4392 ale·

964 4418 1024 4487 ctis,
1051 4427 1077 4475 et
1101 4420 1229 4476 terribilis
1254 4422 1388 4492 reprobis.
1416 4424 1486 4479 Nam
1511 4423 1621 4493 qualem
1645 4424 1761 4499 quisque

921 4508 1160 4593 Dcouscieutism
1184 4510 1284 4577 tulerit,
1309 4510 1391 4567 talem
1418 4510 1543 4585 judicem
1571 4514 1691 4582 babebit,
1720 4522 1760 4585 ut,

965 4605 1092 4654 manente
1106 4598 1132 4653 in
1150 4614 1197 4653 sua
1214 4598 1410 4672 tranquillitate
1424 4601 1545 4666 Christo,
1562 4601 1616 4657 illis
1631 4602 1761 4659 terribilia

961 4685 1033 4741 solis
1061 4694 1203 4759 appareat,
1219 4704 1288 4759 qnos
1302 4690 1470 4748 couscientia
1483 4692 1511 4747 in
1535 4691 1614 4747 malis
1632 4700 1756 4749 accusat.

961 4775 1029 4831 Duae
1043 4785 1106 4831 sunt
1120 4775 1280 4833 differentias
1295 4778 1337 4834 vel
1352 4780 1465 4835 ordines
1479 4779 1621 4836 bominum
1636 4780 1663 4836 in
1689 4780 1759 4850 judi·

961 4864 1014 4933 cio,
1043 4866 1096 4922 boc
1123 4872 1167 4921 cst
1182 4865 1332 4923 electorum
1347 4876 1375 4924 et
1391 4868 1583 4942 reproborum.
1600 4868 1652 4940 Qui
1666 4877 1759 4927 tamen

960 4953 1118 5011 dividuntur
1132 4954 1160 5010 iu
1174 4963 1290 5028 quatuor
1305 4972 1312 5011 :
1328 4956 1514 5013 Perfectorum
1535 4958 1602 5015 ordo
1617 4974 1688 5015 unus
1705 4966 1758 5029 est,

961 5043 1008 5117 qni
1036 5058 1098 5101 cum
1127 5042 1246 5100 Domino
1271 5044 1388 5115 judicat,
1404 5045 1513 5103 etalius
1541 5046 1588 5121 qui
1608 5046 1756 5120 judicatur.

959 5132 1111 5207 Utrumque
1122 5140 1285 5190 tamencum
1309 5133 1416 5189 Christo
1431 5135 1596 5206 regnabunt.
1626 5135 1758 5195 Similiter

959 5221 1027 5278 ordo
1042 5222 1222 5293 reproborum
1237 5222 1350 5295 partitur
1363 5223 1391 5278 in
1405 5222 1523 5291 duobus,
1537 5224 1603 5281 dum
1616 5226 1645 5282 bi
1655 5226 1702 5301 qui
1715 5228 1757 5285 in·

958 5318 1002 5366 tra
1012 5309 1163 5367 Ecclesiam
1171 5310 1236 5367 mali
1245 5310 1390 5381 judicandi
1399 5319 1462 5367 sunt
1475 5314 1755 5391 accommodabis.)

959 5400 1066 5456 Primus
1079 5401 1164 5474 igitur
1173 5401 1242 5457 ordo
1257 5415 1353 5457 cortun
1362 5401 1411 5473 qni
1422 5401 1584 5473 judicantur
1597 5413 1623 5461 et
1636 5416 1757 5479 pereunt

958 5490 1107 5563 opponitur
1119 5488 1160 5545 illi
1177 5489 1270 5546 ordini
1284 5489 1429 5558 bonorum,
1454 5492 1552 5566 dequo
1566 5503 1629 5551 sunt
1648 5496 1694 5568 qui
1706 5496 1755 5567 jn-

957 5578 1086 5637 dicautnr
1098 5585 1126 5636 at
1140 5586 1271 5653 regnant.
1290 5580 1433 5638 Secundus
1446 5582 1516 5639 ordo
1529 5597 1625 5640 aarum
1635 5584 1680 5655 qui
1699 5598 1756 5639 non

104 5664 227 5723 dandum
239 5670 293 5732 est,
305 5664 414 5738 quiairs
428 5665 538 5737 penitus
555 5666 668 5735 tollitur,
678 5674 706 5725 et
721 5666 786 5742 quia
808 5666 902 5725 iuimi-
955 5668 1155 5741 indicanturat
1165 5676 1288 5743 parcant
1302 5670 1454 5741 opponitur
1461 5668 1620 5722 'sussum
1632 5664 1783 5729 penwa-

103 5768 155 5814 ⁰⁰⁸
167 5756 280 5815 ΝΜ
292 5752 627 5827 WjubW-Qtwd
640 5757 665 5816 si
678 5757 822 5836 masaga
843 5758 907 5821 irt-
961 5776 1043 5835 mm,
1066 5738 1818 5836 uqsosantusqum'ub'mffim
