3780 6038
103 247 173 301 litt
569 245 857 304 burnontttoitas
876 245 925 303 SS.
945 248 1094 306 evanuit.
1109 278 1146 291 -
1163 249 1227 305 litt.
1247 252 1284 308 ll.
1680 257 1747 312 atta

103 369 171 426 nihil
194 369 293 428 lactum
308 381 350 430 est
377 373 445 430 tale.
465 372 545 445 Quod
573 373 596 429 si
611 371 687 429 fieret
706 379 733 429 et
750 380 896 445 ntmmque
910 372 937 433 Α
953 372 1004 429 sibi
1018 375 1092 447 quod
1106 390 1158 431 sua
1172 376 1336 448 cogitatione
1348 377 1469 451 respicit,
1481 377 1563 434 modo
1576 378 1648 450 quod
1658 379 1747 437 oculis

103 459 185 514 simul
200 458 287 528 fieret,
315 461 394 518 simul
410 471 556 536 utrumque
580 470 662 519 totam
675 461 779 533 pariter
794 477 848 517 nou
862 461 902 517 la·
954 464 1112 520 carnalibus
1124 464 1203 533 vidit,
1235 466 1317 524 modo
1333 468 1406 538 quod
1421 467 1617 540 imaginatione
1636 468 1747 538 phanta-

103 555 188 604 teret.
209 550 327 608 Proinde
357 557 384 607 et
398 551 426 606 iu
449 552 575 609 omnibus
593 551 674 607 simul
689 557 716 606 et
729 551 757 605 in
784 549 901 622 siugulis
954 551 1024 608 stica
1043 553 1180 625 concepit.
1203 555 1282 612 Hane
1298 556 1415 626 proinde
1433 555 1600 627 spiritualem
1619 556 1747 613 substan-

104 645 247 719 particulis
262 647 388 719 corporis
416 648 530 705 suitota
544 647 623 705 simul
638 663 768 705 mnenon
782 653 899 718 posaet;
954 648 1019 704 tiam
1038 650 1189 723 probabilis
1222 660 1249 707 at
1268 651 1396 709 absoluta
1427 653 1493 709 ratio
1512 651 1664 719 confitetur,
1685 655 1747 725 quia

104 733 129 790 si
152 751 203 807 per
221 735 281 791 illas
300 737 339 792 ita
366 735 573 803 diffunderetur,
594 744 624 793 ut
641 736 766 792 videmus
783 750 902 807 corpora
955 737 1019 795 dum
1034 738 1127 795 omnia
1141 740 1294 812 corporalia
1308 741 1394 797 tribus
1420 742 1578 798 noverimus
1590 741 1670 798 lineis
1683 757 1749 800 con-

105 823 205 880 diffusa
218 840 268 897 per
283 825 370 896 spatia
390 825 511 883 locomm
529 825 679 883 minoribus
694 825 750 882 suis
777 824 901 897 partibus
954 825 1036 883 lineri
1069 826 1247 899 longitudine,
1280 828 1433 896 latitudine,
1463 829 1658 901 profunditate,
1681 831 1748 887 nibil

104 923 210 988 majora
235 939 372 994 occupare
394 928 422 980 ει
442 924 621 995 amplioribus
638 924 781 997 ampliora.
806 924 902 978 Latum
954 920 1008 978 tale
1022 921 1050 976 in
1062 921 1154 979 anima
1167 923 1299 995 probatur
1325 925 1453 997 reperiri.
1471 926 1577 982 Deinde
1591 928 1664 998 quod
1683 943 1748 985 oor-

105 1019 147 1067 est
162 1011 261 1068 animae
275 1013 480 1083 quodammodo
495 1013 676 1084 cogitationes
691 1011 902 1085 apprehendere
953 1010 1016 1081 pori
1032 1011 1144 1074 sociata,
1161 1013 1284 1083 quamvis
1298 1013 1384 1085 ipsius
1398 1014 1674 1088 molepvaegrsvetur,
1684 1016 1748 1088 opi-

106 1109 131 1156 et
140 1116 191 1171 per
198 1101 360 1172 obsequium
372 1100 473 1175 lingum
491 1102 611 1158 motione
626 1102 738 1157 volubili
754 1102 900 1157 disserere.
954 1100 1051 1154 niones
1063 1115 1155 1154 rurum
1166 1100 1281 1157 sollicita
1306 1103 1463 1158 curiositate
1474 1104 1617 1174 perpendit
1627 1104 1748 1160 caelestis

105 1199 135 1252 ln
150 1213 269 1269 corpore
283 1199 371 1269 posita
382 1199 557 1270 quammulta
570 1200 666 1269 carnit,
682 1216 697 1253 a
714 1216 745 1254 se
759 1215 813 1256 uon
828 1216 902 1272 egre·
954 1197 1089 1268 profunde
1111 1199 1223 1270 cogitat,
1248 1199 1384 1254 naturalia
1403 1200 1494 1255 subtili
1508 1200 1682 1272 indigatione
1703 1202 1748 1256 in-

106 1287 184 1342 diens
200 1303 279 1360 quum
294 1288 400 1343 diversa
415 1287 609 1359 circumspicit.
628 1288 733 1362 Ubique
749 1289 826 1361 qrrasi
841 1289 902 1344 dis·
955 1287 1071 1359 vestigat
1104 1295 1131 1342 et
1163 1286 1197 1342 de
1215 1287 1275 1358 ipso
1308 1288 1380 1360 quod
1412 1289 1554 1345 conditore
1585 1306 1635 1346 suo
1664 1290 1749 1347 ardua

106 1376 236 1443 tenditur,
269 1383 296 1432 et
314 1376 413 1432 animas
445 1376 505 1432 fleri
523 1377 656 1434 discessio
682 1393 736 1432 non
755 1378 897 1449 probatur.
955 1390 1037 1431 nosse
1052 1374 1201 1431 desiderat.
1224 1374 1305 1445 Quod
1334 1377 1356 1430 si
1376 1385 1449 1432 essct
1467 1377 1628 1448 corporalis,
1648 1379 1749 1451 cogita-

106 1473 244 1540 novetur,
255 1470 380 1543 erigitur,
390 1470 712 1544 lluctuarioognoscitur,
721 1478 747 1527 et
760 1471 788 1526 in
802 1488 832 1528 se
842 1471 903 1544 ipsa
954 1473 1074 1529 tionibus
1107 1473 1164 1529 suis
1182 1472 1334 1546 spiritualia
1364 1489 1415 1532 nec
1434 1483 1559 1532 cerneret
1585 1476 1677 1548 utique
1696 1492 1750 1534 nac

108 1568 237 1633 tauquam
263 1559 291 1614 iu
306 1574 408 1633 magno
436 1574 550 1616 currens
571 1561 656 1632 spatio
671 1568 845 1632 pervagetur.
861 1561 902 1617 hd
956 1561 1073 1619 videret.

108 1664 207 1707 causas
228 1663 283 1704 nou
303 1649 367 1716 exit,
387 1648 437 1705 sed
462 1648 621 1706 tractatibus
640 1649 697 1704 suis
725 1658 903 1722 repraesentat

531 1957 840 2063 nonthtca
862 1956 1097 2065 DECIMA
1125 1957 1319 2064 NONA.

712 2202 907 2269 Secundum
925 2201 1135 2268 Matthaeum.

143 2410 155 2438 ε
172 2388 335 2445 Ascendere
353 2389 434 2445 iesus
449 2388 477 2445 in
491 2387 655 2455 naviculam,
669 2387 857 2446 transfretavit
875 2399 901 2447 et
915 2389 942 2450 B
957 2390 1083 2463 corporis
1097 2398 1256 2463 gravantur,
1272 2393 1301 2445 ul
1315 2389 1367 2447 iob
1389 2397 1417 2447 et
1439 2389 1538 2447 Tobiae
1562 2397 1588 2446 et
1602 2397 1749 2463 martyres,

107 2478 182 2534 venit
196 2477 224 2532 in
236 2477 373 2535 civitatem
381 2493 457 2533 suam
469 2478 578 2545 (liciti.
597 2478 645 2548 ιιι).
659 2478 797 2534 »christus
807 2478 905 2535 Eccle-
959 2481 1050 2535 autad
1066 2480 1216 2536 custodiam
1230 2479 1367 2548 virtutum,
1390 2495 1425 2536 ne
1449 2479 1619 2550 superbiant,
1634 2488 1664 2535 ut
1678 2480 1752 2534 Pau-

107 2566 155 2622 siae
168 2582 266 2622 navem
286 2582 396 2638 semper
405 2566 578 2639 mitigatums
587 2566 696 2623 ductum
708 2567 800 2623 saeculi
812 2576 904 2623 trans·
958 2568 1013 2634 lus,
1026 2568 1071 2639 qui
1086 2569 1124 2623 ait
1139 2586 1145 2622 :
1166 2590 1178 2624 ι
1194 2569 1236 2624 Νε
1254 2567 1415 2639 magnitudo
1430 2568 1626 2624 revelationum
1642 2567 1753 2624 extollat

107 2656 208 2720 cendit,
225 2663 253 2710 ut
269 2656 414 2711 credentes
427 2655 455 2709 in
470 2671 501 2711 se
515 2656 549 2710 ad
566 2655 705 2711 coelestem
716 2656 906 2727 patriamtrsn·
957 2673 1012 2723 me,
1026 2657 1106 2712 datus
1134 2664 1177 2712 est
1192 2657 1258 2712 mibi
1287 2656 1411 2712 stimulus
1436 2655 1527 2712 carnis
1555 2672 1624 2712 meaa
1637 2656 1753 2728 augelus

109 2754 194 2827 quilla
204 2753 377 2827 navigatione
391 2752 533 2825 perducat.
549 2754 657 2809 llarcus
672 2752 698 2808 in
713 2754 902 2824 Capharnaum
959 2753 1067 2811 Satauu-
1081 2761 1110 2810 ut
1121 2770 1166 2810 ma
1179 2752 1329 2826 colaphizet
1349 2754 1386 2824 (ll
1398 2752 1461 2809 Cor.
1473 2753 1554 2823 ιιι..
1576 2757 1630 2810 Αιιι
1642 2753 1676 2808 ad
1687 2769 1753 2811 cor-

108 2843 205 2915 (iiorc.
223 2842 265 2913 ιι),
291 2842 433 2897 blatthaeus
457 2842 484 2896 in
499 2842 606 2898 civitate
621 2856 679 2911 sua,
692 2842 835 2897 liominum
852 2858 903 2899 cu·
959 2842 1076 2913 riganda
1089 2851 1211 2913 peccata,
1228 2842 1297 2897 sicut
1315 2842 1398 2897 llario
1424 2857 1503 2898 soror
1512 2844 1604 2898 Aaron
1618 2841 1645 2896 iu
1662 2857 1754 2899 eremo

107 2948 184 2989 rasse
205 2930 384 3004 paralyticum
396 2938 522 2986 narrant.
551 2929 619 3000 Qum
638 2931 750 3003 quaestio
769 2930 904 2989 difficilius
957 2932 992 2988 ob
1008 2931 1093 2987 verba
1107 2930 1266 2987 temeritatis
1280 2946 1410 3002 percussa
1434 2931 1577 3000 estiensi,
1597 2938 1624 2987 et
1642 2930 1754 3003 paraly-

108 3019 310 3089 soiveretur,si
338 3021 480 3075 llstthaeus
494 3020 647 3076 nominaret
661 3020 805 3076 liararetb.
825 3021 905 3078 Nunc
958 3020 1028 3077 usus
1046 3020 1098 3075 ista
1116 3027 1164 3075 aut
1182 3020 1217 3075 ad
1245 3019 1361 3093 gloriam
1382 3019 1432 3075 liei
1457 3018 1598 3086 salvantis,
1628 3019 1686 3075 siva
1704 3036 1754 3091 per

108 3134 174 3190 ergo
190 3119 252 3191 quis
265 3117 368 3174 dubitet
378 3117 567 3188 capharnaum
583 3117 667 3173 luisse
686 3118 822 3174 civitatem
850 3119 905 3173 Do·
958 3118 1047 3190 ipsum
1062 3117 1120 3173 sive
1134 3133 1183 3189 ρει
1198 3116 1315 3173 famulos
1330 3131 1405 3186 suos,
1421 3117 1490 3173 sicut
1504 3132 1596 3173 caecua
1610 3123 1690 3171 natus
1709 3117 1755 3188 qui

107 3207 185 3273 mini,
201 3221 284 3279 quam
298 3222 354 3262 non
372 3206 513 3263 nascendo
526 3206 575 3263 aad
590 3206 732 3263 miraculis
746 3207 905 3264 illustrando
958 3221 1013 3261 uon
1033 3206 1165 3277 peccavit,
1185 3222 1238 3263 neo
1255 3213 1387 3277 parentes
1406 3205 1477 3275 ejus,
1497 3204 1546 3261 sed
1561 3213 1589 3260 ut
1602 3204 1757 3260 manifesta·

109 3312 186 3353 suam
201 3295 312 3352 lecerat.
333 3295 458 3368 Denique
481 3295 509 3350 in
527 3295 730 3367 comparatione
749 3300 904 3352 exterarum
959 3303 1053 3351 rentur
1070 3310 1156 3366 opera
1178 3295 1230 3350 Dei
1243 3295 1271 3350 in
1290 3294 1338 3350 illo
1353 3296 1446 3363 (ioan.
1462 3295 1534 3363 ιι).ι
1549 3294 1669 3349 Lazarus
1682 3308 1755 3365 quo·

109 3386 256 3457 regionum
283 3392 357 3441 recta
382 3384 531 3451 diceretur,
569 3385 750 3457 quodcunque
776 3385 906 3455 oppidum
959 3395 1011 3452 qtte
1030 3380 1110 3450 cujus
1128 3377 1275 3435 iufirmitas
1301 3395 1356 3435 non
1383 3378 1433 3434 fuit
1447 3379 1482 3433 ad
1502 3387 1629 3443 mortem,
1650 3379 1698 3434 aad
1726 3384 1754 3433 ιιι

110 3482 233 3540 Galilaea>
246 3480 364 3538 civitatis
374 3480 492 3545 Domini,
508 3496 544 3537 ua
560 3480 624 3536 dum
644 3482 831 3551 capharnum,
845 3498 906 3553 qum
959 3474 1128 3549 glorificetur
1147 3477 1231 3532 iilius
1250 3476 1301 3533 lici
1319 3492 1370 3548 per
1389 3492 1451 3532 eum
1466 3478 1559 3547 (ioan.
1575 3480 1622 3542 xri,
1648 3482 1694 3531 aut
1719 3474 1757 3531 ad

109 3573 148 3629 ita
166 3570 319 3629 excellebat
345 3570 373 3625 in
401 3568 513 3627 Galilaea
532 3572 562 3624 ιιι
590 3577 720 3642 tauquam
743 3570 906 3643 metropolis
959 3565 1162 3623 inchoationem
1175 3565 1358 3621 damnationis
1381 3574 1489 3621 aeterum
1505 3582 1513 3620 a
1529 3565 1601 3637 quod
1622 3565 1758 3635 reprobo·

110 3661 267 3717 baberetur.
960 3671 1020 3710 rum
1036 3663 1077 3711 est
1090 3654 1240 3725 proprium,
1254 3654 1324 3711 sicut
1337 3655 1487 3711 Antiochus
1510 3662 1535 3710 et
1554 3654 1690 3720 Herodes,
1711 3653 1757 3724 qui

148 3772 160 3799 ε
174 3750 211 3805 Ει
224 3765 289 3807 ecce
303 3756 423 3822 quatuor
435 3746 486 3802 viri
498 3755 636 3819 portantes
645 3747 672 3803 iu
681 3747 753 3805 lecto
767 3745 943 3810 homiuemC
958 3742 1137 3802 afflictionum
1152 3743 1263 3800 miseria
1282 3743 1473 3810 ostenderunt,
1494 3743 1558 3815 quid
1578 3741 1687 3813 passuri
1709 3758 1756 3798 es-

110 3839 156 3913 qui
171 3845 231 3894 snt
245 3837 422 3909 paratyrtcus,
451 3845 478 3892 et
493 3836 727 3909 quassconicum
747 3836 859 3901 intans,
880 3845 907 3893 et
960 3851 1021 3899 sent
1033 3842 1355 3915 perpetuotngensnns.
1371 3839 1759 3911 Quibuscongrutttttuvpro

110 3942 215 4000 ponera
230 3933 291 3982 ante
304 3928 411 3983 lesum.
444 3926 476 3981 Et
495 3941 550 3981 non
568 3925 738 3982 invenientes
757 3942 814 3999 qua
828 3930 906 3998 parte
959 3933 1079 4003 phetae:
1104 3954 1115 3981 ι
1136 3929 1243 4003 Duplici
1271 3930 1435 3987 contritione
1462 3936 1573 3986 contere
1601 3942 1651 3984 uos
1688 3929 1756 3999 (ier.

111 4031 174 4073 cum
189 4015 322 4072 inferrent
337 4031 395 4087 prae
410 4015 495 4083 turba,
511 4014 695 4072 ascenderunt
708 4031 792 4087 supra
805 4023 906 4074 tectum
960 4021 1064 4089 artri.»

111 4121 138 4170 et
156 4130 208 4186 par
225 4113 331 4187 tegulas
363 4112 550 4168 submiserunt
581 4112 659 4167 illum
685 4128 746 4168 cum
779 4112 853 4172 lecto
878 4113 907 4170 iu
1000 4111 1063 4167 «Et
1072 4105 1345 4180 coepemntoogitare
1360 4105 1463 4162 Scribe
1477 4112 1503 4162 et
1519 4102 1651 4161 Pharisaei
1662 4103 1758 4160 dicen-

111 4203 230 4259 medium
246 4212 309 4258 ante
322 4202 430 4258 iesum.
449 4200 571 4271 Quorum
586 4200 667 4257 iidem
683 4208 711 4257 ut
725 4201 800 4269 vidit,
815 4202 883 4257 dixit
898 4217 905 4257 :
960 4215 1002 4264 tea
1023 4221 1030 4262 ι
1051 4204 1120 4275 Quis
1134 4208 1176 4260 εει
1190 4203 1235 4260 hic
1249 4202 1295 4274 qui
1309 4202 1431 4276 loquitur
1459 4200 1645 4274 blasphemias
1662 4204 1676 4256 ‘i
1691 4201 1759 4270 Quis

110 4289 237 4357 confide,
256 4289 306 4357 iili,
326 4289 500 4346 remittuntur
513 4289 561 4345 tibi
580 4298 690 4360 peccata
711 4298 771 4346 tua.
792 4312 804 4340 ι
822 4292 907 4346 Para·
960 4302 1051 4367 potest
1064 4293 1203 4349 dimittere
1221 4300 1336 4363 peccata
1350 4291 1402 4347 nisi
1418 4291 1493 4347 solus
1509 4291 1583 4347 Deus
1597 4293 1612 4345 ‘l
1628 4312 1640 4339 ι
1658 4290 1760 4347 Verum

110 4378 224 4454 lyticum
239 4394 320 4451 quem
349 4378 453 4433 sanavit
465 4393 521 4434 non
548 4375 806 4449 prosualidecum
820 4394 906 4434 aenou
961 4378 1761 4454 dicuntScribaequiaipsesoluspotestdimittarequiper

111 4485 229 4544 careret,
264 4475 312 4533 sed
331 4491 383 4547 pro
414 4474 466 4530 iide
485 4472 657 4530 offerentium
686 4475 795 4531 vocavit
812 4475 906 4544 lilium,
963 4487 1136 4544 eosquoque
1165 4470 1272 4526 dimittit
1290 4469 1389 4541 quibus
1417 4475 1580 4540 potestatem
1608 4467 1761 4524 dimittendi

110 4566 173 4623 ideo
188 4565 252 4637 quia
280 4565 392 4619 dimissa
408 4573 470 4619 sunt
497 4562 522 4619 ei
537 4566 651 4634 peccata
665 4578 728 4618 sua.
746 4565 907 4621 Intuendum
963 4568 1072 4624 tribuit.
1088 4567 1223 4623 Putabunt
1239 4565 1384 4621 Dominum
1400 4565 1590 4636 blasphemare
1605 4565 1762 4636 arrogando

113 4662 243 4726 quantum
259 4651 334 4710 valet
348 4651 417 4709 fidas
432 4651 554 4724 propria,
570 4651 592 4705 si
620 4658 722 4707 tantum
737 4652 820 4708 valuit
838 4653 907 4709 alie·
962 4656 1017 4714 sibi
1027 4655 1100 4728 quod
1115 4655 1166 4712 liei
1185 4662 1236 4720 est,
1257 4653 1306 4710 sed
1320 4669 1415 4709 eorum
1435 4653 1617 4727 cogitationes
1632 4653 1761 4708 revelan-

109 4759 156 4800 na.
172 4741 224 4814 Qui
239 4757 308 4816 ergo
323 4750 440 4814 peccato
455 4749 598 4813 gravatur,
611 4740 740 4796 adhibeat
753 4741 908 4798 Ecclesiam
965 4746 1000 4803 do
1018 4754 1046 4802 et
1064 4745 1145 4818 signo
1160 4742 1260 4800 visibili
1276 4742 1348 4815 quod
1363 4751 1469 4799 translat
1481 4757 1588 4814 aequum
1603 4741 1703 4797 divinae
1713 4756 1762 4812 po·

112 4856 173 4912 quae
187 4854 236 4910 pro
252 4854 285 4894 eo
299 4844 438 4910 precetur.
458 4836 508 4893 llio
528 4835 609 4892 datur
622 4836 738 4908 intelligi
763 4836 908 4911 plerasque
965 4836 1057 4892 tantive
1072 4851 1136 4891 esse
1154 4832 1224 4889 siout
1240 4841 1354 4904 peccata
1381 4832 1518 4888 dimittere
1533 4830 1622 4887 Deum
1646 4846 1676 4887 se
1700 4845 1762 4887 esse

110 4942 255 4999 oorpomm
282 4925 438 4981 debilitates
466 4924 576 4982 evenire
596 4932 709 4997 propter
730 4933 856 4997 peccata.
874 4927 908 4983 Et
961 4923 1081 4998 judicat.

110 5015 175 5072 ideo
193 5015 317 5071 forsitam
344 5014 422 5086 prius
436 5012 609 5069 dimittuntur
623 5021 747 5085 peccata,
760 5021 790 5069 ut
816 5016 908 5071 causis
1000 5036 1011 5060 ι
1030 5013 1063 5069 Et
1081 5027 1145 5069 cum
1163 5009 1339 5083 cognovisset
1352 5008 1432 5065 iesus
1460 5007 1640 5079 cogitationes
1654 5021 1761 5075 eorum,

110 5102 259 5160 debilitatis
274 5102 374 5159 ablatis
396 5102 500 5158 sanitas
515 5101 683 5157 restituatur.
699 5101 767 5158 lliuc
781 5111 823 5158 est
836 5104 909 5175 quod
922 5112 949 5175 D
964 5099 1142 5174 respondens
1155 5099 1223 5155 dixit
1236 5099 1272 5155 ad
1295 5096 1357 5154 illos
1373 5114 1381 5152 ι
1411 5096 1483 5167 Quid
1506 5096 1630 5165 cogitatis
1644 5095 1717 5152 mals
1734 5095 1761 5151 in

110 5184 156 5239 hic
170 5182 336 5256 pattlylitius
350 5182 378 5236 11¹
401 5182 475 5238 11⁰0ss
489 5188 603 5237 V00⁸it¹t
616 5181 700 5238 h⁰m⁰
715 5183 796 5253 (lutati
811 5199 914 5254 petet·
968 5188 1098 5249 cordibus
1112 5187 1240 5244 vestris?
1257 5186 1323 5259 quid
1343 5195 1385 5241 ast
1399 5184 1505 5241 lucilius
1524 5185 1617 5241 dicere
1638 5199 1645 5238 :
1665 5184 1764 5241 [timia-

110 5280 155 5329 ¹⁰¹
174 5272 254 5343 (tor.
270 5272 310 5341 v).
331 5275 357 5326 01
389 5269 444 5326 alio
462 5267 613 5342 paralytico
631 5268 667 5325 ad
685 5270 818 5341 piscinam
837 5271 909 5329 dici·
965 5286 1058 5335 tuntur
1072 5276 1121 5332 tibi
1136 5284 1259 5348 peccata,
1287 5290 1322 5331 an
1342 5275 1448 5331 dicere.
1472 5275 1562 5346 Surge
1580 5280 1607 5329 et
1621 5273 1763 5329 ambula?

110 5367 177 5415 tur:
198 5379 209 5408 ¹
229 5359 302 5413 3⁰⁰0
317 5358 500 5414 ⁸⁸¹¹⁰⁸f⁸⁰i⁰⁸
515 5372 556 5424 θῦε
579 5358 635 5426 iem
654 5357 713 5414 ¹¹0¹i
728 5373 854 5430 decente.
876 5375 910 5418 ne
963 5366 999 5425 ttt
1026 5374 1115 5423 autem
1145 5362 1239 5421 sciatis
1271 5364 1335 5437 quia
1354 5362 1438 5420 Filius
1457 5362 1574 5419 hominis
1601 5369 1763 5434 potestatem

111 5447 232 5503 d⁶¹⁰f¹¹¹⁸
247 5445 295 5500 ‘ibi
311 5444 414 5517 *ninid
428 5446 569 5517 imiimi
585 5444 685 5517 (Joaat.
703 5449 742 5519 v).
759 5447 910 5522 ”Quinque
963 5456 1047 5513 babet
1076 5455 1104 5510 iu
1118 5462 1193 5509 terra
1207 5450 1344 5509 dimittere
1371 5458 1496 5525 peccata,
1523 5458 1587 5507 tunc
1601 5451 1638 5506 ait
1652 5450 1764 5522 paraly-

111 5552 202 5601 autem
213 5549 277 5599 aunt
290 5540 451 5599 diberentiae
465 5556 622 5607 causarum,
638 5558 690 5616 pru
704 5544 802 5618 quibus
815 5546 843 5601 iu
857 5546 911 5603 bac
965 5544 1020 5601 tico
1036 5562 1044 5600 z
1059 5542 1118 5600 libi
1137 5542 1200 5599 dicu
1217 5558 1224 5596 ι
1241 5541 1343 5613 Surge,
1359 5539 1425 5597 tolle
1439 5539 1541 5597 lectum
1550 5548 1637 5611 tuum,
1653 5546 1680 5594 et
1694 5538 1765 5594 vade

111 5634 169 5691 vita
181 5630 319 5690 molestiis
334 5630 522 5704 corporalibus
536 5630 694 5707 affligimur.
709 5634 848 5692 iuterim
873 5634 911 5692 ad
964 5632 993 5690 iu
1007 5633 1120 5691 domum
1134 5636 1223 5688 tuam.
1244 5651 1256 5679 ι
1282 5630 1379 5688 Utrum
1400 5627 1454 5685 sint
1480 5628 1629 5703 paralytico
1651 5634 1766 5699 peccata

110 5723 209 5785 mliii
236 5719 364 5796 mimi·
389 5734 443 5795 1²0?
475 5718 634 5795 bibentium
656 5720 726 5797 juatl
751 5720 910 5785 infirmitate
963 5722 1078 5782 dimissa
1091 5718 1296 5780 solmnoverat
1310 5716 1537 5795 quidmtttsbst.
1569 5716 1689 5788 Surgere
1716 5726 1766 5771 au·
