<?xml version="1.0" encoding="UTF-8"?>
<!DOCTYPE html PUBLIC "-//W3C//DTD XHTML 1.0 Transitional//EN"
    "http://www.w3.org/TR/xhtml1/DTD/xhtml1-transitional.dtd">
<html xmlns="http://www.w3.org/1999/xhtml" xml:lang="en" lang="en">
 <head>
  <title>
</title>
<meta http-equiv="Content-Type" content="text/html;charset=utf-8" />
  <meta name='ocr-system' content='tesseract 3.04.00' />
  <meta name='ocr-capabilities' content='ocr_page ocr_carea ocr_par ocr_line ocrx_word'/>
</head>
<body>
  <div class='ocr_page' id='page_1' title='image "./patrologiaecurs60unkngoog/patrologiaecurs60unkngoog_0486.png"; bbox 0 0 3780 6044; ppageno 0'>
   <div class='ocr_carea' id='block_1_1' title="bbox 45 238 1705 342">
    <p class='ocr_par' dir='ltr' id='par_1_1' title="bbox 45 238 1705 342">
     <span class='ocr_line' id='line_1_1' title="bbox 45 238 1705 342; baseline -0.008 -3"><span class='ocrx_word' id='word_1_1' title='bbox 45 283 96 339; x_wconf 84' lang='grc' dir='ltr'><strong>ιιι</strong></span> <span class='ocrx_word' id='word_1_2' title='bbox 518 268 809 334; x_wconf 80' lang='lat' dir='ltr'><strong>unruoaurtortss</strong></span> <span class='ocrx_word' id='word_1_3' title='bbox 827 238 877 334; x_wconf 89' lang='lat' dir='ltr'><strong>ss.</strong></span> <span class='ocrx_word' id='word_1_4' title='bbox 895 260 1187 342; x_wconf 74' lang='grc' dir='ltr'>ιιιιιι,-·“ιιι.</span> <span class='ocrx_word' id='word_1_5' title='bbox 1205 272 1228 327; x_wconf 91' lang='lat'><strong>1.</strong></span> <span class='ocrx_word' id='word_1_6' title='bbox 1647 268 1705 327; x_wconf 84' lang='grc' dir='ltr'><strong>ιιι</strong></span> 
     </span>
    </p>
   </div>
   <div class='ocr_carea' id='block_1_2' title="bbox 44 388 1708 1359">
    <p class='ocr_par' dir='ltr' id='par_1_2' title="bbox 44 388 1708 1359">
     <span class='ocr_line' id='line_1_2' title="bbox 45 388 1702 480; baseline -0.009 -17"><span class='ocrx_word' id='word_1_7' title='bbox 45 404 134 480; x_wconf 89' lang='lat' dir='ltr'><strong>spatio</strong></span> <span class='ocrx_word' id='word_1_8' title='bbox 148 402 262 479; x_wconf 90' lang='lat' dir='ltr'><strong>proprio</strong></span> <span class='ocrx_word' id='word_1_9' title='bbox 277 401 432 471; x_wconf 87' lang='lat' dir='ltr'><strong>terminata,</strong></span> <span class='ocrx_word' id='word_1_10' title='bbox 457 407 485 458; x_wconf 98' lang='lat' dir='ltr'><strong>et</strong></span> <span class='ocrx_word' id='word_1_11' title='bbox 506 416 561 457; x_wconf 90' lang='lat' dir='ltr'><strong>noo</strong></span> <span class='ocrx_word' id='word_1_12' title='bbox 584 401 642 471; x_wconf 80' lang='lat' dir='ltr'><strong>iam</strong></span> <span class='ocrx_word' id='word_1_13' title='bbox 665 396 805 455; x_wconf 90' lang='lat' dir='ltr'><strong>hominem</strong></span> <span class='ocrx_word' id='word_1_14' title='bbox 817 396 845 452; x_wconf 88' lang='lat' dir='ltr'><strong>in</strong></span> <span class='ocrx_word' id='word_1_15' title='bbox 858 398 888 461; x_wconf 85' lang='grc' dir='ltr'><strong>Α</strong></span> <span class='ocrx_word' id='word_1_16' title='bbox 902 402 930 454; x_wconf 86' lang='grc' dir='ltr'><strong>ιι</strong></span> <span class='ocrx_word' id='word_1_17' title='bbox 944 388 1161 452; x_wconf 71' lang='lat' dir='ltr'><strong>deformitatibus</strong></span> <span class='ocrx_word' id='word_1_18' title='bbox 1175 408 1320 475; x_wconf 90' lang='lat' dir='ltr'><strong>corporum</strong></span> <span class='ocrx_word' id='word_1_19' title='bbox 1344 408 1455 451; x_wconf 92' lang='lat' dir='ltr'><strong>snorum</strong></span> <span class='ocrx_word' id='word_1_20' title='bbox 1479 400 1625 468; x_wconf 89' lang='lat' dir='ltr'><strong>resurgant</strong></span> <span class='ocrx_word' id='word_1_21' title='bbox 1638 391 1702 466; x_wconf 91' lang='lat' dir='ltr'><strong>qni-</strong></span> 
     </span>
     <span class='ocr_line' id='line_1_3' title="bbox 44 482 1703 568; baseline -0.008 -16"><span class='ocrx_word' id='word_1_22' title='bbox 44 495 208 552; x_wconf 83' lang='lat' dir='ltr'><strong>detrimeotu</strong></span> <span class='ocrx_word' id='word_1_23' title='bbox 231 509 348 568; x_wconf 84' lang='lat' dir='ltr'><strong>vergere</strong></span> <span class='ocrx_word' id='word_1_24' title='bbox 369 490 503 566; x_wconf 85' lang='lat' dir='ltr'><strong>gravioris</strong></span> <span class='ocrx_word' id='word_1_25' title='bbox 526 504 559 547; x_wconf 91' lang='lat' dir='ltr'><strong>ac</strong></span> <span class='ocrx_word' id='word_1_26' title='bbox 583 487 678 544; x_wconf 90' lang='lat' dir='ltr'><strong>senilis</strong></span> <span class='ocrx_word' id='word_1_27' title='bbox 701 486 797 557; x_wconf 76' lang='lat' dir='ltr'><strong>aetatis,</strong></span> <span class='ocrx_word' id='word_1_28' title='bbox 820 494 847 542; x_wconf 94' lang='lat' dir='ltr'><strong>et</strong></span> <span class='ocrx_word' id='word_1_29' title='bbox 900 500 1012 557; x_wconf 89' lang='lat' dir='ltr'><strong>cunque</strong></span> <span class='ocrx_word' id='word_1_30' title='bbox 1027 483 1053 540; x_wconf 91' lang='lat' dir='ltr'><strong>in</strong></span> <span class='ocrx_word' id='word_1_31' title='bbox 1069 483 1109 540; x_wconf 90' lang='lat' dir='ltr'><strong>eis</strong></span> <span class='ocrx_word' id='word_1_32' title='bbox 1124 482 1256 538; x_wconf 75' lang='lat' dir='ltr'>deformia</span> <span class='ocrx_word' id='word_1_33' title='bbox 1272 491 1300 539; x_wconf 92' lang='lat' dir='ltr'><strong>et</strong></span> <span class='ocrx_word' id='word_1_34' title='bbox 1315 482 1412 539; x_wconf 87' lang='lat' dir='ltr'><strong>vitiosa</strong></span> <span class='ocrx_word' id='word_1_35' title='bbox 1433 483 1555 539; x_wconf 87' lang='lat' dir='ltr'><strong>membra</strong></span> <span class='ocrx_word' id='word_1_36' title='bbox 1570 489 1703 554; x_wconf 83' lang='lat' dir='ltr'><strong>gestave-</strong></span> 
     </span>
     <span class='ocr_line' id='line_1_4' title="bbox 46 571 1705 653; baseline -0.008 -13"><span class='ocrx_word' id='word_1_37' title='bbox 46 584 109 640; x_wconf 89' lang='lat' dir='ltr'><strong>ideo</strong></span> <span class='ocrx_word' id='word_1_38' title='bbox 124 598 252 639; x_wconf 89' lang='lat' dir='ltr'><strong>nonesso</strong></span> <span class='ocrx_word' id='word_1_39' title='bbox 267 581 372 638; x_wconf 89' lang='lat' dir='ltr'><strong>dictum</strong></span> <span class='ocrx_word' id='word_1_40' title='bbox 389 580 588 653; x_wconf 84' lang='lat' dir='ltr'><strong>inmensorum</strong></span> <span class='ocrx_word' id='word_1_41' title='bbox 610 577 743 650; x_wconf 91' lang='lat' dir='ltr'><strong>corporis,</strong></span> <span class='ocrx_word' id='word_1_42' title='bbox 759 575 803 632; x_wconf 87' lang='lat' dir='ltr'><strong>vel</strong></span> <span class='ocrx_word' id='word_1_43' title='bbox 818 576 847 631; x_wconf 89' lang='lat' dir='ltr'><strong>in</strong></span> <span class='ocrx_word' id='word_1_44' title='bbox 901 576 976 639; x_wconf 89' lang='lat' dir='ltr'><strong>runt,</strong></span> <span class='ocrx_word' id='word_1_45' title='bbox 993 572 1158 645; x_wconf 89' lang='lat' dir='ltr'><strong>inquirendo</strong></span> <span class='ocrx_word' id='word_1_46' title='bbox 1182 572 1310 628; x_wconf 89' lang='lat' dir='ltr'><strong>laborare</strong></span> <span class='ocrx_word' id='word_1_47' title='bbox 1338 571 1404 644; x_wconf 89' lang='lat' dir='ltr'><strong>quid</strong></span> <span class='ocrx_word' id='word_1_48' title='bbox 1428 586 1498 645; x_wconf 91' lang='lat' dir='ltr'><strong>opus</strong></span> <span class='ocrx_word' id='word_1_49' title='bbox 1520 573 1589 627; x_wconf 78' lang='lat' dir='ltr'><strong>est?</strong></span> <span class='ocrx_word' id='word_1_50' title='bbox 1607 572 1705 645; x_wconf 81' lang='lat' dir='ltr'><strong>Neque</strong></span> 
     </span>
     <span class='ocr_line' id='line_1_5' title="bbox 44 659 1705 739; baseline -0.009 -10"><span class='ocrx_word' id='word_1_51' title='bbox 44 687 204 730; x_wconf 87' lang='lat' dir='ltr'><strong>mensuram</strong></span> <span class='ocrx_word' id='word_1_52' title='bbox 217 675 338 738; x_wconf 81' lang='lat' dir='ltr'><strong>staturae,</strong></span> <span class='ocrx_word' id='word_1_53' title='bbox 362 669 411 725; x_wconf 90' lang='lat' dir='ltr'><strong>sed</strong></span> <span class='ocrx_word' id='word_1_54' title='bbox 432 669 465 726; x_wconf 78' lang='lat' dir='ltr'><strong>ic</strong></span> <span class='ocrx_word' id='word_1_55' title='bbox 485 683 650 725; x_wconf 78' lang='lat' dir='ltr'><strong>mensuram</strong></span> <span class='ocrx_word' id='word_1_56' title='bbox 673 667 769 722; x_wconf 81' lang='lat' dir='ltr'><strong>oetotia</strong></span> <span class='ocrx_word' id='word_1_57' title='bbox 782 666 846 739; x_wconf 85' lang='lat' dir='ltr'><strong>ple·</strong></span> <span class='ocrx_word' id='word_1_58' title='bbox 903 662 978 720; x_wconf 90' lang='lat' dir='ltr'><strong>enim</strong></span> <span class='ocrx_word' id='word_1_59' title='bbox 993 661 1104 734; x_wconf 86' lang='lat' dir='ltr'><strong>fatigare</strong></span> <span class='ocrx_word' id='word_1_60' title='bbox 1120 675 1170 718; x_wconf 89' lang='lat' dir='ltr'><strong>nos</strong></span> <span class='ocrx_word' id='word_1_61' title='bbox 1185 659 1266 717; x_wconf 91' lang='lat' dir='ltr'><strong>debet</strong></span> <span class='ocrx_word' id='word_1_62' title='bbox 1277 660 1381 718; x_wconf 89' lang='lat' dir='ltr'><strong>incerta</strong></span> <span class='ocrx_word' id='word_1_63' title='bbox 1403 676 1498 718; x_wconf 91' lang='lat' dir='ltr'><strong>eorum</strong></span> <span class='ocrx_word' id='word_1_64' title='bbox 1513 659 1556 716; x_wconf 88' lang='lat' dir='ltr'><strong>vel</strong></span> <span class='ocrx_word' id='word_1_65' title='bbox 1573 660 1705 716; x_wconf 90' lang='lat' dir='ltr'><strong>habitudo</strong></span> 
     </span>
     <span class='ocr_line' id='line_1_6' title="bbox 45 748 1706 833; baseline -0.008 -14"><span class='ocrx_word' id='word_1_66' title='bbox 45 761 190 820; x_wconf 78' lang='lat' dir='ltr'><strong>citudinis</strong></span> <span class='ocrx_word' id='word_1_67' title='bbox 216 757 322 816; x_wconf 83' lang='lat' dir='ltr'><strong>Girritti</strong></span> <span class='ocrx_word' id='word_1_68' title='bbox 362 756 473 832; x_wconf 79' lang='lat' dir='ltr'><strong>(lipftet.</strong></span> <span class='ocrx_word' id='word_1_69' title='bbox 498 756 550 831; x_wconf 87' lang='lat' dir='ltr'><strong>tv).</strong></span> <span class='ocrx_word' id='word_1_70' title='bbox 580 755 651 813; x_wconf 93' lang='lat' dir='ltr'><strong>lllud</strong></span> <span class='ocrx_word' id='word_1_71' title='bbox 670 755 750 811; x_wconf 89' lang='lat' dir='ltr'><strong>ctiam</strong></span> <span class='ocrx_word' id='word_1_72' title='bbox 774 753 849 827; x_wconf 92' lang='lat' dir='ltr'><strong>quod</strong></span> <span class='ocrx_word' id='word_1_73' title='bbox 904 751 948 807; x_wconf 88' lang='lat' dir='ltr'><strong>vel</strong></span> <span class='ocrx_word' id='word_1_74' title='bbox 966 750 1149 822; x_wconf 85' lang='lat' dir='ltr'><strong>pulchritudo,</strong></span> <span class='ocrx_word' id='word_1_75' title='bbox 1172 765 1289 821; x_wconf 90' lang='lat' dir='ltr'><strong>quorum</strong></span> <span class='ocrx_word' id='word_1_76' title='bbox 1313 749 1363 805; x_wconf 88' lang='lat' dir='ltr'><strong>erit</strong></span> <span class='ocrx_word' id='word_1_77' title='bbox 1391 755 1467 806; x_wconf 89' lang='lat' dir='ltr'><strong>certa</strong></span> <span class='ocrx_word' id='word_1_78' title='bbox 1481 757 1514 825; x_wconf 16' lang='lat' dir='ltr'><strong>‘et</strong></span> <span class='ocrx_word' id='word_1_79' title='bbox 1537 748 1706 833; x_wconf 81' lang='lat' dir='ltr'><strong>sempiterna</strong></span> 
     </span>
     <span class='ocr_line' id='line_1_7' title="bbox 47 837 1706 924; baseline -0.008 -17"><span class='ocrx_word' id='word_1_80' title='bbox 47 849 200 924; x_wconf 76' lang='lat' dir='ltr'><strong>Apostolus</strong></span> <span class='ocrx_word' id='word_1_81' title='bbox 214 848 263 916; x_wconf 89' lang='lat' dir='ltr'><strong>ait,</strong></span> <span class='ocrx_word' id='word_1_82' title='bbox 287 847 524 920; x_wconf 75' lang='lat' dir='ltr'><strong>«predestinatos</strong></span> <span class='ocrx_word' id='word_1_83' title='bbox 547 845 706 903; x_wconf 89' lang='lat' dir='ltr'><strong>conformes</strong></span> <span class='ocrx_word' id='word_1_84' title='bbox 720 840 848 918; x_wconf 78' lang='lat' dir='ltr'><strong>imaginis</strong></span> <span class='ocrx_word' id='word_1_85' title='bbox 903 837 1050 896; x_wconf 89' lang='lat' dir='ltr'><strong>damnatio.</strong></span> <span class='ocrx_word' id='word_1_86' title='bbox 1066 838 1125 894; x_wconf 92' lang='lat' dir='ltr'><strong>Nec</strong></span> <span class='ocrx_word' id='word_1_87' title='bbox 1138 845 1248 894; x_wconf 86' lang='lat' dir='ltr'><strong>moveat</strong></span> <span class='ocrx_word' id='word_1_88' title='bbox 1262 838 1400 911; x_wconf 91' lang='lat' dir='ltr'><strong>quomodo</strong></span> <span class='ocrx_word' id='word_1_89' title='bbox 1424 837 1474 893; x_wconf 90' lang='lat' dir='ltr'><strong>erit</strong></span> <span class='ocrx_word' id='word_1_90' title='bbox 1493 837 1522 893; x_wconf 90' lang='lat' dir='ltr'><strong>in</strong></span> <span class='ocrx_word' id='word_1_91' title='bbox 1543 837 1583 893; x_wconf 88' lang='lat' dir='ltr'><strong>eis</strong></span> <span class='ocrx_word' id='word_1_92' title='bbox 1605 852 1706 911; x_wconf 91' lang='lat' dir='ltr'><strong>corpus</strong></span> 
     </span>
     <span class='ocr_line' id='line_1_8' title="bbox 47 925 1706 1009; baseline -0.008 -14"><span class='ocrx_word' id='word_1_93' title='bbox 47 936 108 995; x_wconf 76' lang='lat' dir='ltr'><strong>filii</strong></span> <span class='ocrx_word' id='word_1_94' title='bbox 124 937 172 995; x_wconf 87' lang='lat' dir='ltr'><strong>Uei</strong></span> <span class='ocrx_word' id='word_1_95' title='bbox 187 938 276 1008; x_wconf 86' lang='lat' dir='ltr'><strong>(lium.</strong></span> <span class='ocrx_word' id='word_1_96' title='bbox 289 938 348 1007; x_wconf 80' lang='lat' dir='ltr'><strong>viu)</strong></span> <span class='ocrx_word' id='word_1_97' title='bbox 366 959 377 986; x_wconf 82' lang='grc' dir='ltr'><strong>ι</strong></span> <span class='ocrx_word' id='word_1_98' title='bbox 394 943 487 1009; x_wconf 90' lang='lat' dir='ltr'><strong>potest</strong></span> <span class='ocrx_word' id='word_1_99' title='bbox 501 935 542 992; x_wconf 91' lang='lat' dir='ltr'><strong>sic</strong></span> <span class='ocrx_word' id='word_1_100' title='bbox 555 932 652 1005; x_wconf 77' lang='lat' dir='ltr'><strong>accipi,</strong></span> <span class='ocrx_word' id='word_1_101' title='bbox 669 941 698 989; x_wconf 93' lang='lat' dir='ltr'><strong>ut</strong></span> <span class='ocrx_word' id='word_1_102' title='bbox 713 930 848 1007; x_wconf 89' lang='lat' dir='ltr'><strong>quemad·</strong></span> <span class='ocrx_word' id='word_1_103' title='bbox 901 926 1121 998; x_wconf 87' lang='lat' dir='ltr'><strong>incorruptibile,</strong></span> <span class='ocrx_word' id='word_1_104' title='bbox 1144 925 1168 982; x_wconf 89' lang='lat' dir='ltr'><strong>si</strong></span> <span class='ocrx_word' id='word_1_105' title='bbox 1181 926 1276 982; x_wconf 88' lang='lat' dir='ltr'><strong>dolero</strong></span> <span class='ocrx_word' id='word_1_106' title='bbox 1298 926 1407 999; x_wconf 83' lang='lat' dir='ltr'><strong>poturit,</strong></span> <span class='ocrx_word' id='word_1_107' title='bbox 1421 933 1468 981; x_wconf 91' lang='lat' dir='ltr'><strong>aut</strong></span> <span class='ocrx_word' id='word_1_108' title='bbox 1487 925 1625 1000; x_wconf 90' lang='lat' dir='ltr'><strong>quomodo</strong></span> <span class='ocrx_word' id='word_1_109' title='bbox 1640 941 1706 983; x_wconf 87' lang='lat' dir='ltr'><strong>eor·</strong></span> 
     </span>
     <span class='ocr_line' id='line_1_9' title="bbox 46 1012 1706 1091; baseline -0.008 -7"><span class='ocrx_word' id='word_1_110' title='bbox 46 1026 160 1084; x_wconf 92' lang='lat' dir='ltr'><strong>modum</strong></span> <span class='ocrx_word' id='word_1_111' title='bbox 175 1026 254 1082; x_wconf 89' lang='lat' dir='ltr'><strong>nobis</strong></span> <span class='ocrx_word' id='word_1_112' title='bbox 270 1025 315 1082; x_wconf 91' lang='lat' dir='ltr'><strong>illc</strong></span> <span class='ocrx_word' id='word_1_113' title='bbox 331 1025 506 1091; x_wconf 77' lang='lat' dir='ltr'><strong>mortalitate,</strong></span> <span class='ocrx_word' id='word_1_114' title='bbox 521 1024 557 1081; x_wconf 94' lang='lat' dir='ltr'><strong>ita</strong></span> <span class='ocrx_word' id='word_1_115' title='bbox 580 1031 607 1081; x_wconf 89' lang='lat' dir='ltr'><strong>et</strong></span> <span class='ocrx_word' id='word_1_116' title='bbox 622 1039 672 1080; x_wconf 91' lang='lat' dir='ltr'><strong>nos</strong></span> <span class='ocrx_word' id='word_1_117' title='bbox 687 1022 725 1078; x_wconf 92' lang='lat' dir='ltr'><strong>illi</strong></span> <span class='ocrx_word' id='word_1_118' title='bbox 739 1021 849 1079; x_wconf 86' lang='lat' dir='ltr'><strong>efficia-</strong></span> <span class='ocrx_word' id='word_1_119' title='bbox 904 1015 1043 1088; x_wconf 89' lang='lat' dir='ltr'><strong>ruptibile,</strong></span> <span class='ocrx_word' id='word_1_120' title='bbox 1068 1016 1092 1070; x_wconf 91' lang='lat' dir='ltr'><strong>si</strong></span> <span class='ocrx_word' id='word_1_121' title='bbox 1116 1029 1169 1070; x_wconf 93' lang='lat' dir='ltr'><strong>non</strong></span> <span class='ocrx_word' id='word_1_122' title='bbox 1198 1014 1308 1086; x_wconf 90' lang='lat' dir='ltr'><strong>poterit.</strong></span> <span class='ocrx_word' id='word_1_123' title='bbox 1331 1015 1393 1070; x_wconf 92' lang='lat' dir='ltr'><strong>Non</strong></span> <span class='ocrx_word' id='word_1_124' title='bbox 1412 1014 1486 1070; x_wconf 90' lang='lat' dir='ltr'><strong>enim</strong></span> <span class='ocrx_word' id='word_1_125' title='bbox 1501 1022 1543 1071; x_wconf 89' lang='lat' dir='ltr'><strong>est</strong></span> <span class='ocrx_word' id='word_1_126' title='bbox 1561 1030 1625 1071; x_wconf 86' lang='lat' dir='ltr'><strong>vcra</strong></span> <span class='ocrx_word' id='word_1_127' title='bbox 1639 1012 1706 1083; x_wconf 86' lang='lat' dir='ltr'><strong>vita,</strong></span> 
     </span>
     <span class='ocr_line' id='line_1_10' title="bbox 46 1099 1707 1173; baseline -0.008 -1"><span class='ocrx_word' id='word_1_128' title='bbox 46 1124 110 1172; x_wconf 89' lang='lat' dir='ltr'><strong>mur</strong></span> <span class='ocrx_word' id='word_1_129' title='bbox 122 1115 330 1173; x_wconf 86' lang='lat' dir='ltr'><strong>immortalitate</strong></span> <span class='ocrx_word' id='word_1_130' title='bbox 344 1113 514 1172; x_wconf 79' lang='lat' dir='ltr'><strong>conformes.</strong></span> <span class='ocrx_word' id='word_1_131' title='bbox 534 1113 579 1171; x_wconf 90' lang='lat' dir='ltr'><strong>Sic</strong></span> <span class='ocrx_word' id='word_1_132' title='bbox 594 1113 720 1169; x_wconf 82' lang='lat' dir='ltr'><strong>antemio</strong></span> <span class='ocrx_word' id='word_1_133' title='bbox 736 1111 778 1167; x_wconf 89' lang='lat' dir='ltr'><strong>his</strong></span> <span class='ocrx_word' id='word_1_134' title='bbox 789 1127 852 1167; x_wconf 89' lang='lat' dir='ltr'><strong>ver·</strong></span> <span class='ocrx_word' id='word_1_135' title='bbox 902 1103 1017 1159; x_wconf 77' lang='lat' dir='ltr'><strong>nisiubi</strong></span> <span class='ocrx_word' id='word_1_136' title='bbox 1041 1101 1158 1158; x_wconf 88' lang='lat' dir='ltr'><strong>feliciter</strong></span> <span class='ocrx_word' id='word_1_137' title='bbox 1181 1099 1308 1171; x_wconf 59' lang='lat' dir='ltr'><strong>trivium</strong></span> <span class='ocrx_word' id='word_1_138' title='bbox 1334 1116 1384 1158; x_wconf 81' lang='lat' dir='ltr'><strong>nec</strong></span> <span class='ocrx_word' id='word_1_139' title='bbox 1410 1101 1484 1167; x_wconf 83' lang='lat' dir='ltr'><strong>vera,</strong></span> <span class='ocrx_word' id='word_1_140' title='bbox 1509 1101 1563 1157; x_wconf 88' lang='lat' dir='ltr'><strong>nisi</strong></span> <span class='ocrx_word' id='word_1_141' title='bbox 1590 1100 1637 1158; x_wconf 88' lang='lat' dir='ltr'><strong>ubi</strong></span> <span class='ocrx_word' id='word_1_142' title='bbox 1661 1101 1707 1157; x_wconf 88' lang='lat' dir='ltr'><strong>in-</strong></span> 
     </span>
     <span class='ocr_line' id='line_1_11' title="bbox 46 1188 1708 1278; baseline -0.009 -19"><span class='ocrx_word' id='word_1_143' title='bbox 46 1193 155 1278; x_wconf 88' lang='lat' dir='ltr'><strong>b&#39;isqua</strong></span> <span class='ocrx_word' id='word_1_144' title='bbox 169 1203 257 1260; x_wconf 86' lang='lat' dir='ltr'><strong>forma</strong></span> <span class='ocrx_word' id='word_1_145' title='bbox 272 1211 462 1260; x_wconf 87' lang='lat' dir='ltr'><strong>resurrectura</strong></span> <span class='ocrx_word' id='word_1_146' title='bbox 478 1203 531 1258; x_wconf 90' lang='lat' dir='ltr'><strong>sint</strong></span> <span class='ocrx_word' id='word_1_147' title='bbox 555 1217 674 1275; x_wconf 87' lang='lat' dir='ltr'><strong>corpora</strong></span> <span class='ocrx_word' id='word_1_148' title='bbox 690 1200 850 1256; x_wconf 91' lang='lat' dir='ltr'><strong>sumusad-</strong></span> <span class='ocrx_word' id='word_1_149' title='bbox 904 1190 1041 1261; x_wconf 90' lang='lat' dir='ltr'><strong>corruptio</strong></span> <span class='ocrx_word' id='word_1_150' title='bbox 1068 1206 1075 1244; x_wconf 92' lang='lat'>:</span> <span class='ocrx_word' id='word_1_151' title='bbox 1102 1189 1177 1244; x_wconf 89' lang='lat' dir='ltr'><strong>salus</strong></span> <span class='ocrx_word' id='word_1_152' title='bbox 1205 1188 1282 1244; x_wconf 93' lang='lat' dir='ltr'><strong>nullo</strong></span> <span class='ocrx_word' id='word_1_153' title='bbox 1309 1188 1404 1245; x_wconf 88' lang='lat' dir='ltr'><strong>doloro</strong></span> <span class='ocrx_word' id='word_1_154' title='bbox 1433 1190 1623 1263; x_wconf 79' lang='lat' dir='ltr'><strong>corrumpitur.</strong></span> <span class='ocrx_word' id='word_1_155' title='bbox 1655 1188 1708 1246; x_wconf 87' lang='lat' dir='ltr'><strong>Ubi</strong></span> 
     </span>
     <span class='ocr_line' id='line_1_12' title="bbox 48 1275 1707 1359; baseline -0.008 -10"><span class='ocrx_word' id='word_1_156' title='bbox 48 1292 156 1357; x_wconf 86' lang='lat' dir='ltr'><strong>moniti,</strong></span> <span class='ocrx_word' id='word_1_157' title='bbox 172 1291 246 1349; x_wconf 91' lang='lat' dir='ltr'><strong>sicut</strong></span> <span class='ocrx_word' id='word_1_158' title='bbox 261 1291 308 1347; x_wconf 89' lang='lat' dir='ltr'><strong>illa</strong></span> <span class='ocrx_word' id='word_1_159' title='bbox 332 1308 476 1359; x_wconf 88' lang='lat' dir='ltr'><strong>mensura,</strong></span> <span class='ocrx_word' id='word_1_160' title='bbox 498 1290 534 1347; x_wconf 89' lang='lat' dir='ltr'><strong>ita</strong></span> <span class='ocrx_word' id='word_1_161' title='bbox 558 1298 585 1347; x_wconf 89' lang='lat' dir='ltr'><strong>ct</strong></span> <span class='ocrx_word' id='word_1_162' title='bbox 602 1290 654 1346; x_wconf 89' lang='lat' dir='ltr'><strong>ista</strong></span> <span class='ocrx_word' id='word_1_163' title='bbox 671 1287 852 1346; x_wconf 79' lang='lat' dir='ltr'><strong>conformatio</strong></span> <span class='ocrx_word' id='word_1_164' title='bbox 904 1286 993 1337; x_wconf 62' lang='lat' dir='ltr'><strong>aulem</strong></span> <span class='ocrx_word' id='word_1_165' title='bbox 1010 1275 1104 1334; x_wconf 68' lang='lat' dir='ltr'><strong>infelix</strong></span> <span class='ocrx_word' id='word_1_166' title='bbox 1131 1276 1201 1334; x_wconf 71' lang='lat' dir='ltr'><strong>m⁰rl</strong></span> <span class='ocrx_word' id='word_1_167' title='bbox 1226 1293 1285 1333; x_wconf 75' lang='lat' dir='ltr'>¹10ss</span> <span class='ocrx_word' id='word_1_168' title='bbox 1308 1276 1417 1345; x_wconf 71' lang='lat' dir='ltr'><strong>sinitur,</strong></span> <span class='ocrx_word' id='word_1_169' title='bbox 1440 1286 1478 1346; x_wconf 82' lang='lat' dir='ltr'><strong>et,</strong></span> <span class='ocrx_word' id='word_1_170' title='bbox 1502 1285 1531 1334; x_wconf 80' lang='lat' dir='ltr'><strong>uf</strong></span> <span class='ocrx_word' id='word_1_171' title='bbox 1551 1278 1590 1334; x_wconf 82' lang='lat' dir='ltr'><strong>ita</strong></span> <span class='ocrx_word' id='word_1_172' title='bbox 1604 1278 1707 1346; x_wconf 91' lang='lat' dir='ltr'><strong>dicam,</strong></span> 
     </span>
    </p>
   </div>
   <div class='ocr_carea' id='block_1_3' title="bbox 47 1364 1707 1459">
    <p class='ocr_par' dir='ltr' id='par_1_3' title="bbox 47 1364 1707 1459">
     <span class='ocr_line' id='line_1_13' title="bbox 47 1364 1707 1459; baseline 0.002 -22"><span class='ocrx_word' id='word_1_173' title='bbox 47 1397 104 1437; x_wconf 93' lang='lat' dir='ltr'><strong>non</strong></span> <span class='ocrx_word' id='word_1_174' title='bbox 119 1368 277 1453; x_wconf 82' lang='lat' dir='ltr'><strong>quantitatis</strong></span> <span class='ocrx_word' id='word_1_175' title='bbox 293 1378 471 1450; x_wconf 82' lang='lat' dir='ltr'><strong>intelligenda</strong></span> <span class='ocrx_word' id='word_1_176' title='bbox 485 1388 536 1448; x_wconf 88' lang='lat' dir='ltr'><strong>est,</strong></span> <span class='ocrx_word' id='word_1_177' title='bbox 558 1382 608 1435; x_wconf 90' lang='lat' dir='ltr'><strong>sed</strong></span> <span class='ocrx_word' id='word_1_178' title='bbox 627 1377 729 1435; x_wconf 82' lang='lat' dir='ltr'><strong>aetatis.</strong></span> <span class='ocrx_word' id='word_1_179' title='bbox 747 1378 851 1435; x_wconf 83' lang='lat' dir='ltr'><strong>Resur·</strong></span> <span class='ocrx_word' id='word_1_180' title='bbox 904 1403 982 1443; x_wconf 73' lang='lat' dir='ltr'><strong>mois</strong></span> <span class='ocrx_word' id='word_1_181' title='bbox 996 1386 1057 1458; x_wconf 79' lang='lat' dir='ltr'><strong>ipsa</strong></span> <span class='ocrx_word' id='word_1_182' title='bbox 1072 1400 1127 1441; x_wconf 87' lang='lat' dir='ltr'><strong>non</strong></span> <span class='ocrx_word' id='word_1_183' title='bbox 1141 1381 1265 1454; x_wconf 89' lang='lat' dir='ltr'><strong>moritur,</strong></span> <span class='ocrx_word' id='word_1_184' title='bbox 1277 1389 1304 1440; x_wconf 90' lang='lat' dir='ltr'><strong>et</strong></span> <span class='ocrx_word' id='word_1_185' title='bbox 1326 1383 1373 1441; x_wconf 91' lang='lat' dir='ltr'><strong>ubi</strong></span> <span class='ocrx_word' id='word_1_186' title='bbox 1388 1381 1467 1441; x_wconf 90' lang='lat' dir='ltr'><strong>dolor</strong></span> <span class='ocrx_word' id='word_1_187' title='bbox 1488 1364 1636 1459; x_wconf 88' lang='lat' dir='ltr'><strong>perpetuus</strong></span> <span class='ocrx_word' id='word_1_188' title='bbox 1650 1399 1707 1441; x_wconf 88' lang='lat' dir='ltr'><strong>oon</strong></span> 
     </span>
    </p>
   </div>
   <div class='ocr_carea' id='block_1_4' title="bbox 48 1464 1712 1750">
    <p class='ocr_par' dir='ltr' id='par_1_4' title="bbox 48 1464 1712 1750">
     <span class='ocr_line' id='line_1_14' title="bbox 48 1464 1710 1555; baseline -0.002 -12"><span class='ocrx_word' id='word_1_189' title='bbox 48 1476 115 1543; x_wconf 71' lang='lat'><strong>80⁰¹</strong></span> <span class='ocrx_word' id='word_1_190' title='bbox 129 1469 221 1542; x_wconf 64' lang='lat' dir='ltr'><strong>itu&lt;lue</strong></span> <span class='ocrx_word' id='word_1_191' title='bbox 234 1483 331 1525; x_wconf 75' lang='lat'><strong>⁰¹⁰⁰0⁵</strong></span> <span class='ocrx_word' id='word_1_192' title='bbox 345 1467 440 1543; x_wconf 58' lang='lat' dir='ltr'><strong>maini</strong></span> <span class='ocrx_word' id='word_1_193' title='bbox 462 1483 589 1541; x_wconf 60' lang='lat' dir='ltr'><strong>cosimle»</strong></span> <span class='ocrx_word' id='word_1_194' title='bbox 606 1467 702 1542; x_wconf 60' lang='lat' dir='ltr'><strong>quales</strong></span> <span class='ocrx_word' id='word_1_195' title='bbox 717 1473 795 1523; x_wconf 61' lang='lat'><strong>“⁸⁰²</strong></span> <span class='ocrx_word' id='word_1_196' title='bbox 809 1464 852 1523; x_wconf 62' lang='lat' dir='ltr'><strong>Vel</strong></span> <span class='ocrx_word' id='word_1_197' title='bbox 905 1483 1068 1541; x_wconf 89' lang='lat' dir='ltr'><strong>interimitur</strong></span> <span class='ocrx_word' id='word_1_198' title='bbox 1084 1482 1153 1549; x_wconf 90' lang='lat' dir='ltr'><strong>;sed</strong></span> <span class='ocrx_word' id='word_1_199' title='bbox 1167 1482 1263 1554; x_wconf 86' lang='lat' dir='ltr'><strong>aflligit</strong></span> <span class='ocrx_word' id='word_1_200' title='bbox 1284 1484 1344 1555; x_wconf 93' lang='lat' dir='ltr'><strong>ipsa</strong></span> <span class='ocrx_word' id='word_1_201' title='bbox 1363 1483 1511 1555; x_wconf 77' lang='lat' dir='ltr'><strong>corruptio,</strong></span> <span class='ocrx_word' id='word_1_202' title='bbox 1527 1491 1554 1539; x_wconf 89' lang='lat' dir='ltr'><strong>oi</strong></span> <span class='ocrx_word' id='word_1_203' title='bbox 1575 1499 1631 1541; x_wconf 89' lang='lat' dir='ltr'><strong>non</strong></span> <span class='ocrx_word' id='word_1_204' title='bbox 1645 1481 1710 1540; x_wconf 88' lang='lat' dir='ltr'><strong>fini·</strong></span> 
     </span>
     <span class='ocr_line' id='line_1_15' title="bbox 48 1555 1709 1651; baseline -0.001 -13"><span class='ocrx_word' id='word_1_205' title='bbox 48 1555 133 1614; x_wconf 41' lang='grc' dir='ltr'><strong>ΜΠ·</strong></span> <span class='ocrx_word' id='word_1_206' title='bbox 147 1563 227 1612; x_wconf 54' lang='lat'>‘³¹¹‘</span> <span class='ocrx_word' id='word_1_207' title='bbox 239 1555 353 1625; x_wconf 61' lang='lat' dir='ltr'><strong>juvenffi</strong></span> <span class='ocrx_word' id='word_1_208' title='bbox 366 1564 454 1613; x_wconf 54' lang='lat' dir='ltr'><strong>m·</strong></span> <span class='ocrx_word' id='word_1_209' title='bbox 477 1555 504 1613; x_wconf 63' lang='lat' dir='ltr'><strong>Si</strong></span> <span class='ocrx_word' id='word_1_210' title='bbox 527 1555 587 1629; x_wconf 61' lang='lat'>‘1⁰5⁸</span> <span class='ocrx_word' id='word_1_211' title='bbox 608 1570 675 1611; x_wconf 54' lang='grc' dir='ltr'><strong>ΨΟ</strong></span> <span class='ocrx_word' id='word_1_212' title='bbox 696 1555 725 1610; x_wconf 61' lang='grc' dir='ltr'><strong>ῙΠ</strong></span> <span class='ocrx_word' id='word_1_213' title='bbox 740 1569 772 1611; x_wconf 77' lang='lat'><strong>‘³⁰</strong></span> <span class='ocrx_word' id='word_1_214' title='bbox 787 1570 852 1611; x_wconf 63' lang='lat' dir='ltr'><strong>⁰⁰r&#39;</strong></span> <span class='ocrx_word' id='word_1_215' title='bbox 905 1590 950 1637; x_wconf 90' lang='lat' dir='ltr'><strong>tur</strong></span> <span class='ocrx_word' id='word_1_216' title='bbox 967 1599 974 1636; x_wconf 90' lang='lat'>:</span> <span class='ocrx_word' id='word_1_217' title='bbox 989 1568 1049 1637; x_wconf 67' lang='lat' dir='ltr'><strong>haic</strong></span> <span class='ocrx_word' id='word_1_218' title='bbox 1061 1580 1092 1636; x_wconf 93' lang='lat' dir='ltr'><strong>in</strong></span> <span class='ocrx_word' id='word_1_219' title='bbox 1107 1579 1256 1651; x_wconf 83' lang='lat' dir='ltr'><strong>scripturis</strong></span> <span class='ocrx_word' id='word_1_220' title='bbox 1279 1579 1381 1636; x_wconf 91' lang='lat' dir='ltr'><strong>sanctis</strong></span> <span class='ocrx_word' id='word_1_221' title='bbox 1406 1580 1530 1636; x_wconf 88' lang='lat' dir='ltr'><strong>secunda</strong></span> <span class='ocrx_word' id='word_1_222' title='bbox 1545 1595 1622 1637; x_wconf 86' lang='lat' dir='ltr'><strong>mors</strong></span> <span class='ocrx_word' id='word_1_223' title='bbox 1636 1580 1709 1636; x_wconf 91' lang='lat' dir='ltr'><strong>dici-</strong></span> 
     </span>
     <span class='ocr_line' id='line_1_16' title="bbox 49 1643 1712 1750; baseline -0.001 -50"><span class='ocrx_word' id='word_1_224' title='bbox 49 1644 125 1719; x_wconf 82' lang='lat' dir='ltr'><strong>poris</strong></span> <span class='ocrx_word' id='word_1_225' title='bbox 154 1645 236 1701; x_wconf 91' lang='lat' dir='ltr'><strong>modo</strong></span> <span class='ocrx_word' id='word_1_226' title='bbox 263 1643 292 1699; x_wconf 91' lang='lat' dir='ltr'><strong>in</strong></span> <span class='ocrx_word' id='word_1_227' title='bbox 320 1660 374 1717; x_wconf 92' lang='lat' dir='ltr'><strong>quo</strong></span> <span class='ocrx_word' id='word_1_228' title='bbox 401 1644 545 1701; x_wconf 91' lang='lat' dir='ltr'><strong>defunctus</strong></span> <span class='ocrx_word' id='word_1_229' title='bbox 571 1651 613 1700; x_wconf 89' lang='lat' dir='ltr'><strong>est</strong></span> <span class='ocrx_word' id='word_1_230' title='bbox 636 1652 853 1700; x_wconf 89' lang='lat' dir='ltr'><strong>resurrecturum</strong></span> <span class='ocrx_word' id='word_1_231' title='bbox 904 1688 963 1736; x_wconf 42' lang='lat' dir='ltr'><strong>,un</strong></span> <span class='ocrx_word' id='word_1_232' title='bbox 981 1679 1047 1735; x_wconf 51' lang='lat' dir='ltr'><strong>Hac</strong></span> <span class='ocrx_word' id='word_1_233' title='bbox 1073 1677 1161 1750; x_wconf 60' lang='lat' dir='ltr'><strong>prima</strong></span> <span class='ocrx_word' id='word_1_234' title='bbox 1189 1683 1282 1734; x_wconf 57' lang='lat' dir='ltr'><strong>,amen</strong></span> <span class='ocrx_word' id='word_1_235' title='bbox 1307 1693 1361 1750; x_wconf 51' lang='lat' dir='ltr'><strong>qua</strong></span> <span class='ocrx_word' id='word_1_236' title='bbox 1383 1693 1463 1733; x_wconf 52' lang='lat' dir='ltr'><strong>suum</strong></span> <span class='ocrx_word' id='word_1_237' title='bbox 1490 1693 1590 1750; x_wconf 51' lang='lat' dir='ltr'><strong>corpus</strong></span> <span class='ocrx_word' id='word_1_238' title='bbox 1617 1677 1712 1734; x_wconf 49' lang='lat' dir='ltr'><strong>anima</strong></span> 
     </span>
    </p>
   </div>
   <div class='ocr_carea' id='block_1_5' title="bbox 49 1732 1709 1848">
    <p class='ocr_par' dir='ltr' id='par_1_5' title="bbox 49 1732 1709 1848">
     <span class='ocr_line' id='line_1_17' title="bbox 49 1732 1709 1848; baseline 0.008 -57"><span class='ocrx_word' id='word_1_239' title='bbox 49 1749 273 1806; x_wconf 88' lang='lat' dir='ltr'><strong>unumquemque</strong></span> <span class='ocrx_word' id='word_1_240' title='bbox 287 1734 435 1800; x_wconf 82' lang='lat' dir='ltr'><strong>contendit,</strong></span> <span class='ocrx_word' id='word_1_241' title='bbox 452 1749 506 1790; x_wconf 93' lang='lat' dir='ltr'><strong>non</strong></span> <span class='ocrx_word' id='word_1_242' title='bbox 523 1740 565 1791; x_wconf 90' lang='lat' dir='ltr'><strong>est</strong></span> <span class='ocrx_word' id='word_1_243' title='bbox 579 1732 698 1790; x_wconf 90' lang='lat' dir='ltr'><strong>cumillo</strong></span> <span class='ocrx_word' id='word_1_244' title='bbox 712 1733 851 1790; x_wconf 89' lang='lat' dir='ltr'><strong>laboriosa</strong></span> <span class='ocrx_word' id='word_1_245' title='bbox 866 1744 1062 1847; x_wconf 56' lang='lat' dir='ltr'><strong>Brennquere</strong></span> <span class='ocrx_word' id='word_1_246' title='bbox 1077 1774 1207 1847; x_wconf 47' lang='grc' dir='ltr'><strong>ωείωη</strong></span> <span class='ocrx_word' id='word_1_247' title='bbox 1223 1789 1277 1831; x_wconf 56' lang='lat' dir='ltr'><strong>uec</strong></span> <span class='ocrx_word' id='word_1_248' title='bbox 1296 1767 1429 1843; x_wconf 44' lang='lat' dir='ltr'>see-unda,</span> <span class='ocrx_word' id='word_1_249' title='bbox 1447 1791 1500 1848; x_wconf 57' lang='lat' dir='ltr'><strong>qua</strong></span> <span class='ocrx_word' id='word_1_250' title='bbox 1520 1774 1628 1847; x_wconf 83' lang='lat' dir='ltr'><strong>poenalc</strong></span> <span class='ocrx_word' id='word_1_251' title='bbox 1642 1791 1709 1833; x_wconf 56' lang='grc' dir='ltr'><strong>Μ,</strong></span> 
     </span>
    </p>
   </div>
   <div class='ocr_carea' id='block_1_6' title="bbox 50 1821 1709 1984">
    <p class='ocr_par' dir='ltr' id='par_1_6' title="bbox 50 1821 1709 1984">
     <span class='ocr_line' id='line_1_18' title="bbox 50 1821 1642 1895; baseline 0.003 -15"><span class='ocrx_word' id='word_1_252' title='bbox 50 1821 269 1880; x_wconf 80' lang='lat' dir='ltr'><strong>contradictione</strong></span> <span class='ocrx_word' id='word_1_253' title='bbox 283 1829 473 1895; x_wconf 88' lang='lat' dir='ltr'><strong>pugnandum.</strong></span> <span class='ocrx_word' id='word_1_254' title='bbox 1009 1872 1014 1882; x_wconf 93' lang='lat'><strong>.</strong></span> <span class='ocrx_word' id='word_1_255' title='bbox 1126 1871 1130 1880; x_wconf 94' lang='lat'><strong>.</strong></span> <span class='ocrx_word' id='word_1_256' title='bbox 1423 1871 1460 1883; x_wconf 94' lang='lat'><strong>..</strong></span> <span class='ocrx_word' id='word_1_257' title='bbox 1607 1871 1642 1884; x_wconf 92' lang='lat'><strong>..</strong></span> 
     </span>
     <span class='ocr_line' id='line_1_19' title="bbox 87 1871 1709 1984; baseline 0.001 -18"><span class='ocrx_word' id='word_1_258' title='bbox 87 1914 154 1968; x_wconf 91' lang='lat' dir='ltr'><strong>ltem</strong></span> <span class='ocrx_word' id='word_1_259' title='bbox 169 1910 340 1984; x_wconf 67' lang='lat' dir='ltr'><strong>Augustinus</strong></span> <span class='ocrx_word' id='word_1_260' title='bbox 354 1911 382 1966; x_wconf 94' lang='lat' dir='ltr'><strong>in</strong></span> <span class='ocrx_word' id='word_1_261' title='bbox 397 1910 594 1968; x_wconf 86' lang='lat' dir='ltr'><strong>Euchiridione</strong></span> <span class='ocrx_word' id='word_1_262' title='bbox 611 1929 617 1968; x_wconf 77' lang='grc' dir='ltr'><strong>ε</strong></span> <span class='ocrx_word' id='word_1_263' title='bbox 637 1913 736 1970; x_wconf 82' lang='lat' dir='ltr'><strong>Utrum</strong></span> <span class='ocrx_word' id='word_1_264' title='bbox 754 1926 852 1984; x_wconf 83' lang='lat' dir='ltr'><strong>repro·</strong></span> <span class='ocrx_word' id='word_1_265' title='bbox 906 1888 959 1945; x_wconf 63' lang='lat'><strong>9¹¹⁸</strong></span> <span class='ocrx_word' id='word_1_266' title='bbox 971 1887 1064 1927; x_wconf 59' lang='lat' dir='ltr'><strong>&#39;mm</strong></span> <span class='ocrx_word' id='word_1_267' title='bbox 1082 1871 1239 1943; x_wconf 51' lang='lat' dir='ltr'><strong>“hnqum</strong></span> <span class='ocrx_word' id='word_1_268' title='bbox 1264 1886 1319 1927; x_wconf 73' lang='lat'><strong>⁰⁰¹¹</strong></span> <span class='ocrx_word' id='word_1_269' title='bbox 1341 1879 1516 1944; x_wconf 54' lang='lat' dir='ltr'>permmstur’</span> <span class='ocrx_word' id='word_1_270' title='bbox 1540 1872 1643 1928; x_wconf 44' lang='grc' dir='ltr'><strong>ΝΜ</strong></span> <span class='ocrx_word' id='word_1_271' title='bbox 1657 1887 1709 1929; x_wconf 60' lang='lat'><strong>&#39;⁰‘</strong></span> 
     </span>
    </p>
   </div>
   <div class='ocr_carea' id='block_1_7' title="bbox 53 1969 1713 2072">
    <p class='ocr_par' dir='ltr' id='par_1_7' title="bbox 53 1969 1713 2072">
     <span class='ocr_line' id='line_1_20' title="bbox 53 1969 1713 2072; baseline -0.002 -15"><span class='ocrx_word' id='word_1_272' title='bbox 53 2000 282 2068; x_wconf 82' lang='lat' dir='ltr'><strong>borcmcorporo</strong></span> <span class='ocrx_word' id='word_1_273' title='bbox 300 2014 366 2056; x_wconf 90' lang='lat' dir='ltr'><strong>cum</strong></span> <span class='ocrx_word' id='word_1_274' title='bbox 381 2001 459 2056; x_wconf 82' lang='lat' dir='ltr'><strong>vittis</strong></span> <span class='ocrx_word' id='word_1_275' title='bbox 473 2003 532 2057; x_wconf 83' lang='lat' dir='ltr'><strong>tuis</strong></span> <span class='ocrx_word' id='word_1_276' title='bbox 547 2004 709 2072; x_wconf 79' lang='lat' dir='ltr'><strong>resurgunt.</strong></span> <span class='ocrx_word' id='word_1_277' title='bbox 726 1998 853 2070; x_wconf 86' lang='lat' dir='ltr'><strong>Quicun·</strong></span> <span class='ocrx_word' id='word_1_278' title='bbox 906 1969 1028 2035; x_wconf 68' lang='lat' dir='ltr'><strong>⁰¹d¹⁸⁸⁰²¹</strong></span> <span class='ocrx_word' id='word_1_279' title='bbox 1058 1984 1081 2023; x_wconf 77' lang='lat'><strong>⁸¹</strong></span> <span class='ocrx_word' id='word_1_280' title='bbox 1108 1983 1190 2025; x_wconf 61' lang='lat' dir='ltr'><strong>”enm</strong></span> <span class='ocrx_word' id='word_1_281' title='bbox 1217 1975 1368 2040; x_wconf 56' lang='lat' dir='ltr'><strong>Wsm·</strong></span> <span class='ocrx_word' id='word_1_282' title='bbox 1392 1970 1533 2028; x_wconf 47' lang='grc' dir='ltr'><strong>ΜΒΝ</strong></span> <span class='ocrx_word' id='word_1_283' title='bbox 1559 1985 1626 2026; x_wconf 70' lang='lat'>&#39;⁸¹¹⁸</span> <span class='ocrx_word' id='word_1_284' title='bbox 1648 1985 1713 2026; x_wconf 74' lang='lat'><strong>⁰¹⁰⁴</strong></span> 
     </span>
    </p>
   </div>
   <div class='ocr_carea' id='block_1_8' title="bbox 52 2064 1715 2338">
    <p class='ocr_par' dir='ltr' id='par_1_8' title="bbox 52 2064 1715 2338">
     <span class='ocr_line' id='line_1_21' title="bbox 55 2064 1711 2163; baseline -0.002 -19"><span class='ocrx_word' id='word_1_285' title='bbox 55 2105 110 2163; x_wconf 86' lang='lat' dir='ltr'><strong>qua</strong></span> <span class='ocrx_word' id='word_1_286' title='bbox 124 2089 159 2144; x_wconf 90' lang='lat' dir='ltr'><strong>ab</strong></span> <span class='ocrx_word' id='word_1_287' title='bbox 173 2088 219 2143; x_wconf 91' lang='lat' dir='ltr'><strong>illa</strong></span> <span class='ocrx_word' id='word_1_288' title='bbox 232 2087 392 2159; x_wconf 84' lang='lat' dir='ltr'><strong>perditionis</strong></span> <span class='ocrx_word' id='word_1_289' title='bbox 407 2104 506 2155; x_wconf 89' lang='lat' dir='ltr'><strong>massa,</strong></span> <span class='ocrx_word' id='word_1_290' title='bbox 523 2105 584 2160; x_wconf 79' lang='lat' dir='ltr'><strong>quae</strong></span> <span class='ocrx_word' id='word_1_291' title='bbox 599 2088 722 2144; x_wconf 90' lang='lat' dir='ltr'><strong>factaest</strong></span> <span class='ocrx_word' id='word_1_292' title='bbox 736 2104 787 2160; x_wconf 89' lang='lat' dir='ltr'><strong>per</strong></span> <span class='ocrx_word' id='word_1_293' title='bbox 801 2090 853 2145; x_wconf 89' lang='lat' dir='ltr'><strong>lto·</strong></span> <span class='ocrx_word' id='word_1_294' title='bbox 907 2066 983 2122; x_wconf 59' lang='grc' dir='ltr'><strong>ΠΜ</strong></span> <span class='ocrx_word' id='word_1_295' title='bbox 998 2080 1077 2137; x_wconf 67' lang='lat' dir='ltr'><strong>lloem</strong></span> <span class='ocrx_word' id='word_1_296' title='bbox 1092 2065 1145 2120; x_wconf 62' lang='lat' dir='ltr'><strong>elif</strong></span> <span class='ocrx_word' id='word_1_297' title='bbox 1161 2080 1256 2122; x_wconf 88' lang='lat' dir='ltr'><strong>eorum</strong></span> <span class='ocrx_word' id='word_1_298' title='bbox 1276 2064 1323 2137; x_wconf 68' lang='lat' dir='ltr'><strong>(lui</strong></span> <span class='ocrx_word' id='word_1_299' title='bbox 1345 2074 1448 2137; x_wconf 77' lang='lat' dir='ltr'><strong>praetor</strong></span> <span class='ocrx_word' id='word_1_300' title='bbox 1468 2074 1620 2138; x_wconf 58' lang='lat' dir='ltr'><strong>limma</strong></span> <span class='ocrx_word' id='word_1_301' title='bbox 1637 2065 1711 2140; x_wconf 54' lang='grc' dir='ltr'><strong>ιω(ι</strong></span> 
     </span>
     <span class='ocr_line' id='line_1_22' title="bbox 52 2162 1714 2250; baseline -0.001 -17"><span class='ocrx_word' id='word_1_302' title='bbox 52 2177 155 2233; x_wconf 90' lang='lat' dir='ltr'><strong>minem</strong></span> <span class='ocrx_word' id='word_1_303' title='bbox 171 2175 298 2248; x_wconf 90' lang='lat' dir='ltr'><strong>primum,</strong></span> <span class='ocrx_word' id='word_1_304' title='bbox 315 2192 369 2232; x_wconf 90' lang='lat' dir='ltr'><strong>non</strong></span> <span class='ocrx_word' id='word_1_305' title='bbox 387 2175 539 2232; x_wconf 87' lang='lat' dir='ltr'><strong>liberantur</strong></span> <span class='ocrx_word' id='word_1_306' title='bbox 557 2192 705 2250; x_wconf 90' lang='lat' dir='ltr'><strong>perunum</strong></span> <span class='ocrx_word' id='word_1_307' title='bbox 720 2176 855 2234; x_wconf 88' lang='lat' dir='ltr'><strong>llediato·</strong></span> <span class='ocrx_word' id='word_1_308' title='bbox 908 2163 1044 2236; x_wconf 66' lang='lat' dir='ltr'><strong>⁰fiiii¹¹⁸¹0</strong></span> <span class='ocrx_word' id='word_1_309' title='bbox 1059 2169 1209 2230; x_wconf 61' lang='lat' dir='ltr'><strong>‘memmi</strong></span> <span class='ocrx_word' id='word_1_310' title='bbox 1234 2162 1338 2218; x_wconf 68' lang='lat' dir='ltr'><strong>nullum</strong></span> <span class='ocrx_word' id='word_1_311' title='bbox 1362 2162 1477 2235; x_wconf 62' lang='grc' dir='ltr'><strong>ῑΰῦῑψθῑ</strong></span> <span class='ocrx_word' id='word_1_312' title='bbox 1493 2163 1669 2231; x_wconf 60' lang='lat' dir='ltr'><strong>iddfflefunb</strong></span> <span class='ocrx_word' id='word_1_313' title='bbox 1686 2171 1714 2220; x_wconf 67' lang='lat'><strong>⁸⁸</strong></span> 
     </span>
     <span class='ocr_line' id='line_1_23' title="bbox 52 2258 1715 2338; baseline -0.004 -17"><span class='ocrx_word' id='word_1_314' title='bbox 52 2281 114 2322; x_wconf 89' lang='lat' dir='ltr'><strong>rem</strong></span> <span class='ocrx_word' id='word_1_315' title='bbox 129 2264 179 2322; x_wconf 90' lang='lat' dir='ltr'><strong>Dei</strong></span> <span class='ocrx_word' id='word_1_316' title='bbox 194 2274 221 2320; x_wconf 92' lang='lat' dir='ltr'><strong>et</strong></span> <span class='ocrx_word' id='word_1_317' title='bbox 233 2265 382 2335; x_wconf 91' lang='lat' dir='ltr'><strong>hominum,</strong></span> <span class='ocrx_word' id='word_1_318' title='bbox 408 2274 550 2338; x_wconf 85' lang='lat' dir='ltr'><strong>resurgent</strong></span> <span class='ocrx_word' id='word_1_319' title='bbox 576 2266 686 2338; x_wconf 90' lang='lat' dir='ltr'><strong>quidem</strong></span> <span class='ocrx_word' id='word_1_320' title='bbox 707 2266 787 2321; x_wconf 91' lang='lat' dir='ltr'><strong>etiam</strong></span> <span class='ocrx_word' id='word_1_321' title='bbox 803 2265 855 2338; x_wconf 90' lang='lat' dir='ltr'><strong>ipsi</strong></span> <span class='ocrx_word' id='word_1_322' title='bbox 909 2262 938 2317; x_wconf 89' lang='lat' dir='ltr'><strong>itt</strong></span> <span class='ocrx_word' id='word_1_323' title='bbox 952 2260 1060 2316; x_wconf 76' lang='lat' dir='ltr'><strong>cereris</strong></span> <span class='ocrx_word' id='word_1_324' title='bbox 1071 2275 1132 2331; x_wconf 79' lang='lat' dir='ltr'><strong>quae</strong></span> <span class='ocrx_word' id='word_1_325' title='bbox 1147 2258 1320 2327; x_wconf 90' lang='lat' dir='ltr'><strong>addiderunt,</strong></span> <span class='ocrx_word' id='word_1_326' title='bbox 1337 2265 1411 2315; x_wconf 89' lang='lat' dir='ltr'><strong>tanto</strong></span> <span class='ocrx_word' id='word_1_327' title='bbox 1427 2259 1543 2333; x_wconf 89' lang='lat' dir='ltr'><strong>quisque</strong></span> <span class='ocrx_word' id='word_1_328' title='bbox 1557 2259 1594 2316; x_wconf 92' lang='lat' dir='ltr'><strong>ibi</strong></span> <span class='ocrx_word' id='word_1_329' title='bbox 1609 2258 1715 2315; x_wconf 87' lang='lat' dir='ltr'><strong>tolera·</strong></span> 
     </span>
    </p>
   </div>
   <div class='ocr_carea' id='block_1_9' title="bbox 54 2352 1716 2524">
    <p class='ocr_par' dir='ltr' id='par_1_9' title="bbox 54 2352 1716 2524">
     <span class='ocr_line' id='line_1_24' title="bbox 54 2352 1716 2428; baseline 0.001 -18"><span class='ocrx_word' id='word_1_330' title='bbox 54 2353 243 2426; x_wconf 89' lang='lat' dir='ltr'><strong>onusquisqne</strong></span> <span class='ocrx_word' id='word_1_331' title='bbox 257 2367 320 2411; x_wconf 92' lang='lat' dir='ltr'><strong>cum</strong></span> <span class='ocrx_word' id='word_1_332' title='bbox 334 2368 393 2421; x_wconf 90' lang='lat' dir='ltr'><strong>sua,</strong></span> <span class='ocrx_word' id='word_1_333' title='bbox 410 2353 460 2409; x_wconf 87' lang='lat' dir='ltr'><strong>sed</strong></span> <span class='ocrx_word' id='word_1_334' title='bbox 475 2361 504 2408; x_wconf 93' lang='lat' dir='ltr'><strong>ut</strong></span> <span class='ocrx_word' id='word_1_335' title='bbox 518 2367 580 2409; x_wconf 92' lang='lat' dir='ltr'><strong>cum</strong></span> <span class='ocrx_word' id='word_1_336' title='bbox 605 2352 714 2410; x_wconf 90' lang='lat' dir='ltr'><strong>diabolo</strong></span> <span class='ocrx_word' id='word_1_337' title='bbox 728 2362 755 2410; x_wconf 90' lang='lat' dir='ltr'><strong>et</strong></span> <span class='ocrx_word' id='word_1_338' title='bbox 767 2370 855 2428; x_wconf 86' lang='lat' dir='ltr'><strong>ange·</strong></span> <span class='ocrx_word' id='word_1_339' title='bbox 911 2352 1037 2409; x_wconf 92' lang='lat' dir='ltr'><strong>biliorem</strong></span> <span class='ocrx_word' id='word_1_340' title='bbox 1051 2352 1164 2409; x_wconf 87' lang='lat' dir='ltr'><strong>babebit</strong></span> <span class='ocrx_word' id='word_1_341' title='bbox 1186 2352 1400 2422; x_wconf 86' lang='lat' dir='ltr'><strong>damnationem,</strong></span> <span class='ocrx_word' id='word_1_342' title='bbox 1417 2360 1518 2424; x_wconf 90' lang='lat' dir='ltr'><strong>quanto</strong></span> <span class='ocrx_word' id='word_1_343' title='bbox 1541 2353 1586 2411; x_wconf 82' lang='grc' dir='ltr'><strong>ιιι</strong></span> <span class='ocrx_word' id='word_1_344' title='bbox 1602 2353 1716 2412; x_wconf 87' lang='lat' dir='ltr'><strong>babebit</strong></span> 
     </span>
     <span class='ocr_line' id='line_1_25' title="bbox 54 2441 1267 2524; baseline 0.002 -26"><span class='ocrx_word' id='word_1_345' title='bbox 54 2441 91 2499; x_wconf 92' lang='lat' dir='ltr'><strong>lis</strong></span> <span class='ocrx_word' id='word_1_346' title='bbox 105 2443 164 2514; x_wconf 86' lang='lat' dir='ltr'><strong>ejus</strong></span> <span class='ocrx_word' id='word_1_347' title='bbox 178 2442 335 2515; x_wconf 87' lang='lat' dir='ltr'><strong>puniantur.</strong></span> <span class='ocrx_word' id='word_1_348' title='bbox 356 2443 450 2501; x_wconf 88' lang='lat' dir='ltr'><strong>Utrum</strong></span> <span class='ocrx_word' id='word_1_349' title='bbox 470 2457 538 2498; x_wconf 89' lang='lat' dir='ltr'><strong>sane</strong></span> <span class='ocrx_word' id='word_1_350' title='bbox 562 2442 614 2514; x_wconf 93' lang='lat' dir='ltr'><strong>ipsi</strong></span> <span class='ocrx_word' id='word_1_351' title='bbox 637 2457 699 2501; x_wconf 90' lang='lat' dir='ltr'><strong>cum</strong></span> <span class='ocrx_word' id='word_1_352' title='bbox 714 2443 786 2499; x_wconf 86' lang='lat' dir='ltr'><strong>uitiis</strong></span> <span class='ocrx_word' id='word_1_353' title='bbox 800 2443 858 2501; x_wconf 92' lang='lat' dir='ltr'><strong>suis</strong></span> <span class='ocrx_word' id='word_1_354' title='bbox 911 2448 1047 2509; x_wconf 72' lang='lat' dir='ltr'><strong>minorem</strong></span> <span class='ocrx_word' id='word_1_355' title='bbox 1056 2448 1236 2524; x_wconf 77' lang='lat' dir='ltr'><strong>iniquitatem.</strong></span> <span class='ocrx_word' id='word_1_356' title='bbox 1255 2472 1267 2500; x_wconf 75' lang='grc' dir='ltr'><strong>ι</strong></span> 
     </span>
    </p>
   </div>
   <div class='ocr_carea' id='block_1_10' title="bbox 589 2738 1200 2916">
    <p class='ocr_par' dir='ltr' id='par_1_10' title="bbox 589 2738 1200 2916">
     <span class='ocr_line' id='line_1_26' title="bbox 589 2738 1200 2916; baseline 0.007 -8"><span class='ocrx_word' id='word_1_357' title='bbox 589 2805 654 2909; x_wconf 89' lang='grc' dir='ltr'><strong>ιι</strong></span> <span class='ocrx_word' id='word_1_358' title='bbox 701 2738 1200 2916; x_wconf 73' lang='lat' dir='ltr'><strong>securisumus</strong></span> 
     </span>
    </p>
   </div>
   <div class='ocr_carea' id='block_1_11' title="bbox 700 3012 1069 3085">
    <p class='ocr_par' dir='ltr' id='par_1_11' title="bbox 700 3012 1069 3085">
     <span class='ocr_line' id='line_1_27' title="bbox 700 3012 1069 3085; baseline 0.003 -5"><span class='ocrx_word' id='word_1_359' title='bbox 700 3012 901 3083; x_wconf 86' lang='lat' dir='ltr'><strong>Secundum</strong></span> <span class='ocrx_word' id='word_1_360' title='bbox 928 3017 1069 3085; x_wconf 87' lang='lat' dir='ltr'><strong>Lucem.</strong></span> 
     </span>
    </p>
   </div>
   <div class='ocr_carea' id='block_1_12' title="bbox 57 3248 1767 5821">
    <p class='ocr_par' dir='ltr' id='par_1_12' title="bbox 57 3248 1767 5821">
     <span class='ocr_line' id='line_1_28' title="bbox 98 3248 1716 3326; baseline 0.006 -23"><span class='ocrx_word' id='word_1_361' title='bbox 98 3276 110 3303; x_wconf 71' lang='grc' dir='ltr'><strong>ι</strong></span> <span class='ocrx_word' id='word_1_362' title='bbox 125 3250 196 3323; x_wconf 86' lang='lat' dir='ltr'><strong>Quis</strong></span> <span class='ocrx_word' id='word_1_363' title='bbox 209 3259 333 3308; x_wconf 90' lang='lat' dir='ltr'><strong>vestrum</strong></span> <span class='ocrx_word' id='word_1_364' title='bbox 347 3249 459 3307; x_wconf 86' lang='lat' dir='ltr'><strong>babebit</strong></span> <span class='ocrx_word' id='word_1_365' title='bbox 471 3248 600 3317; x_wconf 89' lang='lat' dir='ltr'><strong>amicum,</strong></span> <span class='ocrx_word' id='word_1_366' title='bbox 617 3257 644 3306; x_wconf 89' lang='lat' dir='ltr'><strong>et</strong></span> <span class='ocrx_word' id='word_1_367' title='bbox 662 3250 711 3307; x_wconf 90' lang='lat' dir='ltr'><strong>ibit</strong></span> <span class='ocrx_word' id='word_1_368' title='bbox 725 3250 760 3308; x_wconf 91' lang='lat' dir='ltr'><strong>ad</strong></span> <span class='ocrx_word' id='word_1_369' title='bbox 779 3251 857 3308; x_wconf 89' lang='lat' dir='ltr'><strong>illum</strong></span> <span class='ocrx_word' id='word_1_370' title='bbox 871 3250 897 3317; x_wconf 86' lang='lat' dir='ltr'><strong>c</strong></span> <span class='ocrx_word' id='word_1_371' title='bbox 909 3252 1073 3326; x_wconf 80' lang='lat' dir='ltr'><strong>interrogat,</strong></span> <span class='ocrx_word' id='word_1_372' title='bbox 1089 3258 1117 3309; x_wconf 95' lang='lat' dir='ltr'><strong>et</strong></span> <span class='ocrx_word' id='word_1_373' title='bbox 1130 3258 1160 3309; x_wconf 91' lang='lat' dir='ltr'><strong>tu</strong></span> <span class='ocrx_word' id='word_1_374' title='bbox 1174 3250 1287 3309; x_wconf 84' lang='lat' dir='ltr'><strong>Paolum</strong></span> <span class='ocrx_word' id='word_1_375' title='bbox 1302 3250 1348 3309; x_wconf 91' lang='lat' dir='ltr'><strong>val</strong></span> <span class='ocrx_word' id='word_1_376' title='bbox 1362 3253 1472 3311; x_wconf 87' lang='lat' dir='ltr'><strong>Petrum</strong></span> <span class='ocrx_word' id='word_1_377' title='bbox 1487 3269 1542 3311; x_wconf 91' lang='lat' dir='ltr'><strong>noo</strong></span> <span class='ocrx_word' id='word_1_378' title='bbox 1556 3251 1657 3312; x_wconf 89' lang='lat' dir='ltr'><strong>sineris</strong></span> <span class='ocrx_word' id='word_1_379' title='bbox 1672 3253 1716 3311; x_wconf 91' lang='lat' dir='ltr'><strong>in·</strong></span> 
     </span>
     <span class='ocr_line' id='line_1_29' title="bbox 57 3337 1716 3415; baseline 0.002 -18"><span class='ocrx_word' id='word_1_380' title='bbox 57 3340 88 3397; x_wconf 90' lang='lat' dir='ltr'><strong>in</strong></span> <span class='ocrx_word' id='word_1_381' title='bbox 100 3340 190 3397; x_wconf 91' lang='lat' dir='ltr'><strong>media</strong></span> <span class='ocrx_word' id='word_1_382' title='bbox 203 3349 293 3408; x_wconf 91' lang='lat' dir='ltr'><strong>nocte,</strong></span> <span class='ocrx_word' id='word_1_383' title='bbox 308 3346 336 3395; x_wconf 89' lang='lat' dir='ltr'><strong>et</strong></span> <span class='ocrx_word' id='word_1_384' title='bbox 349 3337 424 3395; x_wconf 88' lang='lat' dir='ltr'><strong>dicct</strong></span> <span class='ocrx_word' id='word_1_385' title='bbox 438 3337 476 3393; x_wconf 93' lang='lat' dir='ltr'><strong>illi</strong></span> <span class='ocrx_word' id='word_1_386' title='bbox 491 3354 498 3394; x_wconf 79' lang='grc' dir='ltr'><strong>ι</strong></span> <span class='ocrx_word' id='word_1_387' title='bbox 514 3337 622 3406; x_wconf 81' lang='lat' dir='ltr'><strong>Amice,</strong></span> <span class='ocrx_word' id='word_1_388' title='bbox 638 3338 782 3396; x_wconf 89' lang='lat' dir='ltr'><strong>commoda</strong></span> <span class='ocrx_word' id='word_1_389' title='bbox 793 3340 859 3396; x_wconf 90' lang='lat' dir='ltr'><strong>mibi</strong></span> <span class='ocrx_word' id='word_1_390' title='bbox 915 3348 1069 3414; x_wconf 89' lang='lat' dir='ltr'><strong>terrogare,</strong></span> <span class='ocrx_word' id='word_1_391' title='bbox 1086 3340 1214 3414; x_wconf 85' lang='lat' dir='ltr'><strong>quiajam</strong></span> <span class='ocrx_word' id='word_1_392' title='bbox 1235 3341 1389 3415; x_wconf 90' lang='lat' dir='ltr'><strong>requiescit·</strong></span> <span class='ocrx_word' id='word_1_393' title='bbox 1409 3341 1462 3400; x_wconf 90' lang='lat' dir='ltr'><strong>ista</strong></span> <span class='ocrx_word' id='word_1_394' title='bbox 1472 3342 1573 3401; x_wconf 87' lang='lat' dir='ltr'><strong>familia</strong></span> <span class='ocrx_word' id='word_1_395' title='bbox 1587 3359 1650 3401; x_wconf 90' lang='lat' dir='ltr'><strong>cum</strong></span> <span class='ocrx_word' id='word_1_396' title='bbox 1659 3345 1716 3401; x_wconf 89' lang='lat' dir='ltr'><strong>Do·</strong></span> 
     </span>
     <span class='ocr_line' id='line_1_30' title="bbox 58 3426 1715 3506; baseline 0.001 -20"><span class='ocrx_word' id='word_1_397' title='bbox 58 3437 115 3486; x_wconf 90' lang='lat' dir='ltr'><strong>tras</strong></span> <span class='ocrx_word' id='word_1_398' title='bbox 128 3444 224 3502; x_wconf 87' lang='lat' dir='ltr'><strong>panes,</strong></span> <span class='ocrx_word' id='word_1_399' title='bbox 240 3427 367 3502; x_wconf 91' lang='lat' dir='ltr'><strong>quoniam</strong></span> <span class='ocrx_word' id='word_1_400' title='bbox 391 3426 498 3483; x_wconf 90' lang='lat' dir='ltr'><strong>amicus</strong></span> <span class='ocrx_word' id='word_1_401' title='bbox 520 3442 600 3483; x_wconf 90' lang='lat' dir='ltr'><strong>meus</strong></span> <span class='ocrx_word' id='word_1_402' title='bbox 623 3427 698 3484; x_wconf 87' lang='lat' dir='ltr'><strong>venit</strong></span> <span class='ocrx_word' id='word_1_403' title='bbox 717 3427 752 3484; x_wconf 89' lang='lat' dir='ltr'><strong>de</strong></span> <span class='ocrx_word' id='word_1_404' title='bbox 766 3428 811 3484; x_wconf 86' lang='lat' dir='ltr'><strong>rie</strong></span> <span class='ocrx_word' id='word_1_405' title='bbox 823 3427 860 3484; x_wconf 93' lang='lat' dir='ltr'><strong>ad</strong></span> <span class='ocrx_word' id='word_1_406' title='bbox 915 3429 990 3485; x_wconf 92' lang='lat' dir='ltr'><strong>mino</strong></span> <span class='ocrx_word' id='word_1_407' title='bbox 1013 3444 1072 3488; x_wconf 92' lang='lat' dir='ltr'><strong>sno.</strong></span> <span class='ocrx_word' id='word_1_408' title='bbox 1095 3430 1184 3485; x_wconf 85' lang='lat' dir='ltr'><strong>lledia</strong></span> <span class='ocrx_word' id='word_1_409' title='bbox 1202 3444 1256 3486; x_wconf 81' lang='grc' dir='ltr'><strong>ιιι</strong></span> <span class='ocrx_word' id='word_1_410' title='bbox 1281 3437 1323 3486; x_wconf 88' lang='grc' dir='ltr'><strong>ιιι</strong></span> <span class='ocrx_word' id='word_1_411' title='bbox 1350 3430 1439 3488; x_wconf 91' lang='lat' dir='ltr'><strong>valida</strong></span> <span class='ocrx_word' id='word_1_412' title='bbox 1462 3431 1629 3506; x_wconf 71' lang='lat' dir='ltr'><strong>ignorantia.</strong></span> <span class='ocrx_word' id='word_1_413' title='bbox 1652 3433 1715 3490; x_wconf 90' lang='lat' dir='ltr'><strong>Non</strong></span> 
     </span>
     <span class='ocr_line' id='line_1_31' title="bbox 59 3512 1715 3596; baseline 0.001 -21"><span class='ocrx_word' id='word_1_414' title='bbox 59 3534 116 3586; x_wconf 83' lang='lat' dir='ltr'><strong>me,</strong></span> <span class='ocrx_word' id='word_1_415' title='bbox 131 3527 158 3574; x_wconf 90' lang='lat' dir='ltr'><strong>et</strong></span> <span class='ocrx_word' id='word_1_416' title='bbox 170 3533 225 3575; x_wconf 89' lang='lat' dir='ltr'><strong>nou</strong></span> <span class='ocrx_word' id='word_1_417' title='bbox 237 3517 329 3573; x_wconf 90' lang='lat' dir='ltr'><strong>habeo</strong></span> <span class='ocrx_word' id='word_1_418' title='bbox 353 3515 427 3589; x_wconf 89' lang='lat' dir='ltr'><strong>quod</strong></span> <span class='ocrx_word' id='word_1_419' title='bbox 451 3530 551 3587; x_wconf 89' lang='lat' dir='ltr'><strong>ponam</strong></span> <span class='ocrx_word' id='word_1_420' title='bbox 574 3523 635 3572; x_wconf 87' lang='lat' dir='ltr'><strong>ante</strong></span> <span class='ocrx_word' id='word_1_421' title='bbox 650 3512 739 3571; x_wconf 92' lang='lat' dir='ltr'><strong>illum.</strong></span> <span class='ocrx_word' id='word_1_422' title='bbox 767 3517 801 3573; x_wconf 81' lang='lat' dir='ltr'><strong>Et</strong></span> <span class='ocrx_word' id='word_1_423' title='bbox 814 3515 860 3574; x_wconf 91' lang='lat' dir='ltr'><strong>ille</strong></span> <span class='ocrx_word' id='word_1_424' title='bbox 915 3517 978 3574; x_wconf 92' lang='lat' dir='ltr'><strong>ideo</strong></span> <span class='ocrx_word' id='word_1_425' title='bbox 993 3517 1162 3575; x_wconf 89' lang='lat' dir='ltr'><strong>deserendus</strong></span> <span class='ocrx_word' id='word_1_426' title='bbox 1176 3526 1219 3574; x_wconf 91' lang='lat' dir='ltr'><strong>est</strong></span> <span class='ocrx_word' id='word_1_427' title='bbox 1233 3518 1339 3577; x_wconf 89' lang='lat' dir='ltr'><strong>amicus</strong></span> <span class='ocrx_word' id='word_1_428' title='bbox 1362 3519 1499 3589; x_wconf 87' lang='lat' dir='ltr'><strong>esuriens,</strong></span> <span class='ocrx_word' id='word_1_429' title='bbox 1524 3522 1570 3595; x_wconf 91' lang='lat' dir='ltr'><strong>qui</strong></span> <span class='ocrx_word' id='word_1_430' title='bbox 1586 3530 1612 3578; x_wconf 93' lang='lat' dir='ltr'><strong>te</strong></span> <span class='ocrx_word' id='word_1_431' title='bbox 1624 3528 1715 3596; x_wconf 90' lang='lat' dir='ltr'><strong>urget,</strong></span> 
     </span>
     <span class='ocr_line' id='line_1_32' title="bbox 60 3602 1718 3683; baseline 0.003 -21"><span class='ocrx_word' id='word_1_432' title='bbox 60 3607 168 3664; x_wconf 89' lang='lat' dir='ltr'><strong>deintus</strong></span> <span class='ocrx_word' id='word_1_433' title='bbox 191 3606 291 3663; x_wconf 88' lang='lat' dir='ltr'><strong>dicat:</strong></span> <span class='ocrx_word' id='word_1_434' title='bbox 314 3605 377 3661; x_wconf 88' lang='lat' dir='ltr'><strong>Noli</strong></span> <span class='ocrx_word' id='word_1_435' title='bbox 400 3604 467 3660; x_wconf 88' lang='lat' dir='ltr'><strong>milri</strong></span> <span class='ocrx_word' id='word_1_436' title='bbox 491 3602 623 3660; x_wconf 89' lang='lat' dir='ltr'><strong>molestus</strong></span> <span class='ocrx_word' id='word_1_437' title='bbox 648 3620 724 3660; x_wconf 88' lang='lat' dir='ltr'><strong>osse.</strong></span> <span class='ocrx_word' id='word_1_438' title='bbox 750 3604 810 3660; x_wconf 82' lang='lat' dir='ltr'><strong>iam</strong></span> <span class='ocrx_word' id='word_1_439' title='bbox 831 3620 862 3662; x_wconf 91' lang='lat' dir='ltr'><strong>o·</strong></span> <span class='ocrx_word' id='word_1_440' title='bbox 917 3606 965 3664; x_wconf 89' lang='lat' dir='ltr'><strong>sed</strong></span> <span class='ocrx_word' id='word_1_441' title='bbox 981 3605 1091 3679; x_wconf 88' lang='lat' dir='ltr'><strong>pulsare</strong></span> <span class='ocrx_word' id='word_1_442' title='bbox 1102 3607 1190 3664; x_wconf 89' lang='lat' dir='ltr'><strong>debes</strong></span> <span class='ocrx_word' id='word_1_443' title='bbox 1200 3608 1235 3663; x_wconf 86' lang='lat' dir='ltr'><strong>ad</strong></span> <span class='ocrx_word' id='word_1_444' title='bbox 1249 3607 1337 3679; x_wconf 90' lang='lat' dir='ltr'><strong>ipsum</strong></span> <span class='ocrx_word' id='word_1_445' title='bbox 1353 3609 1511 3678; x_wconf 85' lang='lat' dir='ltr'><strong>Dominum,</strong></span> <span class='ocrx_word' id='word_1_446' title='bbox 1527 3625 1590 3667; x_wconf 87' lang='lat' dir='ltr'><strong>cum</strong></span> <span class='ocrx_word' id='word_1_447' title='bbox 1604 3625 1658 3683; x_wconf 93' lang='lat' dir='ltr'><strong>quo</strong></span> <span class='ocrx_word' id='word_1_448' title='bbox 1671 3625 1718 3667; x_wconf 89' lang='lat' dir='ltr'><strong>ca·</strong></span> 
     </span>
     <span class='ocr_line' id='line_1_33' title="bbox 62 3692 1718 3769; baseline 0.001 -17"><span class='ocrx_word' id='word_1_449' title='bbox 62 3697 144 3752; x_wconf 88' lang='lat' dir='ltr'><strong>stium</strong></span> <span class='ocrx_word' id='word_1_450' title='bbox 157 3695 279 3751; x_wconf 89' lang='lat' dir='ltr'><strong>clausum</strong></span> <span class='ocrx_word' id='word_1_451' title='bbox 294 3702 346 3762; x_wconf 90' lang='lat' dir='ltr'><strong>est,</strong></span> <span class='ocrx_word' id='word_1_452' title='bbox 362 3700 391 3750; x_wconf 88' lang='lat' dir='ltr'><strong>ct</strong></span> <span class='ocrx_word' id='word_1_453' title='bbox 404 3692 481 3764; x_wconf 88' lang='lat' dir='ltr'><strong>pueri</strong></span> <span class='ocrx_word' id='word_1_454' title='bbox 495 3693 550 3748; x_wconf 92' lang='lat' dir='ltr'><strong>mei</strong></span> <span class='ocrx_word' id='word_1_455' title='bbox 571 3707 676 3749; x_wconf 90' lang='lat' dir='ltr'><strong>mecum</strong></span> <span class='ocrx_word' id='word_1_456' title='bbox 693 3701 755 3748; x_wconf 89' lang='lat' dir='ltr'><strong>sunt</strong></span> <span class='ocrx_word' id='word_1_457' title='bbox 769 3693 797 3749; x_wconf 89' lang='lat' dir='ltr'><strong>itt</strong></span> <span class='ocrx_word' id='word_1_458' title='bbox 811 3706 862 3751; x_wconf 86' lang='lat' dir='ltr'><strong>ott·</strong></span> <span class='ocrx_word' id='word_1_459' title='bbox 916 3695 996 3769; x_wconf 90' lang='lat' dir='ltr'><strong>piens</strong></span> <span class='ocrx_word' id='word_1_460' title='bbox 1014 3694 1115 3751; x_wconf 89' lang='lat' dir='ltr'><strong>familia</strong></span> <span class='ocrx_word' id='word_1_461' title='bbox 1139 3696 1297 3767; x_wconf 88' lang='lat' dir='ltr'><strong>requiescit.</strong></span> <span class='ocrx_word' id='word_1_462' title='bbox 1323 3695 1377 3765; x_wconf 83' lang='lat' dir='ltr'><strong>Qut</strong></span> <span class='ocrx_word' id='word_1_463' title='bbox 1401 3697 1424 3752; x_wconf 89' lang='lat' dir='ltr'><strong>ai</strong></span> <span class='ocrx_word' id='word_1_464' title='bbox 1446 3695 1537 3754; x_wconf 83' lang='lat' dir='ltr'><strong>differt</strong></span> <span class='ocrx_word' id='word_1_465' title='bbox 1556 3698 1634 3766; x_wconf 89' lang='lat' dir='ltr'><strong>dare,</strong></span> <span class='ocrx_word' id='word_1_466' title='bbox 1661 3697 1718 3754; x_wconf 91' lang='lat' dir='ltr'><strong>vult</strong></span> 
     </span>
     <span class='ocr_line' id='line_1_34' title="bbox 62 3780 1719 3857; baseline 0.002 -17"><span class='ocrx_word' id='word_1_467' title='bbox 62 3785 123 3840; x_wconf 89' lang='lat' dir='ltr'><strong>bili.</strong></span> <span class='ocrx_word' id='word_1_468' title='bbox 141 3784 202 3840; x_wconf 91' lang='lat' dir='ltr'><strong>Non</strong></span> <span class='ocrx_word' id='word_1_469' title='bbox 222 3799 334 3855; x_wconf 90' lang='lat' dir='ltr'><strong>possum</strong></span> <span class='ocrx_word' id='word_1_470' title='bbox 356 3797 472 3857; x_wconf 81' lang='lat' dir='ltr'><strong>surgere</strong></span> <span class='ocrx_word' id='word_1_471' title='bbox 500 3789 530 3838; x_wconf 88' lang='lat' dir='ltr'><strong>et</strong></span> <span class='ocrx_word' id='word_1_472' title='bbox 547 3781 617 3838; x_wconf 86' lang='lat' dir='ltr'><strong>dara</strong></span> <span class='ocrx_word' id='word_1_473' title='bbox 641 3780 698 3836; x_wconf 91' lang='lat' dir='ltr'><strong>tibi.</strong></span> <span class='ocrx_word' id='word_1_474' title='bbox 723 3782 759 3837; x_wconf 85' lang='lat' dir='ltr'><strong>ttt</strong></span> <span class='ocrx_word' id='word_1_475' title='bbox 782 3783 805 3838; x_wconf 90' lang='lat' dir='ltr'><strong>si</strong></span> <span class='ocrx_word' id='word_1_476' title='bbox 817 3782 864 3839; x_wconf 87' lang='lat' dir='ltr'><strong>illa</strong></span> <span class='ocrx_word' id='word_1_477' title='bbox 917 3792 1007 3840; x_wconf 91' lang='lat' dir='ltr'><strong>tamen</strong></span> <span class='ocrx_word' id='word_1_478' title='bbox 1025 3801 1033 3841; x_wconf 76' lang='grc' dir='ltr'><strong>ε</strong></span> <span class='ocrx_word' id='word_1_479' title='bbox 1048 3787 1096 3841; x_wconf 85' lang='lat' dir='ltr'><strong>sart</strong></span> <span class='ocrx_word' id='word_1_480' title='bbox 1112 3784 1169 3840; x_wconf 89' lang='lat' dir='ltr'><strong>vult</strong></span> <span class='ocrx_word' id='word_1_481' title='bbox 1184 3791 1214 3839; x_wconf 91' lang='grc' dir='ltr'><strong>ιι</strong></span> <span class='ocrx_word' id='word_1_482' title='bbox 1237 3784 1356 3856; x_wconf 87' lang='lat' dir='ltr'><strong>amplius</strong></span> <span class='ocrx_word' id='word_1_483' title='bbox 1377 3784 1518 3842; x_wconf 89' lang='lat' dir='ltr'><strong>desideres</strong></span> <span class='ocrx_word' id='word_1_484' title='bbox 1535 3787 1657 3853; x_wconf 89' lang='lat' dir='ltr'><strong>dilatum,</strong></span> <span class='ocrx_word' id='word_1_485' title='bbox 1682 3801 1719 3844; x_wconf 87' lang='lat' dir='ltr'><strong>no</strong></span> 
     </span>
     <span class='ocr_line' id='line_1_35' title="bbox 62 3869 1720 3948; baseline 0 -18"><span class='ocrx_word' id='word_1_486' title='bbox 62 3873 284 3948; x_wconf 78' lang='lat' dir='ltr'><strong>perseveraverit</strong></span> <span class='ocrx_word' id='word_1_487' title='bbox 298 3871 420 3944; x_wconf 85' lang='lat' dir='ltr'><strong>pulsans,</strong></span> <span class='ocrx_word' id='word_1_488' title='bbox 442 3869 505 3927; x_wconf 92' lang='lat' dir='ltr'><strong>dico</strong></span> <span class='ocrx_word' id='word_1_489' title='bbox 526 3869 616 3937; x_wconf 86' lang='lat' dir='ltr'><strong>vobis,</strong></span> <span class='ocrx_word' id='word_1_490' title='bbox 640 3878 667 3927; x_wconf 90' lang='lat' dir='ltr'><strong>et</strong></span> <span class='ocrx_word' id='word_1_491' title='bbox 682 3870 704 3927; x_wconf 89' lang='lat' dir='ltr'><strong>si</strong></span> <span class='ocrx_word' id='word_1_492' title='bbox 719 3886 774 3927; x_wconf 95' lang='lat' dir='ltr'><strong>non</strong></span> <span class='ocrx_word' id='word_1_493' title='bbox 789 3870 865 3927; x_wconf 88' lang='lat' dir='ltr'><strong>dabit</strong></span> <span class='ocrx_word' id='word_1_494' title='bbox 917 3874 1032 3930; x_wconf 87' lang='lat' dir='ltr'><strong>vilescat</strong></span> <span class='ocrx_word' id='word_1_495' title='bbox 1046 3873 1100 3930; x_wconf 88' lang='lat' dir='ltr'><strong>cito</strong></span> <span class='ocrx_word' id='word_1_496' title='bbox 1114 3872 1220 3928; x_wconf 91' lang='lat' dir='ltr'><strong>datum.</strong></span> <span class='ocrx_word' id='word_1_497' title='bbox 1239 3872 1306 3929; x_wconf 86' lang='lat' dir='ltr'><strong>Cum</strong></span> <span class='ocrx_word' id='word_1_498' title='bbox 1331 3882 1421 3930; x_wconf 90' lang='lat' dir='ltr'><strong>autem</strong></span> <span class='ocrx_word' id='word_1_499' title='bbox 1443 3874 1602 3945; x_wconf 83' lang='lat' dir='ltr'><strong>perveneris</strong></span> <span class='ocrx_word' id='word_1_500' title='bbox 1624 3874 1659 3930; x_wconf 91' lang='lat' dir='ltr'><strong>ad</strong></span> <span class='ocrx_word' id='word_1_501' title='bbox 1673 3874 1720 3930; x_wconf 92' lang='lat' dir='ltr'><strong>in-</strong></span> 
     </span>
     <span class='ocr_line' id='line_1_36' title="bbox 64 3958 1725 4035; baseline -0.001 -16"><span class='ocrx_word' id='word_1_502' title='bbox 64 3962 104 4019; x_wconf 92' lang='lat' dir='ltr'><strong>illi</strong></span> <span class='ocrx_word' id='word_1_503' title='bbox 119 3977 247 4035; x_wconf 80' lang='lat' dir='ltr'><strong>surgens,</strong></span> <span class='ocrx_word' id='word_1_504' title='bbox 263 3975 297 4017; x_wconf 90' lang='grc' dir='ltr'><strong>ιο</strong></span> <span class='ocrx_word' id='word_1_505' title='bbox 310 3960 383 4033; x_wconf 93' lang='lat' dir='ltr'><strong>quod</strong></span> <span class='ocrx_word' id='word_1_506' title='bbox 399 3959 502 4015; x_wconf 85' lang='lat' dir='ltr'><strong>amicus</strong></span> <span class='ocrx_word' id='word_1_507' title='bbox 512 3959 557 4024; x_wconf 89' lang='lat' dir='ltr'><strong>sit,</strong></span> <span class='ocrx_word' id='word_1_508' title='bbox 572 3965 686 4031; x_wconf 88' lang='lat' dir='ltr'><strong>propter</strong></span> <span class='ocrx_word' id='word_1_509' title='bbox 699 3958 864 4032; x_wconf 87' lang='lat' dir='ltr'><strong>improbita·</strong></span> <span class='ocrx_word' id='word_1_510' title='bbox 920 3961 1098 4034; x_wconf 86' lang='lat' dir='ltr'><strong>tolligcntiam</strong></span> <span class='ocrx_word' id='word_1_511' title='bbox 1130 3960 1283 4028; x_wconf 84' lang='lat' dir='ltr'><strong>Trinitatis,</strong></span> <span class='ocrx_word' id='word_1_512' title='bbox 1315 3960 1400 4017; x_wconf 89' lang='lat' dir='ltr'><strong>babes</strong></span> <span class='ocrx_word' id='word_1_513' title='bbox 1438 3969 1494 4017; x_wconf 89' lang='lat' dir='ltr'><strong>tres</strong></span> <span class='ocrx_word' id='word_1_514' title='bbox 1527 3977 1614 4033; x_wconf 90' lang='lat' dir='ltr'><strong>panes</strong></span> <span class='ocrx_word' id='word_1_515' title='bbox 1647 3962 1725 4018; x_wconf 87' lang='lat' dir='ltr'><strong>unde·</strong></span> 
     </span>
     <span class='ocr_line' id='line_1_37' title="bbox 64 4046 1721 4123; baseline -0.001 -16"><span class='ocrx_word' id='word_1_516' title='bbox 64 4059 119 4108; x_wconf 91' lang='lat' dir='ltr'><strong>tem</strong></span> <span class='ocrx_word' id='word_1_517' title='bbox 135 4059 227 4106; x_wconf 79' lang='grc' dir='ltr'>ιιιιιι</span> <span class='ocrx_word' id='word_1_518' title='bbox 242 4050 304 4120; x_wconf 89' lang='lat' dir='ltr'><strong>ejus</strong></span> <span class='ocrx_word' id='word_1_519' title='bbox 318 4055 422 4122; x_wconf 90' lang='lat' dir='ltr'><strong>surget,</strong></span> <span class='ocrx_word' id='word_1_520' title='bbox 442 4056 469 4104; x_wconf 91' lang='lat' dir='ltr'><strong>et</strong></span> <span class='ocrx_word' id='word_1_521' title='bbox 481 4047 555 4103; x_wconf 85' lang='lat' dir='ltr'><strong>dabit</strong></span> <span class='ocrx_word' id='word_1_522' title='bbox 574 4046 615 4102; x_wconf 92' lang='lat' dir='ltr'><strong>illi</strong></span> <span class='ocrx_word' id='word_1_523' title='bbox 637 4055 772 4120; x_wconf 91' lang='lat' dir='ltr'><strong>quotquot</strong></span> <span class='ocrx_word' id='word_1_524' title='bbox 782 4048 866 4104; x_wconf 87' lang='lat' dir='ltr'><strong>babet</strong></span> <span class='ocrx_word' id='word_1_525' title='bbox 919 4067 1019 4123; x_wconf 86' lang='lat' dir='ltr'><strong>pascas</strong></span> <span class='ocrx_word' id='word_1_526' title='bbox 1028 4050 1146 4107; x_wconf 89' lang='lat' dir='ltr'><strong>amicum</strong></span> <span class='ocrx_word' id='word_1_527' title='bbox 1156 4048 1498 4121; x_wconf 81' lang='lat' dir='ltr'><strong>peregrinumllilmclius</strong></span> <span class='ocrx_word' id='word_1_528' title='bbox 1508 4065 1589 4120; x_wconf 88' lang='lat' dir='ltr'><strong>quam</strong></span> <span class='ocrx_word' id='word_1_529' title='bbox 1599 4049 1721 4122; x_wconf 87' lang='lat' dir='ltr'><strong>seipsum</strong></span> 
     </span>
     <span class='ocr_line' id='line_1_38' title="bbox 65 4134 1723 4210; baseline -0.001 -14"><span class='ocrx_word' id='word_1_530' title='bbox 65 4139 241 4197; x_wconf 89' lang='lat' dir='ltr'><strong>necessarios</strong></span> <span class='ocrx_word' id='word_1_531' title='bbox 256 4138 336 4207; x_wconf 79' lang='lat' dir='ltr'><strong>(loc.</strong></span> <span class='ocrx_word' id='word_1_532' title='bbox 354 4137 407 4208; x_wconf 78' lang='lat' dir='ltr'><strong>xv).</strong></span> <span class='ocrx_word' id='word_1_533' title='bbox 428 4158 439 4185; x_wconf 82' lang='lat' dir='ltr'><strong>u</strong></span> <span class='ocrx_word' id='word_1_534' title='bbox 455 4134 572 4206; x_wconf 84' lang='lat' dir='ltr'><strong>Quidam</strong></span> <span class='ocrx_word' id='word_1_535' title='bbox 587 4135 623 4191; x_wconf 92' lang='lat' dir='ltr'><strong>ibi</strong></span> <span class='ocrx_word' id='word_1_536' title='bbox 639 4135 741 4193; x_wconf 90' lang='lat' dir='ltr'><strong>faciunt</strong></span> <span class='ocrx_word' id='word_1_537' title='bbox 751 4136 867 4192; x_wconf 86' lang='lat' dir='ltr'><strong>interro·</strong></span> <span class='ocrx_word' id='word_1_538' title='bbox 920 4139 966 4196; x_wconf 88' lang='lat' dir='ltr'><strong>dat</strong></span> <span class='ocrx_word' id='word_1_539' title='bbox 982 4138 1029 4195; x_wconf 91' lang='lat' dir='ltr'><strong>tibi</strong></span> <span class='ocrx_word' id='word_1_540' title='bbox 1043 4139 1129 4195; x_wconf 82' lang='lat' dir='ltr'><strong>oeus.</strong></span> <span class='ocrx_word' id='word_1_541' title='bbox 1144 4137 1195 4194; x_wconf 87' lang='lat' dir='ltr'><strong>Vel</strong></span> <span class='ocrx_word' id='word_1_542' title='bbox 1207 4137 1265 4194; x_wconf 84' lang='lat' dir='ltr'><strong>ita:</strong></span> <span class='ocrx_word' id='word_1_543' title='bbox 1280 4136 1393 4194; x_wconf 77' lang='lat' dir='ltr'><strong>Amicus</strong></span> <span class='ocrx_word' id='word_1_544' title='bbox 1409 4137 1454 4210; x_wconf 93' lang='lat' dir='ltr'><strong>qui</strong></span> <span class='ocrx_word' id='word_1_545' title='bbox 1474 4136 1550 4194; x_wconf 89' lang='lat' dir='ltr'><strong>venit</strong></span> <span class='ocrx_word' id='word_1_546' title='bbox 1562 4138 1598 4195; x_wconf 91' lang='lat' dir='ltr'><strong>de</strong></span> <span class='ocrx_word' id='word_1_547' title='bbox 1612 4138 1655 4195; x_wconf 85' lang='lat' dir='ltr'><strong>vie</strong></span> <span class='ocrx_word' id='word_1_548' title='bbox 1668 4154 1723 4195; x_wconf 93' lang='lat' dir='ltr'><strong>no-</strong></span> 
     </span>
     <span class='ocr_line' id='line_1_39' title="bbox 66 4223 1725 4303; baseline 0 -20"><span class='ocrx_word' id='word_1_549' title='bbox 66 4229 226 4303; x_wconf 84' lang='lat' dir='ltr'><strong>gallonem:</strong></span> <span class='ocrx_word' id='word_1_550' title='bbox 246 4249 257 4277; x_wconf 85' lang='lat' dir='ltr'><strong>u</strong></span> <span class='ocrx_word' id='word_1_551' title='bbox 272 4227 335 4282; x_wconf 89' lang='lat' dir='ltr'><strong>Non</strong></span> <span class='ocrx_word' id='word_1_552' title='bbox 349 4240 463 4298; x_wconf 90' lang='lat' dir='ltr'><strong>possum</strong></span> <span class='ocrx_word' id='word_1_553' title='bbox 477 4239 596 4296; x_wconf 87' lang='lat' dir='ltr'><strong>surgere</strong></span> <span class='ocrx_word' id='word_1_554' title='bbox 605 4231 632 4280; x_wconf 93' lang='lat' dir='ltr'><strong>et</strong></span> <span class='ocrx_word' id='word_1_555' title='bbox 645 4224 713 4281; x_wconf 91' lang='lat' dir='ltr'><strong>dare</strong></span> <span class='ocrx_word' id='word_1_556' title='bbox 728 4225 805 4292; x_wconf 63' lang='lat' dir='ltr'><strong>ribi»</strong></span> <span class='ocrx_word' id='word_1_557' title='bbox 818 4223 867 4280; x_wconf 89' lang='lat' dir='ltr'><strong>sed</strong></span> <span class='ocrx_word' id='word_1_558' title='bbox 921 4235 979 4284; x_wconf 86' lang='lat' dir='ltr'><strong>ster</strong></span> <span class='ocrx_word' id='word_1_559' title='bbox 992 4233 1035 4283; x_wconf 88' lang='grc' dir='ltr'><strong>ιιι</strong></span> <span class='ocrx_word' id='word_1_560' title='bbox 1048 4226 1166 4295; x_wconf 90' lang='lat' dir='ltr'><strong>animus,</strong></span> <span class='ocrx_word' id='word_1_561' title='bbox 1182 4225 1229 4298; x_wconf 91' lang='lat' dir='ltr'><strong>qui</strong></span> <span class='ocrx_word' id='word_1_562' title='bbox 1251 4223 1331 4281; x_wconf 88' lang='lat' dir='ltr'><strong>toties</strong></span> <span class='ocrx_word' id='word_1_563' title='bbox 1354 4240 1372 4281; x_wconf 87' lang='lat' dir='ltr'><strong>a</strong></span> <span class='ocrx_word' id='word_1_564' title='bbox 1394 4224 1474 4281; x_wconf 88' lang='lat' dir='ltr'><strong>nobis</strong></span> <span class='ocrx_word' id='word_1_565' title='bbox 1498 4226 1603 4283; x_wconf 90' lang='lat' dir='ltr'><strong>recedit</strong></span> <span class='ocrx_word' id='word_1_566' title='bbox 1613 4227 1725 4300; x_wconf 86' lang='lat' dir='ltr'><strong>quoties</strong></span> 
     </span>
     <span class='ocr_line' id='line_1_40' title="bbox 69 4310 1724 4388; baseline 0 -15"><span class='ocrx_word' id='word_1_567' title='bbox 69 4316 152 4374; x_wconf 90' lang='lat' dir='ltr'><strong>etiam</strong></span> <span class='ocrx_word' id='word_1_568' title='bbox 166 4322 250 4373; x_wconf 89' lang='lat' dir='ltr'><strong>toturn</strong></span> <span class='ocrx_word' id='word_1_569' title='bbox 265 4314 410 4388; x_wconf 81' lang='lat' dir='ltr'><strong>capitulum</strong></span> <span class='ocrx_word' id='word_1_570' title='bbox 420 4314 473 4369; x_wconf 89' lang='lat' dir='ltr'><strong>sub</strong></span> <span class='ocrx_word' id='word_1_571' title='bbox 482 4329 537 4369; x_wconf 92' lang='lat' dir='ltr'><strong>uno</strong></span> <span class='ocrx_word' id='word_1_572' title='bbox 546 4328 631 4370; x_wconf 87' lang='lat' dir='ltr'><strong>versu</strong></span> <span class='ocrx_word' id='word_1_573' title='bbox 645 4313 686 4370; x_wconf 90' lang='lat' dir='ltr'><strong>sic</strong></span> <span class='ocrx_word' id='word_1_574' title='bbox 693 4310 749 4387; x_wconf 92' lang='lat' dir='ltr'><strong>legi</strong></span> <span class='ocrx_word' id='word_1_575' title='bbox 759 4320 867 4385; x_wconf 72' lang='lat' dir='ltr'><strong>potesta</strong></span> <span class='ocrx_word' id='word_1_576' title='bbox 921 4315 957 4373; x_wconf 86' lang='lat' dir='ltr'><strong>ad</strong></span> <span class='ocrx_word' id='word_1_577' title='bbox 969 4315 1122 4387; x_wconf 88' lang='lat' dir='ltr'><strong>appetenda</strong></span> <span class='ocrx_word' id='word_1_578' title='bbox 1136 4322 1246 4371; x_wconf 88' lang='lat' dir='ltr'><strong>terrena</strong></span> <span class='ocrx_word' id='word_1_579' title='bbox 1260 4312 1326 4370; x_wconf 90' lang='lat' dir='ltr'><strong>foris</strong></span> <span class='ocrx_word' id='word_1_580' title='bbox 1349 4317 1474 4387; x_wconf 87' lang='lat' dir='ltr'><strong>vagatur.</strong></span> <span class='ocrx_word' id='word_1_581' title='bbox 1491 4314 1571 4371; x_wconf 86' lang='lat' dir='ltr'><strong>iiedit</strong></span> <span class='ocrx_word' id='word_1_582' title='bbox 1584 4332 1650 4374; x_wconf 91' lang='lat' dir='ltr'><strong>vero</strong></span> <span class='ocrx_word' id='word_1_583' title='bbox 1665 4331 1724 4373; x_wconf 82' lang='grc' dir='ltr'>ιιι·</span> 
     </span>
     <span class='ocr_line' id='line_1_41' title="bbox 69 4400 1724 4478; baseline 0 -17"><span class='ocrx_word' id='word_1_584' title='bbox 69 4405 138 4475; x_wconf 87' lang='lat' dir='ltr'><strong>Quis</strong></span> <span class='ocrx_word' id='word_1_585' title='bbox 151 4405 233 4461; x_wconf 91' lang='lat' dir='ltr'><strong>bomo</strong></span> <span class='ocrx_word' id='word_1_586' title='bbox 247 4409 291 4460; x_wconf 86' lang='lat' dir='ltr'><strong>est</strong></span> <span class='ocrx_word' id='word_1_587' title='bbox 306 4403 357 4459; x_wconf 80' lang='lat' dir='ltr'><strong>«si</strong></span> <span class='ocrx_word' id='word_1_588' title='bbox 378 4402 441 4476; x_wconf 89' lang='lat' dir='ltr'><strong>quis</strong></span> <span class='ocrx_word' id='word_1_589' title='bbox 463 4409 582 4459; x_wconf 91' lang='lat' dir='ltr'><strong>vestrum</strong></span> <span class='ocrx_word' id='word_1_590' title='bbox 606 4401 717 4457; x_wconf 88' lang='lat' dir='ltr'><strong>habebit</strong></span> <span class='ocrx_word' id='word_1_591' title='bbox 738 4402 867 4468; x_wconf 87' lang='lat' dir='ltr'><strong>amicum,</strong></span> <span class='ocrx_word' id='word_1_592' title='bbox 922 4404 1038 4478; x_wconf 77' lang='lat' dir='ltr'><strong>testique</strong></span> <span class='ocrx_word' id='word_1_593' title='bbox 1051 4403 1179 4460; x_wconf 88' lang='lat' dir='ltr'><strong>alimonia</strong></span> <span class='ocrx_word' id='word_1_594' title='bbox 1192 4400 1267 4460; x_wconf 85' lang='lat' dir='ltr'><strong>refici</strong></span> <span class='ocrx_word' id='word_1_595' title='bbox 1286 4400 1435 4470; x_wconf 91' lang='lat' dir='ltr'><strong>desiderat,</strong></span> <span class='ocrx_word' id='word_1_596' title='bbox 1452 4419 1516 4460; x_wconf 90' lang='lat' dir='ltr'><strong>cum</strong></span> <span class='ocrx_word' id='word_1_597' title='bbox 1539 4403 1567 4458; x_wconf 91' lang='lat' dir='ltr'><strong>iu</strong></span> <span class='ocrx_word' id='word_1_598' title='bbox 1583 4420 1614 4461; x_wconf 90' lang='lat' dir='ltr'><strong>se</strong></span> <span class='ocrx_word' id='word_1_599' title='bbox 1628 4421 1724 4463; x_wconf 85' lang='lat' dir='ltr'><strong>rever-</strong></span> 
     </span>
     <span class='ocr_line' id='line_1_42' title="bbox 70 4489 1726 4565; baseline -0.001 -14"><span class='ocrx_word' id='word_1_600' title='bbox 70 4502 143 4562; x_wconf 93' lang='lat' dir='ltr'><strong>etc.,</strong></span> <span class='ocrx_word' id='word_1_601' title='bbox 167 4501 194 4549; x_wconf 90' lang='lat' dir='ltr'><strong>et</strong></span> <span class='ocrx_word' id='word_1_602' title='bbox 216 4491 239 4548; x_wconf 86' lang='lat' dir='ltr'><strong>si</strong></span> <span class='ocrx_word' id='word_1_603' title='bbox 263 4491 310 4548; x_wconf 92' lang='lat' dir='ltr'><strong>ille</strong></span> <span class='ocrx_word' id='word_1_604' title='bbox 334 4490 444 4548; x_wconf 90' lang='lat' dir='ltr'><strong>deintus</strong></span> <span class='ocrx_word' id='word_1_605' title='bbox 462 4490 537 4547; x_wconf 90' lang='lat' dir='ltr'><strong>dicat</strong></span> <span class='ocrx_word' id='word_1_606' title='bbox 552 4507 560 4547; x_wconf 76' lang='grc' dir='ltr'><strong>ι</strong></span> <span class='ocrx_word' id='word_1_607' title='bbox 575 4489 639 4546; x_wconf 88' lang='lat' dir='ltr'><strong>Noli</strong></span> <span class='ocrx_word' id='word_1_608' title='bbox 657 4489 724 4546; x_wconf 89' lang='lat' dir='ltr'><strong>mibi</strong></span> <span class='ocrx_word' id='word_1_609' title='bbox 738 4490 870 4547; x_wconf 89' lang='lat' dir='ltr'><strong>molestus</strong></span> <span class='ocrx_word' id='word_1_610' title='bbox 924 4510 971 4550; x_wconf 91' lang='grc' dir='ltr'><strong>ιιι</strong></span> <span class='ocrx_word' id='word_1_611' title='bbox 986 4508 1103 4565; x_wconf 89' lang='lat' dir='ltr'><strong>superna</strong></span> <span class='ocrx_word' id='word_1_612' title='bbox 1116 4506 1150 4549; x_wconf 91' lang='lat' dir='ltr'><strong>ao</strong></span> <span class='ocrx_word' id='word_1_613' title='bbox 1164 4489 1300 4563; x_wconf 89' lang='lat' dir='ltr'><strong>spiritalia</strong></span> <span class='ocrx_word' id='word_1_614' title='bbox 1314 4490 1430 4562; x_wconf 83' lang='lat' dir='ltr'><strong>coeperit</strong></span> <span class='ocrx_word' id='word_1_615' title='bbox 1447 4490 1589 4549; x_wconf 88' lang='lat' dir='ltr'><strong>meditari.</strong></span> <span class='ocrx_word' id='word_1_616' title='bbox 1614 4493 1655 4549; x_wconf 87' lang='lat' dir='ltr'><strong>De</strong></span> <span class='ocrx_word' id='word_1_617' title='bbox 1670 4509 1726 4565; x_wconf 93' lang='lat' dir='ltr'><strong>quo</strong></span> 
     </span>
     <span class='ocr_line' id='line_1_43' title="bbox 71 4579 1727 4680; baseline -0.002 -40"><span class='ocrx_word' id='word_1_618' title='bbox 71 4599 144 4650; x_wconf 87' lang='lat' dir='ltr'><strong>esse,</strong></span> <span class='ocrx_word' id='word_1_619' title='bbox 161 4590 225 4649; x_wconf 78' lang='lat' dir='ltr'><strong>etc..</strong></span> <span class='ocrx_word' id='word_1_620' title='bbox 242 4589 269 4638; x_wconf 88' lang='lat' dir='ltr'><strong>et</strong></span> <span class='ocrx_word' id='word_1_621' title='bbox 283 4581 307 4637; x_wconf 92' lang='grc' dir='ltr'><strong>ιι</strong></span> <span class='ocrx_word' id='word_1_622' title='bbox 321 4581 368 4638; x_wconf 87' lang='lat' dir='ltr'><strong>ille</strong></span> <span class='ocrx_word' id='word_1_623' title='bbox 390 4580 608 4653; x_wconf 86' lang='lat' dir='ltr'><strong>perseveraverit</strong></span> <span class='ocrx_word' id='word_1_624' title='bbox 630 4580 750 4652; x_wconf 88' lang='lat' dir='ltr'><strong>pulsans,</strong></span> <span class='ocrx_word' id='word_1_625' title='bbox 772 4586 837 4650; x_wconf 82' lang='lat' dir='ltr'><strong>eto,</strong></span> <span class='ocrx_word' id='word_1_626' title='bbox 855 4602 868 4629; x_wconf 75' lang='grc' dir='ltr'><strong>ι</strong></span> <span class='ocrx_word' id='word_1_627' title='bbox 886 4588 1024 4680; x_wconf 74' lang='lat' dir='ltr'><strong>Dpctens</strong></span> <span class='ocrx_word' id='word_1_628' title='bbox 1037 4579 1150 4653; x_wconf 86' lang='lat' dir='ltr'><strong>pulchre</strong></span> <span class='ocrx_word' id='word_1_629' title='bbox 1163 4579 1290 4653; x_wconf 85' lang='lat' dir='ltr'><strong>adjungit</strong></span> <span class='ocrx_word' id='word_1_630' title='bbox 1304 4594 1358 4635; x_wconf 90' lang='lat' dir='ltr'><strong>non</strong></span> <span class='ocrx_word' id='word_1_631' title='bbox 1383 4592 1414 4635; x_wconf 92' lang='lat' dir='ltr'><strong>se</strong></span> <span class='ocrx_word' id='word_1_632' title='bbox 1437 4579 1541 4636; x_wconf 88' lang='lat' dir='ltr'><strong>habere</strong></span> <span class='ocrx_word' id='word_1_633' title='bbox 1555 4580 1627 4654; x_wconf 92' lang='lat' dir='ltr'><strong>quod</strong></span> <span class='ocrx_word' id='word_1_634' title='bbox 1642 4589 1727 4653; x_wconf 91' lang='lat' dir='ltr'><strong>ponat</strong></span> 
     </span>
     <span class='ocr_line' id='line_1_44' title="bbox 71 4667 1728 4743; baseline -0.002 -15"><span class='ocrx_word' id='word_1_635' title='bbox 71 4672 125 4728; x_wconf 89' lang='lat' dir='ltr'><strong>nisi</strong></span> <span class='ocrx_word' id='word_1_636' title='bbox 152 4670 278 4728; x_wconf 86' lang='lat' dir='ltr'><strong>Salvator</strong></span> <span class='ocrx_word' id='word_1_637' title='bbox 306 4669 352 4743; x_wconf 91' lang='lat' dir='ltr'><strong>qui</strong></span> <span class='ocrx_word' id='word_1_638' title='bbox 381 4684 437 4725; x_wconf 92' lang='lat' dir='ltr'><strong>non</strong></span> <span class='ocrx_word' id='word_1_639' title='bbox 470 4669 552 4725; x_wconf 94' lang='lat' dir='ltr'><strong>modo</strong></span> <span class='ocrx_word' id='word_1_640' title='bbox 579 4668 696 4725; x_wconf 89' lang='lat' dir='ltr'><strong>formam</strong></span> <span class='ocrx_word' id='word_1_641' title='bbox 730 4667 872 4738; x_wconf 88' lang='lat' dir='ltr'><strong>orationis,</strong></span> <span class='ocrx_word' id='word_1_642' title='bbox 928 4668 1092 4737; x_wconf 88' lang='lat' dir='ltr'><strong>anteillum,</strong></span> <span class='ocrx_word' id='word_1_643' title='bbox 1114 4670 1224 4742; x_wconf 86' lang='lat' dir='ltr'><strong>quando</strong></span> <span class='ocrx_word' id='word_1_644' title='bbox 1244 4668 1271 4723; x_wconf 89' lang='lat' dir='ltr'><strong>io</strong></span> <span class='ocrx_word' id='word_1_645' title='bbox 1290 4675 1395 4724; x_wconf 91' lang='lat' dir='ltr'><strong>tantum</strong></span> <span class='ocrx_word' id='word_1_646' title='bbox 1415 4675 1525 4725; x_wconf 82' lang='lat' dir='ltr'><strong>secutus</strong></span> <span class='ocrx_word' id='word_1_647' title='bbox 1548 4676 1590 4725; x_wconf 90' lang='lat' dir='ltr'><strong>est</strong></span> <span class='ocrx_word' id='word_1_648' title='bbox 1612 4668 1728 4726; x_wconf 77' lang='grc' dir='ltr'>ιιιιιι-</span> 
     </span>
     <span class='ocr_line' id='line_1_45' title="bbox 73 4755 1728 4830; baseline -0.002 -12"><span class='ocrx_word' id='word_1_649' title='bbox 73 4761 123 4818; x_wconf 90' lang='lat' dir='ltr'><strong>sed</strong></span> <span class='ocrx_word' id='word_1_650' title='bbox 137 4759 294 4815; x_wconf 83' lang='lat' dir='ltr'><strong>instantiam</strong></span> <span class='ocrx_word' id='word_1_651' title='bbox 317 4756 554 4830; x_wconf 80' lang='lat' dir='ltr'><strong>frequentiamque</strong></span> <span class='ocrx_word' id='word_1_652' title='bbox 577 4757 691 4813; x_wconf 92' lang='lat' dir='ltr'><strong>tradidit</strong></span> <span class='ocrx_word' id='word_1_653' title='bbox 712 4756 808 4813; x_wconf 92' lang='lat' dir='ltr'><strong>orandi</strong></span> <span class='ocrx_word' id='word_1_654' title='bbox 823 4772 874 4812; x_wconf 86' lang='lat' dir='ltr'><strong>us·</strong></span> <span class='ocrx_word' id='word_1_655' title='bbox 927 4761 978 4827; x_wconf 84' lang='lat' dir='ltr'><strong>ria,</strong></span> <span class='ocrx_word' id='word_1_656' title='bbox 994 4767 1022 4815; x_wconf 94' lang='lat' dir='ltr'><strong>ut</strong></span> <span class='ocrx_word' id='word_1_657' title='bbox 1036 4774 1086 4814; x_wconf 91' lang='lat' dir='ltr'><strong>nec</strong></span> <span class='ocrx_word' id='word_1_658' title='bbox 1106 4758 1157 4812; x_wconf 92' lang='lat' dir='ltr'><strong>sibi</strong></span> <span class='ocrx_word' id='word_1_659' title='bbox 1182 4756 1314 4829; x_wconf 86' lang='lat' dir='ltr'><strong>pabulum</strong></span> <span class='ocrx_word' id='word_1_660' title='bbox 1336 4755 1436 4812; x_wconf 89' lang='lat' dir='ltr'><strong>babeat</strong></span> <span class='ocrx_word' id='word_1_661' title='bbox 1459 4756 1545 4813; x_wconf 91' lang='lat' dir='ltr'><strong>divini</strong></span> <span class='ocrx_word' id='word_1_662' title='bbox 1566 4756 1654 4824; x_wconf 87' lang='lat' dir='ltr'><strong>uerbi,</strong></span> <span class='ocrx_word' id='word_1_663' title='bbox 1677 4773 1728 4814; x_wconf 90' lang='lat' dir='ltr'><strong>nec</strong></span> 
     </span>
     <span class='ocr_line' id='line_1_46' title="bbox 75 4840 1730 4919; baseline -0.001 -17"><span class='ocrx_word' id='word_1_664' title='bbox 75 4860 134 4919; x_wconf 87' lang='lat' dir='ltr'><strong>quo</strong></span> <span class='ocrx_word' id='word_1_665' title='bbox 148 4843 182 4898; x_wconf 91' lang='lat' dir='ltr'><strong>ad</strong></span> <span class='ocrx_word' id='word_1_666' title='bbox 197 4842 401 4899; x_wconf 86' lang='lat' dir='ltr'><strong>similitudinem</strong></span> <span class='ocrx_word' id='word_1_667' title='bbox 410 4840 615 4912; x_wconf 79' lang='lat' dir='ltr'><strong>improbitatis?</strong></span> <span class='ocrx_word' id='word_1_668' title='bbox 628 4841 701 4899; x_wconf 89' lang='lat' dir='ltr'><strong>Usus</strong></span> <span class='ocrx_word' id='word_1_669' title='bbox 716 4849 758 4897; x_wconf 92' lang='lat' dir='ltr'><strong>est</strong></span> <span class='ocrx_word' id='word_1_670' title='bbox 773 4855 873 4898; x_wconf 79' lang='lat' dir='ltr'><strong>esem·</strong></span> <span class='ocrx_word' id='word_1_671' title='bbox 929 4847 1008 4905; x_wconf 65' lang='lat' dir='ltr'><strong>atteri</strong></span> <span class='ocrx_word' id='word_1_672' title='bbox 1022 4861 1040 4903; x_wconf 82' lang='grc' dir='ltr'><strong>ι</strong></span> <span class='ocrx_word' id='word_1_673' title='bbox 1053 4863 1084 4903; x_wconf 77' lang='lat' dir='ltr'><strong>se</strong></span> <span class='ocrx_word' id='word_1_674' title='bbox 1097 4845 1210 4918; x_wconf 83' lang='lat' dir='ltr'><strong>petenti.</strong></span> <span class='ocrx_word' id='word_1_675' title='bbox 1226 4846 1261 4901; x_wconf 84' lang='lat' dir='ltr'><strong>tlt</strong></span> <span class='ocrx_word' id='word_1_676' title='bbox 1276 4843 1337 4916; x_wconf 88' lang='lat' dir='ltr'><strong>quia</strong></span> <span class='ocrx_word' id='word_1_677' title='bbox 1349 4860 1401 4902; x_wconf 90' lang='lat' dir='ltr'><strong>nec</strong></span> <span class='ocrx_word' id='word_1_678' title='bbox 1411 4860 1428 4900; x_wconf 95' lang='lat' dir='ltr'><strong>a</strong></span> <span class='ocrx_word' id='word_1_679' title='bbox 1437 4860 1468 4900; x_wconf 87' lang='lat' dir='ltr'><strong>se</strong></span> <span class='ocrx_word' id='word_1_680' title='bbox 1484 4860 1535 4900; x_wconf 88' lang='lat' dir='ltr'><strong>noc</strong></span> <span class='ocrx_word' id='word_1_681' title='bbox 1544 4845 1579 4899; x_wconf 91' lang='lat' dir='ltr'><strong>ab</strong></span> <span class='ocrx_word' id='word_1_682' title='bbox 1589 4843 1644 4901; x_wconf 89' lang='lat' dir='ltr'><strong>alio</strong></span> <span class='ocrx_word' id='word_1_683' title='bbox 1658 4845 1730 4903; x_wconf 87' lang='lat' dir='ltr'><strong>valet</strong></span> 
     </span>
     <span class='ocr_line' id='line_1_47' title="bbox 75 4928 1730 5007; baseline -0.007 -19"><span class='ocrx_word' id='word_1_684' title='bbox 75 4933 151 5007; x_wconf 89' lang='lat' dir='ltr'><strong>ploa</strong></span> <span class='ocrx_word' id='word_1_685' title='bbox 166 4931 313 4997; x_wconf 85' lang='lat' dir='ltr'><strong>contrario,</strong></span> <span class='ocrx_word' id='word_1_686' title='bbox 329 4928 399 4987; x_wconf 88' lang='lat' dir='ltr'><strong>sicut</strong></span> <span class='ocrx_word' id='word_1_687' title='bbox 419 4930 454 4986; x_wconf 91' lang='lat' dir='ltr'><strong>dc</strong></span> <span class='ocrx_word' id='word_1_688' title='bbox 474 4929 520 4987; x_wconf 94' lang='lat' dir='ltr'><strong>illo</strong></span> <span class='ocrx_word' id='word_1_689' title='bbox 538 4928 632 4998; x_wconf 77' lang='lat' dir='ltr'><strong>iudice</strong></span> <span class='ocrx_word' id='word_1_690' title='bbox 657 4929 704 5001; x_wconf 92' lang='lat' dir='ltr'><strong>qui</strong></span> <span class='ocrx_word' id='word_1_691' title='bbox 723 4945 775 4986; x_wconf 90' lang='lat' dir='ltr'><strong>nac</strong></span> <span class='ocrx_word' id='word_1_692' title='bbox 788 4930 876 4985; x_wconf 88' lang='lat' dir='ltr'><strong>Deum</strong></span> <span class='ocrx_word' id='word_1_693' title='bbox 929 4937 1032 4995; x_wconf 68' lang='lat' dir='ltr'><strong>hibere</strong></span> <span class='ocrx_word' id='word_1_694' title='bbox 1046 4934 1208 5002; x_wconf 81' lang='lat' dir='ltr'><strong>doctrinam,</strong></span> <span class='ocrx_word' id='word_1_695' title='bbox 1223 4932 1276 4988; x_wconf 91' lang='lat' dir='ltr'><strong>nisi</strong></span> <span class='ocrx_word' id='word_1_696' title='bbox 1291 4949 1339 5004; x_wconf 91' lang='lat' dir='ltr'><strong>per</strong></span> <span class='ocrx_word' id='word_1_697' title='bbox 1353 4939 1472 5003; x_wconf 80' lang='lat' dir='ltr'><strong>gratiam</strong></span> <span class='ocrx_word' id='word_1_698' title='bbox 1486 4932 1546 4998; x_wconf 73' lang='lat' dir='ltr'><strong>Dei,</strong></span> <span class='ocrx_word' id='word_1_699' title='bbox 1564 4947 1579 4988; x_wconf 75' lang='grc' dir='ltr'><strong>ι</strong></span> <span class='ocrx_word' id='word_1_700' title='bbox 1595 4934 1654 4989; x_wconf 72' lang='lat' dir='ltr'><strong>neo</strong></span> <span class='ocrx_word' id='word_1_701' title='bbox 1677 4950 1730 4991; x_wconf 90' lang='lat' dir='ltr'><strong>na·</strong></span> 
     </span>
     <span class='ocr_line' id='line_1_48' title="bbox 76 5016 1731 5094; baseline -0.003 -10"><span class='ocrx_word' id='word_1_702' title='bbox 76 5021 264 5090; x_wconf 54' lang='lat' dir='ltr'><strong>timebam&amp;</strong></span> <span class='ocrx_word' id='word_1_703' title='bbox 287 5019 411 5074; x_wconf 70' lang='lat' dir='ltr'><strong>homines</strong></span> <span class='ocrx_word' id='word_1_704' title='bbox 433 5018 619 5084; x_wconf 54' lang='lat' dir='ltr'><strong>revelemur.</strong></span> <span class='ocrx_word' id='word_1_705' title='bbox 641 5025 668 5072; x_wconf 80' lang='grc' dir='ltr'><strong>θῑ</strong></span> <span class='ocrx_word' id='word_1_706' title='bbox 691 5024 780 5074; x_wconf 60' lang='lat' dir='ltr'><strong>lamen</strong></span> <span class='ocrx_word' id='word_1_707' title='bbox 795 5016 878 5074; x_wconf 69' lang='lat' dir='ltr'><strong>laediO</strong></span> <span class='ocrx_word' id='word_1_708' title='bbox 932 5041 1012 5084; x_wconf 85' lang='lat' dir='ltr'><strong>cesse</strong></span> <span class='ocrx_word' id='word_1_709' title='bbox 1026 5029 1069 5081; x_wconf 90' lang='lat' dir='ltr'><strong>est</strong></span> <span class='ocrx_word' id='word_1_710' title='bbox 1091 5038 1154 5079; x_wconf 89' lang='lat' dir='ltr'><strong>eum</strong></span> <span class='ocrx_word' id='word_1_711' title='bbox 1179 5020 1306 5094; x_wconf 90' lang='lat' dir='ltr'><strong>tlagitare</strong></span> <span class='ocrx_word' id='word_1_712' title='bbox 1326 5020 1356 5076; x_wconf 93' lang='lat' dir='ltr'><strong>in</strong></span> <span class='ocrx_word' id='word_1_713' title='bbox 1377 5028 1457 5078; x_wconf 88' lang='lat' dir='ltr'><strong>nocte</strong></span> <span class='ocrx_word' id='word_1_714' title='bbox 1478 5019 1658 5076; x_wconf 88' lang='lat' dir='ltr'><strong>tribulationis</strong></span> <span class='ocrx_word' id='word_1_715' title='bbox 1673 5030 1731 5079; x_wconf 89' lang='lat' dir='ltr'><strong>tres</strong></span> 
     </span>
     <span class='ocr_line' id='line_1_49' title="bbox 77 5105 1731 5188; baseline -0.008 -20"><span class='ocrx_word' id='word_1_716' title='bbox 77 5111 164 5168; x_wconf 75' lang='lat' dir='ltr'><strong>victus</strong></span> <span class='ocrx_word' id='word_1_717' title='bbox 179 5107 327 5166; x_wconf 69' lang='lat' dir='ltr'><strong>vindicavit</strong></span> <span class='ocrx_word' id='word_1_718' title='bbox 340 5106 449 5162; x_wconf 81' lang='lat' dir='ltr'><strong>viduam</strong></span> <span class='ocrx_word' id='word_1_719' title='bbox 465 5108 543 5176; x_wconf 75' lang='lat' dir='ltr'><strong>(Lito.</strong></span> <span class='ocrx_word' id='word_1_720' title='bbox 559 5108 655 5176; x_wconf 80' lang='lat' dir='ltr'><strong>xviii).</strong></span> <span class='ocrx_word' id='word_1_721' title='bbox 680 5105 760 5162; x_wconf 79' lang='lat' dir='ltr'><strong>Venit</strong></span> <span class='ocrx_word' id='word_1_722' title='bbox 774 5106 880 5162; x_wconf 68' lang='lat' dir='ltr'><strong>amicus</strong></span> <span class='ocrx_word' id='word_1_723' title='bbox 933 5130 1029 5188; x_wconf 63' lang='lat' dir='ltr'><strong>panes,</strong></span> <span class='ocrx_word' id='word_1_724' title='bbox 1044 5112 1129 5169; x_wconf 76' lang='lat' dir='ltr'><strong>idest</strong></span> <span class='ocrx_word' id='word_1_725' title='bbox 1145 5110 1352 5185; x_wconf 76' lang='lat' dir='ltr'><strong>intelligentiam</strong></span> <span class='ocrx_word' id='word_1_726' title='bbox 1372 5109 1521 5176; x_wconf 67' lang='lat' dir='ltr'><strong>Trinitatis,</strong></span> <span class='ocrx_word' id='word_1_727' title='bbox 1538 5126 1591 5182; x_wconf 76' lang='lat' dir='ltr'><strong>qua</strong></span> <span class='ocrx_word' id='word_1_728' title='bbox 1606 5127 1731 5183; x_wconf 69' lang='lat' dir='ltr'><strong>praeggn.</strong></span> 
     </span>
     <span class='ocr_line' id='line_1_50' title="bbox 79 5194 1732 5265; baseline -0.001 -7"><span class='ocrx_word' id='word_1_729' title='bbox 79 5198 178 5264; x_wconf 80' lang='lat' dir='ltr'><strong>dcvio,</strong></span> <span class='ocrx_word' id='word_1_730' title='bbox 207 5197 243 5254; x_wconf 79' lang='lat' dir='ltr'><strong>de</strong></span> <span class='ocrx_word' id='word_1_731' title='bbox 261 5194 318 5253; x_wconf 76' lang='lat' dir='ltr'><strong>vilo</strong></span> <span class='ocrx_word' id='word_1_732' title='bbox 345 5194 427 5265; x_wconf 72' lang='lat' dir='ltr'><strong>hujus</strong></span> <span class='ocrx_word' id='word_1_733' title='bbox 454 5194 547 5252; x_wconf 72' lang='lat' dir='ltr'><strong>saeouli</strong></span> <span class='ocrx_word' id='word_1_734' title='bbox 567 5194 640 5250; x_wconf 70' lang='lat' dir='ltr'><strong>molo</strong></span> <span class='ocrx_word' id='word_1_735' title='bbox 659 5210 714 5250; x_wconf 67' lang='grc' dir='ltr'><strong>Ποῦ</strong></span> <span class='ocrx_word' id='word_1_736' title='bbox 735 5194 880 5251; x_wconf 72' lang='lat' dir='ltr'><strong>invenient</strong></span> <span class='ocrx_word' id='word_1_737' title='bbox 934 5204 969 5259; x_wconf 90' lang='lat' dir='ltr'><strong>tis</strong></span> <span class='ocrx_word' id='word_1_738' title='bbox 982 5203 1045 5260; x_wconf 80' lang='lat' dir='ltr'><strong>vitae</strong></span> <span class='ocrx_word' id='word_1_739' title='bbox 1059 5199 1235 5258; x_wconf 90' lang='lat' dir='ltr'><strong>consolentur</strong></span> <span class='ocrx_word' id='word_1_740' title='bbox 1259 5198 1381 5255; x_wconf 84' lang='lat' dir='ltr'><strong>labores.</strong></span> <span class='ocrx_word' id='word_1_741' title='bbox 1410 5196 1515 5254; x_wconf 86' lang='lat' dir='ltr'><strong>Ostium</strong></span> <span class='ocrx_word' id='word_1_742' title='bbox 1531 5198 1612 5256; x_wconf 89' lang='lat' dir='ltr'><strong>amici</strong></span> <span class='ocrx_word' id='word_1_743' title='bbox 1627 5199 1732 5257; x_wconf 90' lang='lat' dir='ltr'><strong>intelli-</strong></span> 
     </span>
     <span class='ocr_line' id='line_1_51' title="bbox 80 5282 1734 5367; baseline -0.004 -23"><span class='ocrx_word' id='word_1_744' title='bbox 80 5287 224 5346; x_wconf 88' lang='lat' dir='ltr'><strong>veritatsm</strong></span> <span class='ocrx_word' id='word_1_745' title='bbox 240 5301 295 5358; x_wconf 91' lang='lat' dir='ltr'><strong>qua</strong></span> <span class='ocrx_word' id='word_1_746' title='bbox 308 5284 407 5340; x_wconf 89' lang='lat' dir='ltr'><strong>beatus</strong></span> <span class='ocrx_word' id='word_1_747' title='bbox 422 5282 480 5339; x_wconf 87' lang='lat' dir='ltr'><strong>fiat.</strong></span> <span class='ocrx_word' id='word_1_748' title='bbox 501 5283 580 5339; x_wconf 84' lang='lat' dir='ltr'><strong>Venit</strong></span> <span class='ocrx_word' id='word_1_749' title='bbox 595 5283 630 5339; x_wconf 86' lang='lat' dir='ltr'><strong>ed</strong></span> <span class='ocrx_word' id='word_1_750' title='bbox 645 5290 670 5339; x_wconf 90' lang='lat' dir='ltr'><strong>ta</strong></span> <span class='ocrx_word' id='word_1_751' title='bbox 686 5283 880 5353; x_wconf 86' lang='lat' dir='ltr'><strong>Christianum,</strong></span> <span class='ocrx_word' id='word_1_752' title='bbox 935 5292 1028 5367; x_wconf 61' lang='lat' dir='ltr'><strong>geniis</strong></span> <span class='ocrx_word' id='word_1_753' title='bbox 1049 5297 1091 5347; x_wconf 76' lang='lat' dir='ltr'><strong>est</strong></span> <span class='ocrx_word' id='word_1_754' title='bbox 1117 5287 1202 5345; x_wconf 81' lang='lat' dir='ltr'><strong>divini</strong></span> <span class='ocrx_word' id='word_1_755' title='bbox 1225 5286 1368 5356; x_wconf 82' lang='lat' dir='ltr'><strong>sermonis,</strong></span> <span class='ocrx_word' id='word_1_756' title='bbox 1390 5303 1452 5359; x_wconf 83' lang='lat' dir='ltr'><strong>quae</strong></span> <span class='ocrx_word' id='word_1_757' title='bbox 1475 5286 1565 5343; x_wconf 78' lang='lat' dir='ltr'><strong>clausa</strong></span> <span class='ocrx_word' id='word_1_758' title='bbox 1589 5295 1632 5344; x_wconf 81' lang='lat' dir='ltr'><strong>est</strong></span> <span class='ocrx_word' id='word_1_759' title='bbox 1656 5288 1734 5346; x_wconf 83' lang='lat' dir='ltr'><strong>omni</strong></span> 
     </span>
     <span class='ocr_line' id='line_1_52' title="bbox 82 5371 1735 5452; baseline -0.007 -20"><span class='ocrx_word' id='word_1_760' title='bbox 82 5384 109 5434; x_wconf 92' lang='lat' dir='ltr'><strong>et</strong></span> <span class='ocrx_word' id='word_1_761' title='bbox 122 5374 187 5432; x_wconf 91' lang='lat' dir='ltr'><strong>dicit</strong></span> <span class='ocrx_word' id='word_1_762' title='bbox 202 5392 209 5431; x_wconf 94' lang='lat'><strong>:</strong></span> <span class='ocrx_word' id='word_1_763' title='bbox 224 5372 321 5431; x_wconf 82' lang='lat' dir='ltr'><strong>liedda</strong></span> <span class='ocrx_word' id='word_1_764' title='bbox 334 5371 400 5427; x_wconf 91' lang='lat' dir='ltr'><strong>mibi</strong></span> <span class='ocrx_word' id='word_1_765' title='bbox 414 5371 556 5442; x_wconf 88' lang='lat' dir='ltr'><strong>rationem,</strong></span> <span class='ocrx_word' id='word_1_766' title='bbox 573 5380 600 5428; x_wconf 91' lang='lat' dir='ltr'><strong>et</strong></span> <span class='ocrx_word' id='word_1_767' title='bbox 624 5371 686 5427; x_wconf 88' lang='lat' dir='ltr'><strong>liam</strong></span> <span class='ocrx_word' id='word_1_768' title='bbox 702 5371 881 5429; x_wconf 84' lang='lat' dir='ltr'><strong>Christianus.</strong></span> <span class='ocrx_word' id='word_1_769' title='bbox 936 5398 992 5439; x_wconf 87' lang='lat' dir='ltr'><strong>non</strong></span> <span class='ocrx_word' id='word_1_770' title='bbox 1006 5376 1177 5452; x_wconf 69' lang='lat' dir='ltr'><strong>intelligenti,</strong></span> <span class='ocrx_word' id='word_1_771' title='bbox 1193 5376 1280 5433; x_wconf 68' lang='lat' dir='ltr'><strong>donec</strong></span> <span class='ocrx_word' id='word_1_772' title='bbox 1303 5375 1443 5447; x_wconf 71' lang='lat' dir='ltr'><strong>aperietur</strong></span> <span class='ocrx_word' id='word_1_773' title='bbox 1464 5374 1498 5432; x_wconf 63' lang='lat' dir='ltr'><strong>ei.</strong></span> <span class='ocrx_word' id='word_1_774' title='bbox 1514 5375 1594 5434; x_wconf 68' lang='lat' dir='ltr'><strong>unde</strong></span> <span class='ocrx_word' id='word_1_775' title='bbox 1607 5378 1735 5450; x_wconf 68' lang='lat' dir='ltr'><strong>Aposio.</strong></span> 
     </span>
     <span class='ocr_line' id='line_1_53' title="bbox 83 5458 1736 5540; baseline 0.001 -18"><span class='ocrx_word' id='word_1_776' title='bbox 83 5467 238 5536; x_wconf 85' lang='lat' dir='ltr'><strong>lntevrogat</strong></span> <span class='ocrx_word' id='word_1_777' title='bbox 258 5470 286 5518; x_wconf 90' lang='lat' dir='ltr'><strong>te</strong></span> <span class='ocrx_word' id='word_1_778' title='bbox 301 5460 374 5535; x_wconf 91' lang='lat' dir='ltr'><strong>quod</strong></span> <span class='ocrx_word' id='word_1_779' title='bbox 394 5459 510 5518; x_wconf 89' lang='lat' dir='ltr'><strong>forsitan</strong></span> <span class='ocrx_word' id='word_1_780' title='bbox 533 5461 635 5529; x_wconf 90' lang='lat' dir='ltr'><strong>nescis,</strong></span> <span class='ocrx_word' id='word_1_781' title='bbox 659 5469 686 5518; x_wconf 88' lang='lat' dir='ltr'><strong>et</strong></span> <span class='ocrx_word' id='word_1_782' title='bbox 707 5476 761 5517; x_wconf 89' lang='lat' dir='ltr'><strong>noo</strong></span> <span class='ocrx_word' id='word_1_783' title='bbox 777 5458 883 5517; x_wconf 89' lang='lat' dir='ltr'><strong>esttibi</strong></span> <span class='ocrx_word' id='word_1_784' title='bbox 936 5471 990 5538; x_wconf 84' lang='lat' dir='ltr'><strong>ius,</strong></span> <span class='ocrx_word' id='word_1_785' title='bbox 1018 5467 1119 5540; x_wconf 88' lang='lat' dir='ltr'><strong>aperiri</strong></span> <span class='ocrx_word' id='word_1_786' title='bbox 1147 5465 1199 5522; x_wconf 88' lang='lat' dir='ltr'><strong>sibi</strong></span> <span class='ocrx_word' id='word_1_787' title='bbox 1224 5471 1286 5521; x_wconf 90' lang='lat' dir='ltr'><strong>orat</strong></span> <span class='ocrx_word' id='word_1_788' title='bbox 1312 5463 1347 5520; x_wconf 89' lang='lat' dir='ltr'><strong>ad</strong></span> <span class='ocrx_word' id='word_1_789' title='bbox 1379 5463 1545 5535; x_wconf 90' lang='lat' dir='ltr'><strong>loquendum</strong></span> <span class='ocrx_word' id='word_1_790' title='bbox 1574 5467 1736 5538; x_wconf 82' lang='lat' dir='ltr'><strong>mysterium</strong></span> 
     </span>
     <span class='ocr_line' id='line_1_54' title="bbox 84 5549 1736 5628; baseline -0.004 -17"><span class='ocrx_word' id='word_1_791' title='bbox 84 5552 161 5611; x_wconf 87' lang='lat' dir='ltr'><strong>unde</strong></span> <span class='ocrx_word' id='word_1_792' title='bbox 175 5550 285 5609; x_wconf 88' lang='lat' dir='ltr'><strong>reficias</strong></span> <span class='ocrx_word' id='word_1_793' title='bbox 299 5550 476 5618; x_wconf 90' lang='lat' dir='ltr'><strong>esurientem,</strong></span> <span class='ocrx_word' id='word_1_794' title='bbox 492 5549 541 5606; x_wconf 90' lang='lat' dir='ltr'><strong>sed</strong></span> <span class='ocrx_word' id='word_1_795' title='bbox 550 5565 613 5607; x_wconf 90' lang='lat' dir='ltr'><strong>curn</strong></span> <span class='ocrx_word' id='word_1_796' title='bbox 628 5550 672 5605; x_wconf 89' lang='lat' dir='ltr'><strong>vis</strong></span> <span class='ocrx_word' id='word_1_797' title='bbox 686 5549 787 5607; x_wconf 88' lang='lat' dir='ltr'><strong>docere</strong></span> <span class='ocrx_word' id='word_1_798' title='bbox 801 5564 885 5621; x_wconf 76' lang='lat' dir='ltr'><strong>coge·</strong></span> <span class='ocrx_word' id='word_1_799' title='bbox 939 5557 1037 5618; x_wconf 79' lang='lat' dir='ltr'><strong>christi</strong></span> <span class='ocrx_word' id='word_1_800' title='bbox 1051 5557 1164 5628; x_wconf 79' lang='lat' dir='ltr'><strong>(dolosa.</strong></span> <span class='ocrx_word' id='word_1_801' title='bbox 1173 5554 1223 5625; x_wconf 86' lang='lat' dir='ltr'><strong>tr).</strong></span> <span class='ocrx_word' id='word_1_802' title='bbox 1236 5551 1322 5609; x_wconf 81' lang='lat' dir='ltr'><strong>«Noli</strong></span> <span class='ocrx_word' id='word_1_803' title='bbox 1330 5551 1396 5609; x_wconf 90' lang='lat' dir='ltr'><strong>mibi</strong></span> <span class='ocrx_word' id='word_1_804' title='bbox 1406 5552 1540 5610; x_wconf 89' lang='lat' dir='ltr'><strong>molestus</strong></span> <span class='ocrx_word' id='word_1_805' title='bbox 1549 5569 1638 5611; x_wconf 76' lang='lat' dir='ltr'><strong>esse-</strong></span> <span class='ocrx_word' id='word_1_806' title='bbox 1652 5554 1736 5625; x_wconf 62' lang='lat' dir='ltr'><strong>Quasi</strong></span> 
     </span>
     <span class='ocr_line' id='line_1_55' title="bbox 85 5641 1743 5718; baseline -0.009 -6"><span class='ocrx_word' id='word_1_807' title='bbox 85 5653 125 5712; x_wconf 87' lang='lat' dir='ltr'><strong>ris</strong></span> <span class='ocrx_word' id='word_1_808' title='bbox 138 5652 261 5710; x_wconf 89' lang='lat' dir='ltr'><strong>discere.</strong></span> <span class='ocrx_word' id='word_1_809' title='bbox 289 5649 342 5709; x_wconf 94' lang='lat' dir='ltr'><strong>Ubi</strong></span> <span class='ocrx_word' id='word_1_810' title='bbox 358 5649 460 5718; x_wconf 90' lang='lat' dir='ltr'><strong>disces,</strong></span> <span class='ocrx_word' id='word_1_811' title='bbox 483 5648 535 5705; x_wconf 90' lang='lat' dir='ltr'><strong>nisi</strong></span> <span class='ocrx_word' id='word_1_812' title='bbox 554 5649 583 5704; x_wconf 92' lang='lat' dir='ltr'><strong>in</strong></span> <span class='ocrx_word' id='word_1_813' title='bbox 602 5648 750 5706; x_wconf 90' lang='lat' dir='ltr'><strong>dominicis</strong></span> <span class='ocrx_word' id='word_1_814' title='bbox 773 5647 850 5704; x_wconf 90' lang='lat' dir='ltr'><strong>libris</strong></span> <span class='ocrx_word' id='word_1_815' title='bbox 870 5646 886 5703; x_wconf 75' lang='lat' dir='ltr'><strong>i</strong></span> <span class='ocrx_word' id='word_1_816' title='bbox 939 5651 1015 5706; x_wconf 86' lang='lat' dir='ltr'><strong>Deus</strong></span> <span class='ocrx_word' id='word_1_817' title='bbox 1028 5645 1103 5702; x_wconf 90' lang='lat' dir='ltr'><strong>dicat</strong></span> <span class='ocrx_word' id='word_1_818' title='bbox 1118 5662 1126 5700; x_wconf 75' lang='grc' dir='ltr'><strong>ι</strong></span> <span class='ocrx_word' id='word_1_819' title='bbox 1143 5642 1171 5700; x_wconf 88' lang='lat' dir='ltr'><strong>Si</strong></span> <span class='ocrx_word' id='word_1_820' title='bbox 1192 5641 1234 5699; x_wconf 89' lang='lat' dir='ltr'><strong>vis</strong></span> <span class='ocrx_word' id='word_1_821' title='bbox 1255 5641 1380 5716; x_wconf 86' lang='lat' dir='ltr'><strong>recipere</strong></span> <span class='ocrx_word' id='word_1_822' title='bbox 1398 5641 1471 5716; x_wconf 88' lang='lat' dir='ltr'><strong>quod</strong></span> <span class='ocrx_word' id='word_1_823' title='bbox 1493 5643 1575 5714; x_wconf 88' lang='lat' dir='ltr'><strong>petis,</strong></span> <span class='ocrx_word' id='word_1_824' title='bbox 1600 5642 1657 5699; x_wconf 93' lang='lat' dir='ltr'><strong>noli</strong></span> <span class='ocrx_word' id='word_1_825' title='bbox 1670 5641 1743 5697; x_wconf 85' lang='lat' dir='ltr'><strong>mibi</strong></span> 
     </span>
     <span class='ocr_line' id='line_1_56' title="bbox 87 5722 1767 5821; baseline -0.004 -11"><span class='ocrx_word' id='word_1_826' title='bbox 87 5750 143 5810; x_wconf 77' lang='lat' dir='ltr'><strong>Sed</strong></span> <span class='ocrx_word' id='word_1_827' title='bbox 157 5748 283 5808; x_wconf 82' lang='lat' dir='ltr'><strong>fortassis</strong></span> <span class='ocrx_word' id='word_1_828' title='bbox 296 5747 325 5805; x_wconf 92' lang='lat' dir='ltr'><strong>io</strong></span> <span class='ocrx_word' id='word_1_829' title='bbox 339 5745 418 5804; x_wconf 88' lang='lat' dir='ltr'><strong>libris</strong></span> <span class='ocrx_word' id='word_1_830' title='bbox 436 5747 555 5806; x_wconf 89' lang='lat' dir='ltr'><strong>obscure</strong></span> <span class='ocrx_word' id='word_1_831' title='bbox 574 5745 692 5821; x_wconf 86' lang='lat' dir='ltr'><strong>positum</strong></span> <span class='ocrx_word' id='word_1_832' title='bbox 712 5743 841 5820; x_wconf 81' lang='lat' dir='ltr'><strong>estquod</strong></span> <span class='ocrx_word' id='word_1_833' title='bbox 855 5748 884 5803; x_wconf 85' lang='lat' dir='ltr'><strong>ta</strong></span> <span class='ocrx_word' id='word_1_834' title='bbox 940 5735 1059 5812; x_wconf 62' lang='lat' dir='ltr'><strong>omilim</strong></span> <span class='ocrx_word' id='word_1_835' title='bbox 1080 5731 1236 5792; x_wconf 60' lang='lat' dir='ltr'><strong>militm</strong></span> <span class='ocrx_word' id='word_1_836' title='bbox 1255 5730 1378 5790; x_wconf 54' lang='lat' dir='ltr'><strong>illim·</strong></span> <span class='ocrx_word' id='word_1_837' title='bbox 1399 5730 1490 5796; x_wconf 51' lang='lat' dir='ltr'><strong>mlv</strong></span> <span class='ocrx_word' id='word_1_838' title='bbox 1506 5735 1547 5783; x_wconf 54' lang='lat' dir='ltr'><strong>W·</strong></span> <span class='ocrx_word' id='word_1_839' title='bbox 1558 5722 1767 5778; x_wconf 38' lang='lat' dir='ltr'><strong>mmm*</strong></span> 
     </span>
    </p>
   </div>
   <div class='ocr_carea' id='block_1_13' title="bbox 0 0 1935 6044">
    <p class='ocr_par' dir='ltr' id='par_1_13' title="bbox 0 0 1935 6044">
     <span class='ocr_line' id='line_1_57' title="bbox 0 0 1935 6044; baseline 0 0"><span class='ocrx_word' id='word_1_840' title='bbox 0 0 1935 6044; x_wconf 95' lang='lat' dir='ltr'><strong> </strong></span> 
     </span>
    </p>
   </div>
  </div>
 </body>
</html>
