3780 6038
69 208 169 269 '889

576 209 679 266 PETRI
697 208 872 266 dLl'llONSl
890 210 941 267 EX
958 212 1079 270 titubo
1099 213 1296 272 ettatsttartt

1705 214 1760 271 ato

117 349 209 402 'elffii
256 331 364 400 ssoeluflb
401 331 489 399 ¹0¹l¹¹³r
529 340 556 389 0²
596 333 693 400 millis
736 340 798 389 ⁸⁰⁰²
830 333 1052 409 c⁰¹¹¹·14-tuum.
1069 352 1210 412 llliautem
1222 352 1762 430 malignispirilus,diaboliahhomini·

117 430 204 479 mota.
224 422 372 489 Commota,
386 421 507 494 inquam,
519 429 590 486 suut,
607 422 634 477 id
649 431 691 477 est
705 422 766 478 culi
790 430 817 478 et
832 432 912 478 torrae

118 520 145 566 et
159 511 325 565 habitatores
339 510 516 576 exsultarunt,
532 518 557 565 et
571 511 751 583 undecunque
776 512 911 567 llierusa-

118 598 172 654 lem
188 598 338 654 oblationes
354 597 444 653 uarias
455 599 490 653 ad
500 599 607 655 laudern
622 599 710 671 ipsius
724 599 824 655 Christi
838 606 912 655 attu-

118 686 220 743 lerunt.

152 796 277 849 ator-sas.
296 794 386 863 Quare
412 795 467 863 jam
481 795 598 865 amplius
624 795 672 849 tibi
688 796 839 865 objicerem
867 794 913 849 nli·

120 883 193 955 quid,
223 900 285 937 curu
309 890 336 936 tu
364 885 538 938 auctoritates
561 900 637 938 meas
665 899 760 939 omnes
779 885 812 938 ad
840 891 914 938 tuam

120 971 250 1041 explanes
267 972 461 1027 voluntatem?

158 1074 276 1128 Parare.
293 1075 381 1129 llabet
395 1075 496 1130 ueritas
511 1073 646 1142 rolurstas,
663 1075 761 1147 quibus
774 1073 913 1140 innitatur,

121 1159 273 1219 columnas.

418 1340 562 1396 Ttttitt's
582 1341 618 1395 X.

124 1443 201 1512 Quod
221 1445 365 1502 uoluululc
390 1451 571 1518 spontoueoo
586 1448 689 1504 laricis
704 1448 861 1518 craecifiaaa
874 1451 916 1503 est

369 1534 497 1591 Cbrislos
511 1540 540 1592 el
554 1539 671 1593 occisus.

966 441 1017 497 bus
1031 443 1211 514 appellantur.

1004 560 1127 615 blnrsss.
1144 560 1246 616 Verum
1260 560 1289 617 hi
1302 561 1393 617 forsan
1409 559 1520 632 diaboli,
1543 574 1689 633 nunquam
1701 558 1754 614 bon

966 655 999 703 ut
1039 650 1107 705 dieis
1148 650 1251 723 angeli,
1292 650 1342 706 sed
1371 665 1480 722 semper
1514 648 1631 720 spiritua
1659 645 1767 703 luerunt

967 737 1051 810 impii.

1005 846 1124 900 Partica.
1143 847 1204 901 Non
1219 855 1260 902 est
1273 848 1364 918 ntique
1379 846 1430 902 hoc
1440 860 1546 902 vcurm.
1565 844 1666 916 Neque
1693 843 1763 899 enim

968 934 1042 990 Deus
1053 936 1204 1007 quidquam
1220 935 1283 992 iecit
1297 935 1349 991 uisi
1360 935 1473 999 bouum,
1489 948 1552 990 curu
1566 932 1595 988 in
1616 931 1764 988 verissima

968 1030 1078 1103 legatur
1093 1033 1243 1102 Scriptura,
1259 1033 1411 1089 l'iditDeas
1423 1034 1599 1102 cunctoque
1613 1032 1762 1102 [coerulei

968 1125 1053 1177 eraut
1067 1122 1145 1177 osirin
1156 1121 1227 1177 bono
1241 1122 1321 1192 (Cen.
1338 1120 1368 1189 ι).
1383 1119 1438 1176 Sed
1454 1118 1518 1192 quia
1532 1116 1637 1174 malurn
1666 1117 1762 1189 elege-

969 1216 1043 1278 runt,
1060 1209 1122 1264 ideo
1136 1209 1249 1282 maligni
1263 1208 1351 1265 allecti
1367 1215 1437 1264 sunt.

1006 1335 1129 1389 llot'sas.
1145 1334 1213 1389 Cum
1228 1341 1256 1389 et
1270 1341 1431 1405 argumento
1445 1329 1667 1403 experimentali,
1677 1337 1703 1385 et
1717 1328 1764 1384 do·

971 1432 1076 1480 storum
1091 1422 1334 1493 approbationibus
1353 1421 1492 1477 diabolum
1507 1435 1570 1477 esse
1595 1419 1762 1481 noverimus,

968 1512 1025 1583 jam
1041 1511 1103 1566 indo
1118 1511 1229 1567 ulterius
1245 1510 1309 1582 quin
1324 1510 1387 1574 sint,
1403 1509 1530 1565 dubitare
1552 1523 1608 1563 non
1623 1506 1764 1572 debemus,

971 1616 1022 1656 nec
1038 1600 1107 1655 ultra
1122 1616 1204 1669 super
1219 1596 1621 1670 hujusmodiqurestionelougo
1636 1608 1765 1650 sermone

160 1682 281 1736 l10l'SES·
305 1683 348 1737 Ad
369 1699 436 1748 lem·
465 1685 551 1750 Pelle.
578 1683 641 1740 V⁰lo
655 1701 705 1738 1¹⁰⁹
734 1685 823 1739 redite
834 1693 861 1739 0¹
881 1685 915 1739 de
931 1689 956 1749 B
972 1697 1141 1770 indigemus.
1161 1697 1201 1751 lle
1217 1697 1269 1751 hoc
1284 1694 1555 1766 igiturdimittamas,
1571 1702 1660 1750 etcur
1673 1690 1765 1761 inejus

124 1766 187 1821 aliis
197 1775 249 1823 tuae
263 1768 751 1842 credulitatispartibusmibi,quaeso,
769 1771 915 1839 responde.

125 1856 192 1910 Cum
209 1856 299 1929 itarpte
314 1858 448 1912 Christum
464 1868 490 1913 et
517 1860 656 1914 hominem
672 1859 768 1915 credas
796 1859 880 1914 luisse
891 1867 918 1914 ct

126 1945 223 2010 Deum,
242 1961 292 2000 eut·
304 1962 334 2000 se
363 1947 484 2019 cruciligi
500 1963 597 2018 passus
621 1956 672 2015 ast,
689 1964 741 2004 nec
756 1965 786 2002 se
801 1948 835 2002 rie
860 1962 919 2002 ma·

126 2033 205 2087 nibus
220 2033 318 2104 eripuit
340 2035 495 2091 intimorum
511 2036 680 2105 lQuomotlo
694 2037 766 2091 euim
796 2037 919 2108 omnipo-

126 2122 216 2177 tentiae
226 2121 396 2177 imminutum
412 2132 453 2178 ost
468 2125 636 2195 imperium?

162 2228 280 2285 Passus,
297 2229 368 2283 hene
383 2230 493 2300 quidem
509 2246 538 2285 se
554 2230 622 2285 lucri
637 2238 662 2285 ct
677 2246 786 2286 serrare
801 2231 824 2284 si
839 2230 921 2286 vellet

126 2315 221 2385 potuit,
238 2317 285 2371 sed
298 2318 350 2371 hoc
379 2328 475 2389 sponte
490 2336 536 2373 sua
547 2322 581 2374 ob
591 2334 702 2374 suorum
717 2320 831 2374 salutem
859 2336 921 2390 per·

128 2402 196 2469 tulit,
222 2402 282 2459 licet
298 2406 444 2478 carnique
459 2407 492 2461 de
516 2408 617 2462 mumlo
646 2415 701 2464 erat
720 2423 773 2461 non
803 2407 915 2477 placuit.

127 2497 246 2552 l'erhum
262 2500 333 2554 eninr
346 2501 394 2554 bai
419 2516 529 2556 carnem
544 2503 579 2556 ob
592 2502 664 2556 uliud
680 2517 850 2574 nequaquam
876 2517 921 2558 ca-

128 2595 215 2656 peret,
233 2588 283 2642 nisi
298 2596 325 2642 ut
341 2589 448 2660 eosqui
464 2590 490 2644 iu
506 2606 535 2644 se
550 2591 722 2646 crediderant
732 2599 757 2645 et
772 2590 922 2646 credituros

128 2676 163 2730 de
178 2675 276 2731 diaboli
292 2677 456 2746 captivitate.
468 2677 593 2733 liberaret
603 2681 695 2749 (lours.
712 2688 743 2749 t).

165 2781 290 2837 llursas.
319 2783 420 2839 lishoc
441 2799 508 2839 sanc
524 2790 569 2840 tuo
592 2802 719 2841 sermone
743 2785 921 2857 quaestiones,

129 2870 254 2924 oriuntur
268 2871 359 2926 rnuttrc
376 2889 381 2927 :
398 2872 493 2943 prima,
511 2874 576 2944 qui—d
596 2875 631 2928 sit
644 2874 921 2940 diaholus;secundu,

129 2960 308 3031 quarehomo
331 2961 473 3015 devenerit
495 2962 521 3015 iu
546 2968 708 3033 potestatem
724 2963 813 3025 illius;
843 2961 923 3016 tertia

971 1785 1112 1841 arbitrium
1129 1785 1210 1840 homo
1225 1784 1366 1840 devenerit
1381 1782 1564 1853 inquiramus.

1009 1911 1130 1965 l‘srncs.
1146 1907 1279 1976 Quoniam
1295 1922 1363 1980 ergo
1378 1908 1452 1962 Deus
1468 1905 1553 1961 hdam
1569 1905 1604 1960 ad
1620 1904 1766 1976 imaginem

974 2013 1050 2053 suam
1075 1997 1213 2052 eonditum
1242 2003 1268 2051 et
1290 1995 1494 2049 similitudinem
1520 1995 1623 2064 (itta),
1653 1992 1766 2063 ideoque

974 2088 1044 2142 iuter
1059 2094 1196 2142 creaturas
1212 2083 1399 2148 excellentem,
1420 2082 1601 2154 compositum
1630 2082 1729 2138 crearit
1742 2088 1767 2136 et

974 2174 1125 2244 simplicem
1142 2188 1148 2227 :
1165 2173 1345 2244 compositum
1358 2173 1477 2244 quidem,
1495 2179 1524 2227 ut
1538 2171 1672 2226 mundum
1686 2170 1765 2224 istum

974 2262 1121 2329 habitaret,
1137 2276 1169 2318 ac
1197 2277 1354 2331 supereum
1377 2268 1540 2331 potestatem
1568 2258 1767 2330 imperiumque

975 2352 1098 2416 baliares,
1122 2349 1361 2419 dissolutionisque
1389 2349 1470 2404 etiam
1503 2347 1689 2418 susceptibilis
1711 2362 1768 2402 esse

976 2443 1086 2507 posset;
1101 2433 1252 2503 simplicem
1274 2443 1361 2495 verot,
1376 2441 1404 2488 ut
1418 2432 1531 2505 qnando
1544 2430 1670 2487 Creatori
1680 2429 1768 2500 place·

977 2532 1027 2590 ret,
1051 2523 1084 2578 atl
1112 2524 1253 2578 coelestem
1276 2520 1437 2592 angelorum
1465 2521 1582 2592 patriam
1598 2519 1660 2575 sina
1683 2518 1768 2574 carnis

977 2621 1061 2667 morte
1077 2611 1226 2666 transiret:
1243 2610 1381 2680 quoniam,
1396 2609 1518 2679 iuquam,
1534 2624 1598 2664 eum
1608 2607 1691 2663 talem
1700 2608 1769 2662 Deras

977 2696 1088 2759 creavit,
1104 2711 1164 2751 cum
1180 2695 1232 2749 hoc
1247 2694 1375 2748 uidissset
1390 2694 1524 2760 diabolus,
1537 2692 1623 2762 quiin
1638 2692 1692 2747 hoa
1705 2706 1769 2746 aere

976 2784 1099 2840 inferiori
1114 2799 1199 2853 prope
1218 2791 1319 2837 terram
1347 2781 1498 2846 habitabat,
1528 2780 1635 2848 inridit,
1665 2788 1693 2836 et
1714 2780 1769 2847 ejas

977 2880 1177 2936 damnationem
1193 2888 1271 2950 prout
1292 2879 1379 2949 potuit
1406 2877 1578 2950 perquisivit,
1608 2876 1675 2950 quin
1704 2883 1770 2931 etut

978 2976 1026 3031 Dei
1042 2982 1207 3046 preceptum
1222 2973 1360 3038 transiret,
1384 2981 1411 3028 et
1422 2972 1456 3027 de
1469 2972 1558 3028 fructu
1581 2972 1668 3028 vetito
1683 2984 1770 3026 corne·

129 3063 179 3102 cur
190 3048 225 3102 de
241 3063 323 3102 rnauu
338 3050 397 3119 ejus
412 3051 536 3104 homiues
563 3051 718 3106 liberaverit
740 3053 821 3110 lleus,
838 3066 923 3120 quau-
939 3035 963 3099 C
978 3064 1065 3131 pomp,
1077 3063 1153 3118 coppi
1168 3061 1228 3131 ejus
1243 3061 1392 3133 imppp-p,
1402 3069 1514 3131 propper
1528 3061 1582 3116 hoc
1597 3070 1626 3114 up
1640 3057 1770 3131 dequnp.

130 3135 280 3208 doquidem
297 3137 370 3207 ipsos
385 3138 412 3191 iu
427 3139 622 3194 eamdeciderc
632 3139 666 3193 sit
680 3155 779 3208 passus
794 3156 802 3201 ;
818 3147 922 3203 ouartn,

130 3239 180 3280 cur
195 3241 256 3281 cum
282 3242 329 3281 eos
344 3226 440 3281 redimi
456 3226 538 3282 voluit
566 3242 615 3282 sua
640 3230 690 3283 boc
715 3234 849 3299 potestate
870 3243 924 3281 non

130 3311 203 3382 lecit,
220 3314 275 3369 imo
290 3314 424 3369 incarnari
439 3331 471 3370 ac
486 3315 541 3386 pati
557 3314 659 3370 maluit.

169 3420 286 3477 Parnes.
304 3420 439 3487 Quoniam
461 3421 537 3493 plura
553 3423 633 3477 simul
647 3422 747 3484 dixisti.
776 3430 805 3477 et
817 3419 924 3494 deplu-

132 3506 212 3562 ribus
226 3509 306 3562 simul
322 3509 401 3578 plene
416 3525 468 3565 non
485 3519 573 3582 potest
584 3511 757 3582 responderi,
782 3527 888 3583 quaeras
903 3511 926 3564 si

133 3595 223 3738 placet
237 3595 271 3651 dc
286 3596 401 3669 singulis
415 3599 488 3665 volo,
504 3605 533 3655 et
547 3599 620 3671 quod
635 3598 698 3656 inde
710 3600 798 3656 sentio
814 3615 926 3671 respon·

154 3685 219 3740 cbo.

168 3791 290 3847 blorsss.
308 3791 338 3848 lu
355 3793 448 3865 primis
458 3794 542 3865 igitur
564 3796 598 3851 de
613 3796 721 3853 diabolo
744 3796 807 3870 quid
823 3796 867 3863 sit,
883 3812 927 3850 au·

133 3878 192 3934 dire
202 3880 339 3937 desidero.

170 3988 286 4045 errans.
317 3990 455 4058 Diabolus,
471 4008 488 4046 o
502 3993 621 4063 hloyses,
651 3993 755 4048 subtilis
770 3992 879 4065 quidem
900 3999 928 4047 et

133 4077 280 4148 spiritualis
294 4089 427 4144 estt·cs,et
440 4082 675 4138 fuitolimuuusde
684 4082 817 4137 bonorum
829 4081 928 4135 ordini·

132 4165 360 4240 busangelorum.
373 4171 456 4240 Cujus
466 4171 669 4226 ordinisdnode
680 4171 926 4241 principibusllura

133 4255 323 4310 etllarazelin
352 4259 494 4322 llebraicn,
523 4260 705 4314 Harothvero
733 4259 874 4314 etllaroth
900 4260 926 4313 in

132 4341 227 4414 lingua
241 4346 411 4413 appellantur
425 4348 553 4403 Arabica.
573 4348 607 4402 Et
618 4349 659 4402 bic
675 4348 801 4403 diabolus
815 4356 926 4418 peccato

134 4436 161 4484 et
176 4429 317 4500 iniquitate
332 4448 381 4486 sua
395 4443 570 4505 aggravatus,
596 4443 622 4490 et
637 4435 713 4505 quasi
729 4435 924 4504 aliquantulum

134 4519 315 4591 ponderosior
330 4521 451 4587 effectus,
468 4531 495 4578 et
508 4523 547 4579 sic
560 4523 595 4579 de
610 4539 716 4578 summo
732 4525 865 4579 erulorum
880 4523 927 4577 de-

134 4606 238 4678 lapsus,
267 4609 347 4678 paulo
373 4611 513 4667 descendit
530 4611 653 4679 inferius,
680 4619 763 4668 otest
788 4612 831 4669 hic
858 4610 928 4667 inira

133 4696 333 4754 firmamentum
347 4699 477 4756 habitatio
491 4700 566 4770 ejus.

170 4806 296 4861 blaesus,
316 4804 452 4878 Scriptum
476 4807 599 4877 proiecto
627 4807 700 4879 apud
727 4824 777 4863 uos
806 4815 929 4863 estesse

134 4892 269 4953 diabolos.
285 4896 359 4950 etde
374 4896 539 4966 principibus
568 4912 664 4952 eorum
681 4898 752 4952 llura
768 4904 794 4952 et
815 4895 930 4952 llazazel

134 4997 196 5037 esse
210 4982 374 5053 appellatos,
390 4987 438 5040 sed
451 4987 502 5042 hoc
514 4985 613 5041 vellem
634 5002 689 5058 eqo
705 4987 821 5041 libenter
837 4985 931 5040 audire

135 5087 189 5143 qua
204 5071 390 5142 philosophica
406 5075 511 5131 ratione
540 5089 589 5130 eos
617 5090 690 5141 esse,
707 5075 750 5132 vel
779 5074 844 5146 quid
867 5074 928 5142 sint,

135 5161 225 5228 possis
238 5161 395 5218 ostendere.

172 5265 292 5319 Parnes.
310 5266 337 5319 lu
353 5269 447 5337 primis
470 5269 556 5339 igitur
569 5270 655 5326 debes
670 5270 751 5334 scire,
777 5269 843 5324 artis
859 5269 932 5323 illius

136 5369 198 5424 qum
224 5357 426 5410 necromantica
453 5358 614 5428 appellatur,
657 5375 755 5414 novem
784 5359 931 5429 particulas

137 5456 212 5506 asse,
229 5456 343 5511 quarum
373 5453 484 5513 quatuor
500 5446 594 5514 primae
612 5448 646 5502 ‹tc
670 5453 787 5518 quatuor
816 5454 932 5501 tractant

141 5529 294 5591 clementis,
311 5530 425 5599 qualiter
436 5531 463 5585 in
477 5533 517 5586 eis
532 5536 642 5602 operari
658 5536 793 5605 possimus
808 5535 931 5606 physice,

136 5619 254 5690 quinque
268 5633 332 5674 reto
355 5617 468 5689 reliqum
494 5621 724 5690 quemadmodum
739 5637 792 5676 non
820 5623 934 5693 nisipcr

138 5701 340 5764 laborationem
351 5704 533 5793 malignorum
548 5704 656 5780 operari
671 5704 731 5781 qula
743 5706 828 5780 poscit
855 5704 934 5779 aplrli

979 3160 1033 3207 tate
1048 3166 1097 3207 sua
1112 3151 1279 3219 concideret,
1304 3149 1538 3223 quemadmodum
1563 3155 1589 3204 ct
1618 3148 1680 3220 ipse
1705 3161 1770 3203 oon·

979 3241 1053 3298 cidit.

1014 3348 1138 3403 hlorsns.
1150 3345 1308 3419 Priusquam
1324 3344 1397 3401 atiud
1409 3344 1499 3411 dicas,
1515 3343 1582 3399 mihi
1600 3342 1674 3409 uolo,
1685 3342 1771 3408 Petra,

980 3436 1162 3507 respondeas,
1176 3434 1240 3507 quid
1255 3436 1290 3490 sit
1304 3434 1377 3507 quud
1392 3433 1481 3489 Adam
1508 3432 1609 3489 lactum
1625 3431 1772 3504 simplicem

979 3525 1083 3581 dixeris
1106 3533 1187 3596 atque
1214 3523 1405 3595 compositum,
1430 3523 1537 3579 videtur
1558 3536 1677 3594 namque
1699 3534 1772 3575 essse

980 3614 1156 3682 contrarium,
1172 3620 1200 3669 et
1215 3621 1242 3666 tn
1253 3613 1336 3668 etiam
1350 3627 1412 3668 cum
1427 3611 1461 3666 de
1476 3607 1773 3679 resurrectionedispu·

980 3706 1105 3759 labamus
1119 3711 1296 3764 mortuorum,
1321 3716 1422 3772 corpas
1438 3697 1548 3772 aliquod
1569 3698 1680 3765 negasti
1695 3710 1774 3768 posse

980 3793 1039 3849 lore
1055 3791 1170 3862 simplex
1186 3799 1266 3863 atque
1287 3789 1478 3860 compositum.
1501 3787 1556 3843 Sed
1580 3795 1607 3844 et
1638 3786 1712 3842 aliud
1736 3791 1773 3840 est

980 3882 1156 3948 contrarium,
1177 3879 1250 3952 quod
1270 3887 1296 3934 et
1334 3877 1432 3933 mortis
1469 3891 1530 3932 eum
1572 3873 1773 3947 susceptibilem

980 3970 1073 4026 dixisti
1087 3985 1148 4025 csse
1175 3975 1308 4032 creatum,
1324 3973 1351 4022 et
1374 3964 1466 4031 talem,
1497 3972 1525 4020 ut
1539 3963 1599 4020 sine
1626 3970 1727 4031 morte,
1740 3960 1773 4016 ad

979 4068 1094 4140 patriam
1122 4065 1242 4122 transire
1269 4073 1362 4136 posset
1390 4061 1567 4135 angelorum.
1594 4060 1771 4118 Peralterum

981 4173 1099 4228 namque
1114 4154 1245 4225 mortalis,
1261 4170 1310 4226 per
1322 4153 1435 4208 alterurn
1463 4167 1528 4209 vero
1542 4167 1606 4208 esse
1625 4148 1771 4208 ostenditur

980 4245 1151 4300 immortalis.

1019 4353 1139 4407 uarias.
1156 4349 1233 4407 Scias
1257 4349 1318 4422 quia
1334 4348 1463 4404 animalia
1491 4346 1582 4402 omnia
1601 4345 1638 4404 da
1666 4352 1775 4418 quatuor

982 4440 1126 4496 elementis
1141 4447 1204 4493 sunt
1217 4438 1377 4509 composita.
1407 4435 1474 4506 Qum
1488 4435 1572 4491 etiam
1589 4450 1620 4490 sc
1643 4433 1776 4490 variarunt

982 4545 1031 4602 pro
1071 4528 1191 4598 ipsorum
1220 4527 1353 4582 varietate
1391 4525 1601 4590 elementorum,
1633 4523 1663 4579 in
1686 4537 1775 4579 eoram

982 4617 1181 4689 compositione
1223 4615 1373 4672 secundnm
1400 4613 1546 4687 qualitates
1568 4620 1596 4668 et
1619 4611 1776 4684 quantitates

984 4722 1048 4762 suus
1064 4705 1206 4776 impariter
1219 4704 1423 4774 adjunctorum.
1432 4700 1777 4758 iadeetenimdisersarum

984 4794 1109 4866 prouenit
1119 4793 1312 4848 dissimilitudo
1327 4788 1778 4863 specierumouoniamucroipso·

985 4874 1777 4956 rumquibuscomponunturelementorumcaloriripori,

985 4972 1132 5028 humiditas
1143 4971 1268 5036 siccitati,
1289 4970 1406 5025 inanitas
1420 4966 1560 5033 soliditati,
1592 4963 1778 5038 ponderositas

984 5069 1100 5137 levitati,
1116 5076 1142 5125 et
1156 5068 1293 5124 subtilitas
1309 5066 1448 5124 obtusitati
1464 5072 1612 5137 repugnat,
1633 5074 1778 5135 omnesque

986 5159 1098 5231 reliqum
1113 5173 1172 5231 qum
1182 5158 1208 5212 iu
1228 5158 1267 5213 eis
1282 5165 1344 5211 suut
1373 5155 1514 5227 qualitates
1537 5153 1591 5208 sibi
1603 5153 1639 5208 ab
1668 5151 1778 5209 inuicem

985 5257 1224 5324 contremescat,
1254 5256 1316 5311 ideo
1341 5272 1373 5310 ex
1403 5253 1469 5325 ipsis
1497 5266 1610 5323 quoque
1634 5248 1781 5322 composita

986 5363 1100 5416 semper·
1111 5355 1257 5411 mutantur,
1275 5349 1403 5400 creseunt
1418 5340 1543 5397 uidelicet
1557 5349 1642 5412 atque
1656 5338 1780 5395 minuun-

986 5454 1037 5510 tur,
1052 5444 1192 5500 culescunt
1207 5450 1231 5497 et
1247 5440 1447 5512 infrigidantur,
1463 5437 1627 5511 caeterisque
1656 5435 1781 5492 acciden-

988 5533 1214 5597 tibusricissim,
1244 5529 1406 5584 alliciuntur.
1427 5527 1475 5582 llis
1488 5533 1580 5581 autem
1609 5522 1782 5597 qualitatibus

989 5618 1025 5676 ita
1038 5618 1124 5675 altera
1152 5617 1309 5674 adulterius
1325 5612 1514 5686 expulsionem
1544 5610 1731 5679 tendentibus,
1746 5606 1781 5687 ,si

987 5706 1040 5764 atta
1068 5702 1150 5780 paulo
1176 5709 1375 5779 supercrescat,
1391 5696 1443 5759 atla
1457 5690 1698 5775 perendinato,
1720 5700 1782 5767 ert·
