3780 6038
112 258 164 312 aaa

727 250 918 306 tttsntt‘tts's
939 252 1145 311 tltAEttttLttts.

1710 254 1761 309 tat

111 388 205 435 matur·
222 377 297 448 quod
312 386 429 448 nequeat
449 376 606 441 comedere,
631 377 716 431 rtrrnce
739 383 912 429 reruovvatur
927 377 953 436 Α
970 374 1092 448 ‹parasivlt
1112 379 1147 431 ab
1167 379 1294 435 eurruebu
1324 377 1388 449 quial
1413 378 1532 435 fecisset.
1559 379 1705 434 Eunuchus
1727 381 1763 434 nd

110 469 157 521 alii
179 465 356 536 jejunabunt.
378 466 423 519 lsti
442 466 593 538 burgenses
616 472 759 536 postquam
783 463 911 518 volebant

110 555 260 611 animalem
275 562 398 609 naturam
417 555 469 608 sibi
494 569 612 618 sumere,
635 552 770 607 mitissimi
785 550 911 605 animalis

111 661 238 709 naturam
253 652 303 707 sibi
318 651 477 707 debuissent
489 652 651 714 vendicare,
667 658 692 705 et
707 649 803 704 merito
818 648 908 704 cibum

109 743 274 798 amiserunt.
293 740 462 811 Quinetiam
487 742 540 796 boc
559 740 600 796 eis
620 738 746 795 arcuisse
760 737 909 793 voluissem

110 840 183 912 ‹ptrorl
195 841 327 911 magistro
342 854 403 895 mec
419 847 550 894 narrante
563 838 723 908 jamrtmtum
737 835 831 891 audivi
845 852 906 892 ere·

108 930 184 983 nisse
213 927 322 983 incisori
353 928 427 999 regis
454 944 505 998 pro
528 926 662 997 discipulo
690 941 740 980 siro
767 925 907 996 proprium

107 1031 209 1072 nomen
219 1016 317 1077 Nediu,
327 1023 355 1071 ut
364 1016 481 1070 fustibus
491 1015 672 1071 carlereutur.
683 1015 762 1068 l’ater
775 1014 809 1067 ad
827 1013 885 1068 brec
898 1032 904 1067 :

107 1114 244 1179 hiemini,
261 1111 308 1178 tili,
333 1113 398 1186 quid
420 1111 518 1168 audisti
537 1111 675 1184 quomodo
688 1110 801 1183 contigit
819 1109 905 1165 disei-

106 1204 181 1273 puto,
197 1203 326 1275 quoniam
355 1202 418 1257 talis
446 1202 565 1256 narratio
589 1200 671 1255 animi
687 1199 737 1255 erit
753 1199 900 1254 recreatio.

105 1292 207 1346 Filias:

377 1398 512 1455 etanta
532 1398 632 1452 Xl'lll.

140 1505 272 1561 Narravit
301 1504 367 1559 mibi
398 1505 528 1577 magister
548 1520 625 1558 mens
647 1503 793 1575 quemdam
809 1517 901 1573 regern

103 1595 234 1649 babuisse
251 1593 396 1649 incisorem
408 1593 454 1665 qni
464 1593 591 1647 diversos
601 1592 722 1646 diversis
733 1591 901 1661 temporibus

103 1692 184 1754 aptos
199 1683 223 1738 ei
240 1682 376 1737 incidebat
391 1697 508 1752 pannos.
525 1684 558 1736 tlt
573 1681 617 1735 ille
629 1679 778 1751 discipulos
794 1688 900 1735 sutores

103 1779 225 1834 babebat
252 1794 367 1850 quorum
396 1780 509 1850 quisque
537 1776 682 1832 artificiose
710 1776 806 1832 suebat
829 1776 901 1848 quod

103 1866 236 1940 magister
259 1867 360 1923 incisor
383 1867 458 1938 regis
478 1866 626 1922 incidebat.
652 1866 724 1920 lnter
745 1881 813 1936 quos
832 1880 903 1919 unias

104 1964 164 2011 erat
179 1955 331 2027 discipulus
346 1956 456 2010 nomine
476 1954 565 2009 Nediu
585 1954 630 2027 qui
651 1954 740 2009 socios
754 1962 811 2008 arte
826 1962 902 2009 suto·

104 2055 148 2109 ria
163 2055 309 2126 superabat
349 2053 402 2108 Sed
417 2054 462 2109 die
492 2055 561 2109 testo
586 2052 711 2108 venientu
726 2067 776 2107 rex
792 2068 904 2108 suornm

105 2141 256 2198 incisorem
270 2158 424 2213 pannorum
442 2142 549 2198 vocavit
559 2151 585 2197 et
597 2140 732 2213 pretiosas
748 2150 838 2197 vestes
852 2141 904 2196 sibi

105 2250 131 2294 et
157 2239 340 2295 familiaribus
361 2240 453 2311 parari
479 2241 617 2313 pracepit.
643 2240 722 2310 Qum
740 2244 771 2294 ut
784 2240 863 2295 citius
878 2247 905 2293 et

109 2328 169 2383 sine
185 2329 379 2400 impedimento
403 2328 490 2394 tieret,
515 2345 598 2383 rraum
622 2329 656 2383 ele
675 2328 833 2385 camerariis
849 2328 904 2382 suis

110 2429 266 2483 eunuebnm
281 2429 360 2497 cujus
375 2427 441 2483 illud
457 2435 516 2482 erat
531 2427 649 2483 officium
666 2427 801 2483 sutoribus
817 2435 907 2482 custo·

108 2517 172 2571 elem
184 2515 298 2575 addidit.
315 2524 341 2571 et
356 2525 385 2571 ut
399 2532 492 2571 eornm
505 2532 606 2571 curvos
616 2532 721 2589 ungues
736 2516 904 2579 observaret,

107 2615 136 2660 et
151 2605 191 2661 eis
205 2605 239 2659 ad
255 2603 443 2660 sufficientiam
468 2604 622 2661 necessaria
639 2605 803 2660 ministraret
826 2620 907 2677 roga·

107 2694 156 2747 vit.
172 2693 226 2749 Sed
242 2693 268 2748 in
285 2710 337 2747 utra
362 2694 465 2749 dicrum
490 2693 606 2747 ministri
631 2693 746 2748 calidum
770 2709 866 2764 panem
883 2699 909 2747 et

108 2792 162 2848 mel
178 2808 239 2848 cum
255 2792 315 2847 aliis
331 2792 439 2847 ferculis
449 2792 559 2847 incisori
576 2800 599 2847 et
618 2791 756 2848 consociis
766 2790 910 2846 comeden-

107 2882 173 2935 «tum
190 2880 335 2950 dederuut,
352 2889 377 2935 et
392 2881 438 2953 qui
453 2881 568 2935 aderaut
590 2880 735 2935 comedere
751 2888 905 2951 eruperunt.

107 2970 216 3039 Quibus
232 2968 407 3042 epulantibus
419 2970 576 3026 crrnuelms:
592 2972 682 3038 Quare
693 2970 810 3025 absente
821 2968 910 3023 Nediu

966 466 1035 521 boc:
1051 466 1121 521 Divit
1137 466 1202 520 mibi
1219 467 1305 521 Norliu
1321 466 1472 537 discipulus
1488 475 1548 521 terris
1561 468 1631 539 quod
1643 468 1764 539 quando

965 571 1017 627 qne
1031 556 1165 609 insanires
1180 564 1206 609 et
1222 571 1275 610 non
1292 555 1342 609 nisi
1368 555 1464 610 vinclis
1477 562 1503 608 et
1519 555 1680 611 verberibus
1696 572 1761 613 cov-

965 661 1057 726 reptus
1074 670 1209 721 cessares,
1227 664 1253 711 ct
1269 653 1331 709 ideo
1346 660 1372 709 ta
1392 653 1485 726 ligavi.
1508 655 1566 710 lloc
1580 654 1672 709 audito
1691 652 1761 710 inci-

963 767 1010 807 sor
1023 751 1111 807 Nediu
1131 752 1293 822 discipulum
1312 768 1391 807 snum
1411 750 1519 808 vocarit
1533 760 1558 807 et
1573 750 1629 807 ait:
1654 751 1759 817 Amice,

962 841 1070 911 quando
1084 856 1128 895 me
1144 841 1244 896 novisti
1268 842 1392 895 insanum
1414 842 1482 896 ‘tad
1503 843 1557 896 boc
1584 840 1756 910 discipulus:

961 929 1075 998 eranrlo
1090 929 1187 983 novisti
1204 929 1308 983 meruel
1321 944 1374 984 nou
1385 929 1530 984 comedero
1544 932 1558 982 l
1574 928 1720 983 Eunuchus
1731 936 1758 983 at

960 1026 1004 1079 alii
1033 1026 1092 1081 baec
1120 1024 1264 1080 audientes
1292 1025 1420 1089 riserunt,
1446 1031 1637 1096 statrnmque
1660 1025 1756 1080 merito

960 1130 1054 1185 parnas
1068 1117 1225 1185 suscepisse
1236 1114 1444 1182 judicaverunt.

996 1202 1035 1258 rtrl
1064 1203 1116 1259 boc
1140 1210 1232 1273 pater:
1250 1203 1347 1257 llerito
1374 1203 1426 1257 boc
1456 1200 1494 1256 illi
1520 1202 1628 1268 accidit,
1655 1201 1756 1274 quiasi

958 1292 1108 1348 custodiret
1122 1292 1192 1363 quod
1204 1293 1311 1361 llovses
1327 1291 1456 1362 pracepit
1468 1298 1497 1345 ut
1508 1290 1633 1363 diligeret
1644 1291 1756 1346 fratrem

958 1398 1037 1435 snam
1053 1381 1122 1436 sicut
1136 1380 1256 1450 seipsum
1273 1383 1340 1449 (Β),
1356 1396 1411 1435 non
1427 1381 1479 1435 troc
1493 1379 1517 1435 ei
1533 1379 1679 1437 evenisset.

993 1478 1142 1550 (instigavit
1157 1477 1242 1532 tilium
1267 1494 1345 1533 suurn
1361 1478 1472 1533 diceus:
1495 1477 1561 1534 l'ida
1576 1493 1609 1533 ne
1627 1478 1752 1549 imponas

956 1575 1066 1646 aliquod
1089 1575 1191 1630 crimen
1214 1575 1290 1631 socio
1312 1578 1358 1629 trio
1384 1590 1464 1631 servo
1483 1574 1752 1639 arrationarem

955 1663 1163 1735 tibicoatiugat
1191 1663 1261 1719 sicut
1287 1663 1395 1718 duobus
1419 1663 1618 1731 joculatoribus
1638 1664 1754 1733 contigit

957 1768 1018 1815 ante
1033 1775 1137 1830 regem.
1154 1759 1194 1815 art
1211 1761 1262 1814 boc
1278 1759 1349 1814 tilius
1360 1779 1365 1814 :
1376 1760 1464 1815 Narra
1479 1759 1554 1827 mibi,
1571 1765 1663 1832 pater,
1674 1761 1754 1818 obse·

957 1865 1018 1907 cro.
1039 1851 1135 1905 Pater:
1154 1849 1219 1903 Fiat.

1246 1972 1379 2029 abacta
1397 1972 1475 2027 xlx.

996 2096 1074 2153 l'eait
1087 2096 1196 2169 quidam
1207 2097 1341 2167 iaculator
1354 2097 1387 2152 ad
1403 2113 1507 2169 regem,
1532 2113 1613 2171 quern
1628 2107 1753 2155 vocatum

959 2204 1004 2242 rev
1020 2202 1081 2242 cum
1097 2186 1151 2241 alio
1172 2185 1322 2255 joculatore
1345 2185 1408 2241 feeit
1428 2186 1524 2243 sedere
1548 2195 1631 2260 atque
1656 2203 1751 2243 conre-

959 2276 1044 2338 rlerc;
1063 2277 1111 2329 sed
1126 2275 1172 2346 qui
1196 2274 1273 2346 prius
1298 2282 1357 2330 erat
1376 2274 1511 2343 joculator
1534 2277 1616 2346 cmpit
1632 2276 1754 2331 invidere

960 2363 1165 2435 supervenienti
1189 2379 1270 2434 quern
1290 2380 1335 2419 rex
1361 2363 1411 2417 abit
1435 2363 1597 2436 preferebat
1619 2372 1645 2419 et
1659 2380 1755 2420 omues

961 2452 1052 2509 aulici.
1069 2449 1148 2520 Quod
1165 2468 1198 2506 ne
1214 2452 1328 2506 duraret
1343 2451 1388 2505 diu
1413 2452 1548 2522 pudorem
1564 2451 1601 2507 illi
1617 2451 1708 2508 facere
1728 2462 1756 2507 ut

961 2542 1000 2594 sie
1011 2539 1107 2612 saltem
1129 2538 1271 2612 aufugeret
1292 2539 1430 2613 cogitavit.
1455 2541 1550 2613 ltaque
1571 2539 1757 2597 nescientibus

962 2639 1022 2695 aliis
1037 2654 1100 2694 ossa
1116 2637 1231 2694 latenter
1257 2637 1362 2707 primus
1387 2638 1525 2706 joculator
1548 2640 1718 2695 coordinavit
1732 2647 1760 2696 et

963 2735 1024 2783 ante
1040 2727 1143 2783 socium
1157 2725 1255 2797 posuit,
1272 2723 1400 2797 finitoque
1414 2726 1528 2797 prandio
1539 2726 1566 2781 in
1581 2727 1759 2798 opprobrium

963 2816 1066 2870 socium
1084 2814 1243 2885 conjectans
1268 2821 1369 2867 struem
1392 2814 1492 2868 ossium
1516 2814 1577 2887 regi
1600 2816 1719 2870 ostendit
1733 2826 1759 2871 et

963 2910 1129 2966 mordaciter
1143 2908 1246 2980 inquit:
1273 2908 1397 2974 Domine,
1425 2908 1516 2963 socius
1539 2925 1618 2965 meus
1638 2911 1759 2966 omnium

964 2999 1066 3055 ossium
1081 2999 1196 3053 istorum
1212 2995 1369 3051 vestituram
1394 2996 1520 3053 comedit.
1542 2997 1599 3052 llex
1615 3014 1681 3054 voro
1700 3008 1760 3054 tor·

107 3068 256 3124 ftlfflfdlllss
281 3084 333 3124 ¹¹⁰⁰
354 3069 428 3123 illum
454 3069 630 3140 fltff'sslfflfss‘?
652 3068 780 3137 lfflssfssll-‘l
797 3068 884 3138 in‘lust
903 3088 908 3122 ³
925 3088 950 3152 G
966 3089 1006 3142 vis
1021 3086 1106 3143 ocrrlis
1122 3084 1251 3156 respexit.
1269 3086 1420 3140 becrrsatus
1448 3093 1540 3140 autem
1555 3086 1616 3157 regi
1630 3087 1686 3143 ait:
1702 3087 1759 3143 Do-

109 3157 181 3225 Quia
196 3158 248 3211 mel
264 3173 319 3211 non
335 3157 492 3213 cornedcret
511 3158 617 3211 etiamsi
632 3158 758 3222 adesset,
775 3165 801 3210 et
816 3172 908 3212 come·

109 3250 221 3300 derunt.
239 3245 341 3300 lleimle
357 3247 430 3300 venit
458 3246 546 3300 Nedin
576 3253 603 3299 et
618 3247 653 3300 ait
669 3266 677 3302 :
695 3244 787 3313 Quare
803 3262 846 3300 me
861 3246 909 3299 ab·

110 3351 188 3398 sente
204 3343 355 3408 comedisti,
370 3358 420 3399 nec
431 3350 533 3414 partem
549 3359 638 3397 meam
653 3342 842 3397 reservastis?
857 3343 909 3397 En·

109 3431 215 3487 nuelms
241 3432 274 3486 ad
291 3431 366 3487 bac:
384 3432 514 3503 Magister
536 3440 598 3485 tuus
613 3432 679 3485 elisit
700 3431 770 3502 qnod
787 3430 839 3487 mel
855 3448 908 3486 non

108 3520 272 3575 comederes
286 3520 390 3574 etiamsi
401 3522 523 3575 artesses.
536 3524 568 3574 ..u
578 3518 622 3574 ille
634 3520 715 3575 tacuit
730 3528 755 3575 et
771 3520 909 3592 quomodo

108 3617 243 3689 magistro
258 3634 307 3672 suo
327 3617 393 3672 illud
417 3634 626 3689 recompensare
649 3626 741 3689 posset
762 3618 904 3691 cogitavit.

107 3707 143 3761 lit
159 3708 211 3762 boc
227 3704 308 3769 freto,
325 3706 460 3776 magistro
475 3709 603 3773 absente,
623 3707 709 3761 Nediu
723 3714 829 3762 secreto
842 3707 909 3761 dixit

107 3805 234 3859 eunucho
248 3823 254 3860 :
272 3805 397 3872 Domine,
411 3805 544 3879 magister
560 3806 807 3877 meusqnaneloque
820 3804 907 3859 frene·

106 3887 157 3941 sim
174 3889 281 3959 patiens
295 3905 406 3943 sensum
423 3890 511 3959 perdit
525 3898 551 3943 et
565 3890 712 3945 indiscrete
726 3890 909 3944 circumstan-

106 3994 148 4037 tes
165 3984 290 4039 verberat
305 3994 330 4039 et
345 3985 485 4039 interimit.
509 3986 557 4039 tlat
583 3988 723 4041 eunnclms
741 4006 750 4040 .·
766 3985 794 4039 Si
808 3985 906 4040 scirem

109 4076 206 4127 boram
222 4074 330 4145 rprarrdo
346 4074 370 4128 ei
382 4074 527 4146 contingit,
545 4092 578 4129 ne
594 4075 656 4145 qnid
672 4073 822 4130 inconsulte
837 4089 906 4137 age-

104 4172 146 4216 ret
162 4161 276 4233 ligarem
292 4171 316 4217 ot
334 4163 399 4217 loris
415 4164 555 4235 corrigere
571 4163 800 4235 constringerem.
813 4163 907 4216 iltNe-

104 4260 151 4313 eliu
168 4260 206 4313 ait
224 4279 229 4314 :
247 4260 312 4314 Cum
332 4261 501 4314 virlevisemn
515 4261 566 4315 bue
582 4259 864 4330 etillueaspicientem
880 4268 906 4314 et

108 4359 209 4402 terram
221 4349 345 4403 inanibus
355 4349 544 4404 verberantem
552 4356 577 4403 et
587 4364 602 4403 a
614 4349 734 4402 suaserle
746 4358 904 4420 surgentem

965 3175 1099 3231 minefeei
1114 3174 1185 3247 quorl
1215 3182 1312 3228 natura
1341 3172 1459 3227 bumana
1481 3173 1647 3245 requirebat,
1665 3191 1761 3232 carnes

964 3264 1071 3320 ecravrli
1088 3271 1113 3318 et
1127 3278 1191 3317 ossa
1201 3260 1291 3316 dimisi
1303 3276 1310 3323 ;
1324 3260 1414 3317 socius
1424 3270 1515 3317 autem
1527 3278 1604 3317 meus
1615 3262 1678 3319 fecit
1689 3265 1761 3337 quot

965 3369 1014 3407 sua
1030 3359 1122 3407 natura
1138 3350 1240 3407 scilieet
1257 3349 1351 3405 canina
1378 3348 1541 3422 inquirebat,
1565 3351 1625 3423 qnia
1643 3354 1761 3409 comedit

964 3458 1061 3497 earnes
1076 3447 1103 3495 et
1117 3456 1193 3496 ossa.

1000 3538 1073 3594 Dixit
1088 3538 1284 3609 pbilosopbus:
1302 3538 1412 3593 lluaora
1426 3538 1563 3595 minorem
1578 3548 1604 3595 te
1618 3548 1644 3595 et
1658 3540 1693 3597 da
1708 3542 1761 3598 sibi

963 3627 997 3683 ele
1013 3637 1058 3683 tuo
1073 3627 1143 3681 sicut
1159 3626 1201 3680 vis
1219 3626 1290 3697 qnod
1302 3627 1388 3694 rasator
1403 3636 1428 3681 te
1443 3628 1557 3684 bonoret
1571 3638 1596 3684 et
1607 3628 1641 3685 de
1652 3647 1703 3686 suo
1714 3631 1763 3684 tibi

963 3717 1076 3770 tribnat.
1110 3714 1204 3770 alius:
1221 3716 1312 3785 Turpe
1340 3714 1451 3786 quidem
1480 3724 1520 3771 est
1547 3717 1662 3772 multum
1685 3718 1762 3774 diviti

962 3831 1023 3869 csse
1039 3830 1163 3877 avarum,
1187 3812 1317 3867 mebiocri
1342 3812 1481 3883 pulcbrum
1497 3830 1559 3868 esse
1578 3814 1696 3887 largum.
1714 3814 1761 3871 nt-

962 3902 1085 3973 scipulos
1100 3902 1136 3956 ait
1149 3919 1155 3956 :
1172 3900 1364 3955 Dilliuitionem
1387 3900 1458 3973 largi
1473 3909 1499 3955 et
1514 3902 1588 3955 arari
1604 3911 1630 3956 et
1649 3904 1758 3976 prodigi

960 3991 1026 4045 mibi
1042 3989 1196 4045 subscribe.
1215 3988 1291 4043 Pater
1310 4008 1315 4042 :
1333 3988 1384 4058 Qui
1400 3989 1445 4042 ilat
1459 3988 1559 4059 quibus
1574 3990 1693 4044 dandum
1704 4000 1757 4052 est,

960 4087 985 4133 et
1001 4079 1097 4132 retinet
1115 4077 1214 4149 qumns
1244 4076 1416 4130 retinendum
1442 4085 1492 4139 est,
1509 4074 1606 4149 largus
1629 4085 1685 4139 est:
1707 4080 1757 4150 qui

959 4176 1084 4247 probibet
1099 4174 1197 4246 quibus
1221 4172 1421 4243 prclribeadum
1438 4187 1491 4226 non
1506 4180 1558 4241 cst,
1580 4190 1679 4230 avarus
1694 4184 1755 4231 est:

959 4271 1002 4342 qni
1019 4271 1062 4325 ilat
1079 4270 1177 4340 anbns
1193 4268 1312 4323 (landum
1335 4276 1377 4323 est
1393 4277 1420 4323 et
1435 4268 1535 4341 qnilms
1557 4285 1611 4323 non
1627 4279 1669 4326 est
1684 4270 1756 4327 dan·

957 4358 1032 4424 dirrn,
1050 4357 1195 4428 prodigus.
1208 4355 1283 4411 illins
1297 4374 1303 4409 :
1319 4356 1381 4411 Noli
1402 4356 1535 4412 associari
1557 4358 1596 4413 rei
1616 4356 1756 4416 deficienti

105 4447 131 4491 et
143 4452 286 4491 scamnum
302 4453 385 4507 super
400 4437 472 4507 qnod
484 4436 561 4490 sedet
573 4453 652 4492 uranu
665 4438 825 4507 rrqricutem,
838 4443 902 4491 tuac
916 4436 942 4495 D
958 4455 984 4503 er
999 4464 1033 4502 nc
1048 4461 1186 4517 proponas
1201 4452 1227 4499 te
1244 4444 1280 4499 rei
1297 4445 1442 4500 crescenti.
1468 4445 1564 4502 illius:
1580 4446 1667 4520 llagis
1683 4449 1755 4504 iulet

105 4525 177 4579 scias
188 4540 251 4578 eum
266 4541 326 4579 esse
339 4525 469 4591 insanum,
481 4530 507 4579 et
519 4525 569 4578 nisi
583 4525 629 4579 tibi
641 4534 666 4580 et
678 4524 729 4578 tuis
739 4524 901 4595 provideris,

103 4629 184 4691 eaput
202 4620 271 4675 fuste
286 4620 398 4677 dolabit.
410 4620 522 4675 Talibus
533 4621 613 4677 dictis
623 4622 711 4676 Nedin
722 4621 850 4694 sequenti
859 4622 903 4677 tlie

104 4709 229 4780 magistri
237 4709 279 4763 sui
288 4708 396 4764 forfices
407 4718 513 4765 secreto
524 4710 678 4778 abscondit,
689 4717 714 4763 at
725 4711 905 4782 incisorqnoe-

103 4814 167 4851 rens
183 4797 292 4853 tor-ttees
306 4807 332 4851 ct
348 4814 400 4852 non
417 4798 647 4868 invenienscupit
663 4799 788 4853 manibus
803 4808 901 4854 terram

104 4894 248 4956 pereutere.
259 4895 282 4939 ct
293 4888 343 4939 bue
353 4896 377 4940 et
390 4886 452 4941 illuc
463 4887 587 4957 aspicere
596 4895 622 4941 et
632 4901 700 4941 asna
710 4888 774 4941 sede
785 4903 902 4960 surgere

103 4984 128 5027 et
145 4990 286 5028 scamnum
302 4991 387 5044 super
411 4974 483 5044 quud
513 4974 627 5029 sedebat
647 4992 727 5030 manu
750 4976 900 5029 dimoveve.

105 5064 167 5116 llaec
180 5062 277 5116 videus
306 5063 445 5117 eurmcbus
472 5064 562 5116 statim
583 5080 648 5118 suos
664 5064 769 5119 vocavit
790 5063 903 5119 clientes

103 5150 443 5221 pra=ceptiqncincisorem
453 5151 532 5223 ligari
544 5159 569 5205 et
581 5152 731 5223 uealiquos
742 5152 904 5209 verberaret

103 5239 385 5309 graviterverberari.
400 5239 453 5292 Sed
463 5240 564 5293 incisor·
577 5239 711 5294 clamabat
724 5242 760 5295 ita
769 5241 900 5297 rttceneo:

104 5328 176 5395 Quid
193 5328 260 5382 loris
272 5327 333 5393 leci,
349 5327 455 5398 utquid
470 5328 568 5382 talibus
584 5343 632 5384 rna
648 5329 768 5399 aflligitis
783 5330 903 5384 verberi·

103 5416 388 5471 trrrs‘tatilliacrius
417 5416 588 5471 verberando
617 5418 755 5473 tacebant.
785 5417 903 5489 Quarrvlo

103 5515 195 5561 autern
211 5504 277 5559 lassi
292 5504 403 5560 fuerunt
418 5504 589 5561 verberando
602 5522 717 5563 exosum
732 5507 795 5562 vitae
810 5506 903 5563 solve-

104 5601 169 5649 runt
193 5593 240 5665 qui
269 5593 409 5665 respirans
433 5593 482 5647 aed
507 5592 591 5667 longo
615 5595 904 5667 temporisintervallo

140 5734 198 5789 etti
217 5731 330 5790 Levitic.
346 5738 401 5799 arx,
418 5734 460 5787 ta.
472 5744 536 5819 ’pfl
549 5718 626 5823 'pfl
638 5746 727 5796 nante

957 4550 1042 4605 parva
1053 4534 1192 4589 beatitudo
1207 4548 1287 4605 quam
1299 4532 1380 4604 plena
1392 4533 1488 4587 domus
1500 4549 1568 4591 auro
1583 4543 1610 4591 et
1624 4544 1754 4609 argento.

957 4625 1032 4680 atius
1051 4641 1057 4678 :
1075 4622 1153 4679 L'tilia
1176 4622 1304 4693 perquire
1328 4636 1429 4694 magno
1453 4638 1545 4688 sensu,
1576 4638 1629 4679 non
1654 4640 1754 4697 magna

957 4712 1110 4768 velocitate.
1134 4711 1227 4766 attus:
1258 4710 1299 4766 Nc
1326 4708 1458 4779 respicias
1486 4710 1612 4767 ditiorem
1635 4714 1754 4767 tanain

956 4818 1018 4856 eam
1047 4816 1155 4871 pecces,
1183 4798 1232 4853 sed
1261 4800 1365 4871 respice
1395 4800 1584 4871 pauperiorem
1607 4800 1754 4856 teetinde

955 4898 1050 4960 grates
1066 4890 1123 4943 [teo
1138 4888 1235 4943 redte.
1254 4886 1351 4942 titius:
1382 4888 1442 4943 Non
1458 4887 1579 4958 ‹lsraegos
1603 4888 1688 4942 [teum
1704 4904 1754 4958 pro

956 4977 1137 5049 pauperitate,
1154 4991 1205 5047 pro
1219 4974 1320 5029 divitiis
1333 4974 1388 5028 noli
1398 4975 1550 5045 superbire.
1564 4974 1643 5028 Alius
1654 4993 1660 5029 :
1673 4974 1754 5045 Quis-

955 5065 1017 5133 quis
1042 5066 1125 5119 multa
1149 5066 1234 5131 cupit,
1258 5064 1392 5129 rnujorum
1418 5062 1488 5117 famo
1512 5060 1636 5118 tabescit.
1652 5065 1751 5120 Alius:

956 5154 982 5209 Si
999 5154 1040 5208 vis
1052 5154 1079 5207 in
1094 5155 1144 5207 boa
1160 5151 1262 5206 sreeulo
1278 5158 1383 5205 tantum
1403 5151 1502 5205 babere
1518 5160 1649 5223 qnantum
1665 5152 1753 5208 sulfe-

955 5242 1023 5298 cerit
1045 5249 1158 5300 natvrne,
1183 5255 1238 5293 nou
1260 5239 1343 5293 multo
1360 5246 1385 5296 te
1400 5239 1507 5295 decebit
1520 5256 1709 5315 congregare:
1725 5254 1753 5300 et

955 5330 979 5385 si
992 5329 1092 5401 cupido
1114 5326 1270 5383 satisfacere
1295 5326 1414 5382 volueris
1432 5328 1533 5395 animo,
1554 5326 1617 5384 licet
1631 5346 1753 5401 congre-

955 5418 1026 5491 gatis
1041 5432 1211 5490 quaecuuque
1226 5416 1253 5471 in
1270 5423 1325 5471 toto
1341 5415 1443 5471 mundo
1462 5417 1564 5473 ambitu
1582 5418 1754 5474 conducatur

956 5504 1067 5572 divitiis,
1093 5503 1152 5559 sitis
1170 5513 1261 5560 tamen
1290 5501 1397 5559 ardebit
1424 5504 1554 5560 habendi.
1578 5505 1659 5561 Alius
1675 5521 1681 5560 :
1699 5504 1753 5574 Qut

957 5608 1040 5666 parce
1055 5609 1102 5649 sua
1127 5592 1275 5666 dispendit.
1300 5590 1348 5647 diu
1359 5592 1459 5649 durant
1474 5593 1499 5648 ei
1512 5608 1651 5666 possessa.
1672 5592 1753 5647 attus
