3780 6038
110 232 163 291 affl
681 222 850 284 waflrtssttt
867 223 1020 288 aratris
1038 224 1069 285 S.
1088 222 1197 283 cassu
1714 230 1758 285 tta

110 356 178 415 Etsi
192 353 514 428 nchisprcptcrpeoeata
530 358 621 410 nosue
634 349 779 408 subvenire
807 349 903 419 undat,
921 351 945 415 Α
964 351 1037 407 Elias
1060 365 1115 406 non
1127 358 1220 421 posset
1240 350 1377 425 ccrn'gcra
1399 349 1612 425 praedicatione,
1634 349 1760 409 chusitei

112 452 202 502 tamen
215 443 237 500 si
249 442 490 514 perseveravimus,
519 441 731 497 misericordiam
754 455 830 495 suam
858 454 907 494 uc·
959 441 1058 495 coelum
1073 439 1150 495 annis
1165 439 1249 495 tribus
1267 439 1445 497 etmensibus
1471 439 1666 497 reseratione
1692 440 1758 507 (lac.

110 533 153 590 bis
173 541 316 606 praerogat.
344 533 452 602 absque
478 529 562 588 dubio
589 536 679 586 autem
707 544 757 585 nos
782 528 906 584 exaudiri
960 530 1003 598 v).
1021 528 1115 584 Pluvia
1139 544 1241 586 verca
1267 528 1336 585 coelo
1372 528 1488 585 inhibita
1523 528 1671 584 sitibunda
1692 530 1761 586 tellus

110 638 262 693 1¹⁰⁸⁰³¹¹¹¹¹⁸2
291 622 314 677 δί
341 621 449 677 ifflissssii
486 635 566 692 l)rice
605 618 731 689 petimus,
754 617 777 672 ⁵5
805 617 907 671 inlinit
960 627 1081 700 elanguit
1103 627 1232 695 marcida,
1256 635 1283 684 et
1300 627 1451 684 cultoribus
1465 628 1521 683 suis
1546 627 1671 684 minatur
1692 628 1763 684 tarnis

110 728 200 777 mente
214 719 368 791 querimus,
392 718 416 773 si
430 717 555 789 lacrymis
579 716 725 788 pulsamus.
755 713 807 783 Qui
834 713 906 769 enim
959 715 1124 772 discrimina.
1139 716 1222 772 Fame
1235 715 1326 787 itaque
1347 725 1472 790 urgente,
1503 717 1627 789 populus
1650 716 1686 773 ad
1711 718 1763 773 cul-

111 816 213 882 patrem
231 823 329 880 panem
356 806 433 879 petit,
458 804 623 862 nullomodo
637 802 661 860 ei
676 803 794 875 lapidem
821 800 905 857 dabit.
960 812 1017 860 turn
1031 803 1086 862 vivi
1100 812 1127 860 et
1138 805 1195 859 veri
1210 804 1259 860 Dei
1273 805 1444 875 compellitur
1458 812 1487 861 at
1499 812 1601 862 orante
1624 804 1764 862 liliatam

110 897 147 954 iit
160 896 231 968 quia
244 905 319 969 patre
332 895 434 968 piscem
450 894 544 968 exigit,
559 893 672 950 minime
692 898 844 963 serpentem
858 906 907 945 ac-
961 892 1108 949 nbundanti
1129 892 1217 950 imbre
1238 893 1418 964 perfunditur,
1449 900 1477 951 et
1502 909 1643 953 converso
1668 895 1762 966 populo

110 992 185 1063 cipit.
202 992 236 1047 lit
253 990 277 1046 si
291 1005 373 1046 ovum
397 989 492 1061 poscit,
521 1002 660 1058 nunquam
687 985 712 1041 ci
738 984 907 1056 scorpionem
960 992 1139 1065 copiarerunr
1153 991 1285 1048 redditur.
1309 992 1349 1047 En
1363 993 1580 1065 perorationem
1607 993 1693 1051 nnius
1717 994 1763 1050 hc

110 1080 226 1154 Wfiidii
238 1081 253 1134 ‘i
266 1080 317 1136 Per
340 1093 450 1149 Finem,
478 1076 523 1148 qui
542 1092 590 1133 ⁰⁰?
617 1073 734 1131 hominis
756 1071 907 1139 ⁰⁰¹1firm³ir
961 1081 1042 1137 minis
1055 1081 1154 1137 cmlum
1181 1080 1256 1137 omni
1270 1081 1371 1154 populo
1391 1080 1538 1153 clauditur,
1556 1090 1584 1139 et
1599 1097 1710 1138 rursum
1735 1097 1764 1139 ec

110 1170 227 1225 charitas
240 1167 401 1236 declaratur,
424 1181 473 1239 per
500 1181 582 1236 quam
605 1165 689 1219 homo
717 1160 909 1217 invirtutibus
961 1168 1224 1227 (impregnatum,

110 1257 309 1316 corroborsltff·
326 1256 377 1311 Pei
403 1254 516 1325 limem·
539 1252 585 1323 ‘1¹¹5
612 1252 691 1322 P¹¹¹⁸¹¹
704 1250 832 1306 nmmum
860 1264 909 1303 Μ’
997 1285 1120 1355 Quodam
1151 1285 1232 1342 etiarn
1261 1292 1384 1357 ternpore
1418 1284 1454 1343 cb
1483 1293 1602 1359 peccata
1630 1283 1765 1343 bominum

113 1355 197 1424 tritur,
225 1352 293 1408 fides
316 1351 481 1423 intelligitur,
511 1365 571 1420 quae
594 1346 719 1420 procellis
742 1345 908 1418 perseeutio-
960 1374 1154 1431 masmim„
1183 1382 1316 1444 mum,
1339 1374 1463 1432 emm
1490 1376 1648 1432 mmmm
1678 1376 1766 1432 fimo„

112 1459 177 1499 num
190 1442 225 1498 ad
239 1442 404 1498 incrementa
431 1437 597 1509 perducitur.
626 1437 677 1492 Per
690 1451 771 1492 ovum
797 1433 832 1491 de
855 1448 909 1505 quo
962 1462 1043 1520 famis
1070 1464 1219 1521 tabescam·
1244 1462 1350 1534 Quibus
1384 1463 1590 1534 jejumum
1615 1472 1648 1522 e,
1681 1481 1766 1521 mm

113 1531 183 1587 ictus
192 1536 370 1600 exspectatur,
399 1544 462 1600 apes
485 1526 627 1592 indicatur,
652 1539 792 1597 perquam
821 1522 909 1621 lutura
962 1576 1024 1619 cum
1039 1562 1138 1619 maniis
1164 1563 1333 1635 portantibus
1360 1562 1473 1634 quidum
1499 1569 1616 1633 pamm
1646 1561 1764 1629 mm

110 1618 251 1681 ¹beatitudo
261 1624 395 1691 speratur.
410 1616 492 1672 l‘orrc
507 1631 556 1688 per
581 1611 700 1685 lapidem
714 1611 803 1669 cordis
831 1609 909 1667 durr-
962 1666 1072 1708 musam
1086 1649 1237 1708 afflictionis
1251 1649 1371 1721 inquim
1387 1648 1439 1720 Qui
1464 1666 1530 1707 oum
1541 1650 1699 1707 Siccium
1725 1667 1765 1706 m·

114 1716 160 1785 h'a,
171 1733 221 1789 per
233 1721 386 1788 serpentem
401 1712 585 1770 veneniferum
600 1710 701 1768 animal
718 1708 821 1766 malitia
835 1722 843 1777 ;
859 1723 908 1781 per
922 1708 948 1770 B
963 1738 1137 1812 sponderent.
1153 1738 1237 1796 dixi„
1253 1739 1311 1795 Cu,
1323 1755 1378 1796 no„
1392 1740 1532 1796 omps
1548 1738 1604 1810 Qui
1615 1740 1683 1796 gum
1697 1737 1765 1795 ὼ,

112 1806 282 1877 scorpionem
296 1818 368 1874 vero,
392 1802 438 1875 qui
451 1800 538 1858 cauda
558 1801 680 1873 percutit,
696 1797 828 1869 accipitur
848 1814 910 1870 pec-
964 1844 1069 1893 marem
1093 1852 1124 1893 80
1151 1836 1296 1908 plurimum
1323 1835 1425 1893 orando
1444 1836 1588 1893 Imm
1616 1843 1647 1893 et
1676 1851 1763 1908 pm

113 1902 232 1951 catorum
260 1891 387 1951 vindicta.
413 1890 467 1960 Qui
490 1905 556 1962 ergo
571 1890 654 1945 aDeo
680 1887 836 1944 charitatem
866 1901 912 1958 po·
964 1925 1123 1998 impetrasse
1147 1924 1215 1980 dixit
1230 1939 1238 1981 :
1255 1924 1395 1981 sumente
1409 1932 1546 1998 peterem,
1563 1878 1664 1998 usique
1691 1926 1765 1998 pem

112 1983 202 2053 stulat,
217 1998 355 2053 nunquam
364 1997 426 2036 eum
441 1980 470 2036 in
493 1979 572 2034 malis
582 1976 742 2046 indurat,et
756 1975 800 2048 qui
828 1973 911 2030 fidem
964 1967 1132 2086 acciperemo’
1156 2013 1289 2085 stansque
1316 2028 1408 2071 mmm
1432 2014 1564 2070 omnibus
1617 2029 1718 2070 mm
1735 2013 1765 2069 'd

113 2072 148 2130 ὠ
163 2071 302 2144 ⁰⁰P⁰⁸⁰i²r
318 2068 483 2126 unss⁰m⁰d⁰
500 2084 562 2124 ⁰⁰⁰¹
576 2067 604 2122 in
618 2065 722 2121 ”mma
752 2079 911 2170 permaneri
963 2103 1113 2160 orationem
1141 2102 1271 2158 extendit.
1294 2110 1321 2158 et
1343 2101 1379 2159 ad
1402 2102 1493 2173 prima
1522 2055 1614 2160 veiha
1637 2102 1765 2174 precantis

112 2169 185 2239 sinii·
214 2167 340 2238 Qffivem
367 2181 444 2238 ’ΨΜ
472 2164 507 2219 “b
522 2179 554 2220 ⁰⁰
581 2172 668 2235 ψ’
687 2176 856 2233 nequaquam
885 2175 911 2215 ⁰¹
963 2199 1057 2270 pluvia
1083 2198 1231 2268 descendit,
1260 2205 1383 2269 terraque
1405 2197 1452 2255 diu
1478 2207 1617 2272 negatum
1658 2198 1765 2255 lmccrm

964 2288 1091 2361 agricolis
1118 2287 1260 2360 impendit.
1289 2286 1406 2358 Quidam
1431 2287 1515 2344 etiarn
1543 2290 1701 2352 monnellus
1716 2295 1767 2344 erat

963 2385 991 2440 in
1019 2385 1140 2442 eratione
1163 2384 1297 2441 assiduus.
1316 2385 1391 2442 Unus
1412 2400 1477 2441 vero
1501 2383 1671 2441 daemonum
1694 2385 1767 2441 aiu·

963 2474 1036 2530 lianc
1060 2474 1222 2546 imperatore
1250 2488 1299 2546 prc
1327 2473 1445 2544 quodam
1469 2489 1607 2547 responso
1636 2474 1767 2537 mittitur:

963 2570 1011 2627 'sed
1024 2568 1147 2642 ejusdem
1157 2569 1207 2626 viri
1221 2569 1347 2640 precibus
1358 2585 1400 2626 xx
1410 2570 1506 2627 diebus
1534 2570 1564 2626 in
1592 2586 1654 2628 uno
1668 2572 1727 2629 loeo
1738 2570 1768 2625 li-

962 2658 1036 2733 gitur
1051 2676 1059 2719 t
1073 2659 1171 2715 deinde
1181 2674 1282 2715 vacuus
1295 2658 1330 2715 ad
1343 2675 1436 2733 regem
1456 2660 1618 2717 revertitur.
1634 2662 1709 2718 Dum
1729 2659 1768 2717 illa

967 2762 1078 2805 causam
1091 2762 1176 2804 morra
1189 2747 1337 2819 inquireret
1359 2747 1398 2804 ait
1413 2767 1420 2805 ι
1435 2749 1469 2805 Et
1482 2748 1605 2816 tardavi,
1622 2757 1653 2806 et
1679 2750 1769 2823 imper·

964 2836 1034 2893 lecto
1063 2836 1174 2910 negotio
1202 2836 1341 2909 repedavi.
1360 2837 1432 2894 Nam
1455 2852 1520 2894 cnm
1548 2838 1621 2894 mihi
1637 2838 1768 2912 perillum

451 2923 568 2966 ⁰¹V1810·
963 2926 1127 2981 monachum
1152 2931 1226 2982 esset
1251 2925 1388 2993 transitus,
1409 2925 1583 2983 orationibus
1608 2926 1689 2983 illins
1715 2943 1767 2983 san

148 3013 240 3082 llulta,
256 3007 415 3076 charissimi,
444 3008 575 3063 habemus
603 3003 728 3077 exempla
754 3005 910 3077 quodmul-
964 3013 1119 3087 impeditus.
1134 3014 1257 3086 Cumque
1284 3014 1453 3088 prestolarer
1478 3014 1592 3072 silorte
1621 3017 1765 3074 cretionem

112 3118 170 3168 tum
184 3110 255 3167 valet
268 3105 422 3180 deprecatio
446 3103 513 3175 justi
536 3103 642 3160 assidua
670 3104 741 3173 (loc.
770 3105 811 3174 v).
841 3103 910 3158 Cum
964 3109 1061 3180 finirer,
1079 3112 1186 3168 mmihi
1210 3112 1347 3185 pmterire
1362 3113 1464 3178 liceret,
1477 3112 1525 3169 1110
1548 3110 1638 3170 finem
1654 3130 1710 3172 non
1728 3113 1764 3170 ἡ.

113 3207 230 3281 populus
244 3204 363 3278 quinque
388 3202 527 3262 civitatum
550 3200 691 3258 horrendis
711 3199 821 3274 flagitiis
840 3198 909 3256 iram
963 3201 1000 3258 cit
1013 3200 1150 3274 precibus,
1166 3208 1194 3256 et
1203 3216 1256 3274 ego
1278 3201 1348 3258 ultra
1367 3202 1407 3258 ire
1426 3216 1482 3258 non
1510 3201 1622 3270 valens,
1650 3216 1764 3262 reverse

114 3297 164 3354 Dei
178 3310 300 3369 superse
327 3297 509 3367 provocasset,
529 3290 665 3346 Abraham
689 3289 776 3346 Deum
803 3289 911 3362 rogavit
962 3306 1021 3346 sum
1036 3306 1150 3347 vacuus.
1168 3289 1291 3345 Julianus
1312 3297 1403 3345 autern
1429 3289 1593 3346 minabatur
1621 3292 1649 3348 ei
1672 3290 1763 3364 suppli·

113 3395 144 3442 ut
157 3386 196 3442 eis
216 3389 345 3457 parceret,
361 3381 383 3437 si
406 3380 500 3436 decem
521 3377 609 3449 justos
636 3378 706 3435 inter
735 3393 783 3435 eos
809 3378 912 3433 inveni·
962 3379 1045 3449 cium,
1060 3377 1175 3450 sedipse
1189 3395 1244 3434 ncn
1274 3379 1360 3435 multo
1375 3378 1525 3451 pcstbello
1540 3379 1663 3450 occisus,
1691 3379 1762 3437 subiit

114 3483 163 3532 ret.
180 3473 311 3529 Dominus
329 3477 419 3527 autem
442 3468 520 3535 dixit,
540 3467 563 3522 si
586 3467 680 3523 decem
705 3467 793 3537 justos
807 3467 834 3522 in
857 3466 910 3522 illis
962 3476 1102 3525 aetemum.
1121 3469 1226 3537 Penset,
1243 3484 1345 3539 quase,
1360 3467 1467 3525 dileeh‘c
1482 3478 1585 3537 restra,
1604 3478 1762 3541 quantumsc

116 3571 233 3642 quinque
256 3566 348 3640 regnis
369 3565 507 3637 reperiret,
529 3563 588 3619 aliis
615 3563 741 3618 omnibus
767 3562 837 3619 inter
863 3578 910 3619 eos
963 3566 1114 3623 dilataverit
1129 3564 1213 3636 hujus
1225 3565 1276 3622 viri
1303 3566 1397 3622 oratic.
1424 3568 1503 3622 Certe
1522 3566 1659 3624 diabolus
1685 3574 1760 3640 potest

115 3660 260 3717 dimitteret
277 3669 283 3727 ;
299 3656 409 3725 insuper
433 3652 492 3708 loca
505 3667 560 3707 non
578 3650 753 3707 subverteret.
770 3650 823 3706 Sed
846 3652 909 3722 quia
963 3657 1043 3712 etiam
1059 3672 1133 3711 mare
1142 3663 1316 3712 musmwe,
1327 3654 1381 3711 Sed
1389 3655 1473 3727 hujus
1486 3656 1579 3713 orario
1594 3659 1761 3714 mesussum'

114 3764 170 3805 non
197 3745 248 3802 nisi
275 3760 344 3799 unus
367 3742 456 3814 justus
483 3746 523 3796 est
546 3739 679 3809 inventus,
706 3739 750 3796 hie
770 3740 844 3796 selus
869 3746 910 3796 est
962 3745 996 3802 ad
1011 3744 1109 3801 eoelum
1123 3745 1264 3817 porrigens
1278 3745 1517 3817 transitumeiper
1545 3762 1616 3802 aera
1644 3746 1757 3812 inhibuit,

115 3853 230 3919 ereptus.
247 3839 399 3914 Pentapolis
417 3853 482 3896 vero
507 3854 568 3894 cum
594 3836 695 3909 populo
725 3838 788 3910 igne
816 3842 843 3892 et
859 3836 911 3893 sui·
961 3831 1125 3890 decmumse
1139 3831 1174 3888 ad
1189 3840 1287 3889 tantem
1300 3832 1448 3889 extendens
1473 3834 1648 3904 pertransire
1677 3835 1758 3908 prohi-

114 3939 379 4019 phuresubvertitm,
395 3944 421 3994 et
444 3934 597 4005 uxcrjusti,
621 3951 682 4006 quae
696 3950 758 3990 eum
777 3950 909 4007 corpora·
961 3930 1028 4001 buit,
1045 3930 1112 3986 lines
1139 3929 1212 3987 orbis
1232 3930 1355 4002 utrinque
1370 3930 1506 4003 attingens
1535 3931 1564 3986 in
1589 3939 1757 4002 nentrapuu

113 4036 173 4094 liter
185 4038 289 4090 tantum
299 4025 486 4093 comitabatur,
509 4040 570 4081 aum
585 4023 733 4080 Sodomitis
746 4030 836 4081 autem
851 4039 910 4080 mc·
962 4019 1130 4094 transfugam
1157 4018 1282 4091 spiritum
1298 4035 1315 4074 a
1333 4018 1430 4092 refuga
1452 4020 1568 4076 homine
1590 4019 1757 4096 pretergredi

111 4131 222 4190 fabatur
235 4134 335 4196 mente,
364 4124 392 4180 in
418 4130 533 4179 seruam
555 4121 620 4178 salis
639 4121 803 4180 convertitur
819 4122 904 4193 (Gen.
961 4109 1092 4184 permisit.
1108 4109 1142 4165 lit
1154 4124 1249 4165 revera
1262 4107 1306 4164 hic
1318 4109 1400 4165 homo
1415 4121 1517 4180 corpus
1531 4108 1688 4181 aliquando
1708 4109 1758 4166 dbc

113 4223 182 4291 xix).
197 4219 265 4274 ilinc
279 4216 358 4272 datur
379 4210 494 4286 intelligi
511 4209 583 4283 quod
607 4211 741 4283 justorum
768 4209 910 4269 cohabita·
961 4207 1096 4269 interdum
1109 4223 1206 4265 somne
1219 4205 1357 4264 reficiebat
1372 4220 1379 4276 ;
1395 4204 1444 4262 sed
1458 4213 1517 4264 tota
1541 4207 1666 4267 intentio
1684 4205 1759 4266 cordis

113 4321 151 4378 tic
161 4325 200 4376 est
211 4330 355 4391 pravorum
367 4313 396 4369 in
409 4313 460 4368 hac
472 4311 529 4368 vita
558 4311 740 4380 sustentatio„
768 4309 833 4366 dum
860 4324 911 4380 per
960 4315 1003 4372 sui
1016 4313 1099 4372 sicad
1113 4314 1199 4372 Deum
1207 4313 1312 4389 jugiter
1324 4311 1492 4372 ascendebat
1506 4313 1585 4387 quod
1600 4316 1694 4374 omnis
1701 4311 1758 4373 artic

112 4410 221 4468 illorum
234 4404 369 4462 crationes
382 4401 452 4458 ultra
464 4399 576 4456 dextera
590 4398 729 4469 liberatur,
758 4414 793 4455 ne
812 4412 905 4455 eorum
918 4426 947 4491 D
962 4405 1022 4476 ejus
1035 4404 1121 4462 orario
1135 4410 1203 4462 amr,

111 4496 242 4573 pravitas,
269 4498 299 4549 ut
320 4498 447 4557 meretur,
475 4487 564 4544 subito
591 4487 620 4544 iu
642 4487 820 4558 perditionem
837 4486 906 4542 suh·

111 4598 259 4667 mergatur.
274 4587 345 4644 Cum
358 4601 425 4642 vero
445 4583 512 4655 justi
526 4583 663 4654 tolluntur,
688 4600 753 4640 mox
782 4582 859 4657 impii
874 4582 909 4639 ad

111 4687 245 4741 tormenta
270 4675 411 4748 rapiuntur
425 4692 432 4730 :
448 4673 488 4729 sic
519 4671 639 4729 Sodoma
666 4672 745 4745 periit
766 4679 908 4745 postquam
997 4672 1163 4743 charissimi,
1178 4673 1343 4745 omneajusti
1357 4669 1477 4730 abinitic
1490 4671 1604 4742 mundi,
1617 4676 1666 4748 qni
1685 4689 1761 4751 regn

108 4776 161 4833 ‘Lot
186 4768 249 4826 iude
277 4764 351 4822 ufli-
376 4764 442 4820 Cum
460 4761 575 4834 ΡΟΙΜῙΠ5
589 4761 639 4817 ὓθῑ
662 4778 711 4834 per
737 4763 848 4834 M⁰l⁵0¹¹
875 4762 909 4819 de
962 4772 1024 4829 vite
1034 4779 1188 4829 meruerunt
1196 4769 1284 4829 beatae
1298 4771 1335 4827 ita
1344 4771 1446 4829 orando
1458 4770 1653 4830 obtinuerunt
1668 4773 1760 4832 Omnes

112 4864 228 4936 AEgyptc
249 4855 380 4920 educitur,
395 4852 430 4907 ab
453 4850 574 4908 hostibus
588 4850 616 4905 in
643 4851 688 4908 Via
702 4850 785 4907 armiss
798 4851 909 4908 inlidi·
962 4878 1079 4933 namque
1102 4859 1168 4931 justi
1188 4860 1302 4916 crationi
1329 4858 1461 4915 studuisse
1484 4859 1631 4934 leguntur,
1658 4870 1686 4920 et
1707 4861 1760 4918 idac

114 4972 165 5021 tur.
175 4962 284 5031 llcyses
297 4960 387 5011 autem
397 4950 424 5007 iu
452 4959 545 5007 mente
559 4950 677 5006 extensis
691 4950 816 5008 manibus
842 4966 909 5007 cra·
962 4976 1011 5033 pm
1038 4974 1092 5030 quo
1105 4966 1258 5025 oraverunt,
1283 4958 1364 5031 plene
1378 4959 1479 5033 gaudio
1508 4960 1596 5019 hodie
1625 4964 1760 5035 perdum

113 5052 170 5119 bat,
184 5057 212 5105 et
224 5046 306 5102 lsrael
316 5045 406 5099 hostes
419 5040 573 5111 superabat.
594 5038 623 5095 Si
636 5053 702 5095 vero
716 5040 821 5110 lloyses
851 5054 909 5093 ma·
961 5066 1013 5115 tm..
1030 5060 1123 5129 ltaque
1137 5065 1164 5114 εἰ
1179 5073 1228 5114 „05
1241 5056 1393 5130 frequente,
1413 5057 1531 5114 magoni
1560 5059 1759 5128 pneuma,

114 5164 164 5203 nus
177 5143 289 5210 remisit,
303 5138 413 5196 Amalec
426 5137 525 5194 devicit
545 5136 647 5209 (deod)
670 5135 750 5208 xvu).
769 5136 838 5193 ilinc
861 5152 909 5209 pa-
960 5163 1061 5212 utcum
1082 5155 1121 5210 ω
1142 5154 1252 5226 plenum
1266 5152 1395 5226 gaudium
1409 5151 1526 5224 adipisci
1552 5156 1708 5215 memus,
1734 5156 1761 5211 1,

114 5240 286 5314 tetqucdille
301 5235 431 5310 plusegit
444 5235 569 5308 precibus
583 5250 665 5305 quarn
679 5232 762 5290 arrnis
782 5232 906 5305 populus.
961 5244 1173 5301 nomineaurem
1194 5243 1257 5300 iesu
1279 5241 1520 5313 mapparum,
1550 5243 1690 5317 sim
1713 5258 1761 5301 nc·

113 5339 183 5395 Nam
216 5333 355 5391 victoriam
395 5331 511 5388 obtinuit
537 5331 649 5401 orando,
679 5345 761 5402 quam
792 5329 909 5402 populus
960 5341 1029 5390 strae
1069 5331 1191 5388 exaudiri
1229 5338 1367 5404 optamus.
1399 5331 1432 5387 in
1468 5330 1586 5389 nomine
1611 5334 1677 5393 iesu
1718 5333 1761 5389 Pa·

114 5433 225 5507 adipisci
238 5447 293 5488 non
306 5428 556 5503 valuitpugnando.
572 5428 703 5485 Similiter
716 5428 827 5485 Samuel
854 5429 908 5484 ho·
961 5437 1029 5487 trem
1045 5428 1227 5501 poscimus,si
1253 5435 1355 5484 tantmn
1370 5427 1470 5485 animae
1497 5429 1646 5503 maulia,
1661 5438 1689 5489 et
1713 5444 1763 5488 ccr-

112 5542 167 5594 stes
180 5529 306 5606 precibus
319 5524 428 5598 depulit,
446 5544 513 5600 quos
535 5528 669 5585 exereitus
696 5526 780 5585 armis
807 5526 908 5600 pellere
960 5527 1034 5601 poris
1054 5527 1205 5584 necessaria
1230 5526 1357 5598 petimus.
1389 5523 1508 5583 Orontes
1542 5542 1614 5586 varo
1637 5528 1761 5586 debonat

107 5632 169 5691 'ucn
183 5627 278 5707 potuit.
294 5621 411 5698 populus
424 5624 489 5680 olim
515 5640 531 5681 a
560 5625 621 5700 lega
645 5625 818 5684 etcultulter
833 5641 909 5683 aver·
959 5625 995 5682 de
1022 5625 1125 5682 meritis
1157 5623 1254 5681 noscis
1286 5621 1419 5696 diffidere,
1459 5622 1495 5681 da
1513 5624 1578 5699 elna
1609 5626 1760 5685 nuic*

114 5732 217 5791 tituat
231 5727 266 5787 ed
299 5718 478 5781 idololatriam
505 5723 679 5781 converitur.
722 5721 811 5794 Quem
845 5736 907 5782 cim
960 5723 1007 5783 dia
1033 5738 1206 5800 peramara,
1233 5722 1369 5798 qaiaipaa
1394 5722 1519 5783 dixit:-
1542 5724 1760 5787 anodiam·

113 2257 274 2330 supplicium
290 2256 401 2329 irrogat.
417 2255 467 2309 Per
486 2268 584 2325 panem
604 2265 712 2322 quoquc
725 2250 835 2317 l'ruetus,
865 2247 911 2319 qui

112 2372 184 2412 nunc
198 2355 227 2410 in
248 2351 333 2409 herba
359 2350 455 2422 surgit,
478 2348 609 2421 accipitur
623 2362 631 2416 3
646 2363 696 2419 per
718 2362 810 2415 ovum,
842 2344 912 2401 fetus

114 2442 272 2500 animalium
299 2438 457 2511 intelligitur
472 2452 479 2508 ;
495 2453 544 2509 per
570 2436 672 2509 piscem
699 2433 829 2506 quidquid
852 2434 911 2505 jam

115 2539 155 2589 est
168 2546 222 2602 quo
237 2528 350 2600 quisque
365 2526 480 2583 nutritur
495 2525 623 2580 innuitur.
648 2525 699 2580 Pro
709 2523 806 2594 quibus
832 2538 912 2595 cpcr·

116 2627 153 2677 tet
166 2617 309 2675 utdilectic
333 2622 422 2674 vestra
436 2630 531 2688 preces
556 2612 675 2671 Domine
690 2611 794 2679 tundat,
819 2619 913 2683 quate-

113 2725 165 2767 nus
182 2708 227 2766 hic
240 2723 256 2764 a
269 2704 360 2780 lapide
386 2702 536 2779 grandinis,
550 2718 567 2759 a
580 2709 704 2776 serpente
728 2700 910 2771 mortalitatis,

113 2815 130 2870 a
141 2797 282 2873 scorpione
296 2794 461 2868 tcmpmtatis
469 2791 611 2850 custodiat.

1298 4562 1417 4609 btmstc.
