3780 6038
173 263 225 320 879

739 252 910 316 venrant
928 248 1073 312 ananus
1091 249 1122 306 s.
1147 246 1261 307 nnasn
1584 196 1591 203 ’
1778 241 1823 295 an

149 440 153 449 .
176 383 291 455 ejicere,
309 381 402 450 procul
422 381 512 438 dubio·
527 384 653 455 pervenit
667 383 693 438 in
710 399 761 439 vos
777 398 892 455 regnum
908 379 967 445 Dei,
984 379 1011 439 Α
1025 376 1187 450 gnitionem,
1203 391 1262 431 earn
1277 371 1496 445 deprehendens,
1512 377 1609 442 postea
1623 368 1704 441 ligat.
1720 367 1824 437 sinope

65 472 69 477 ’
177 487 231 544 quo
245 469 412 526 subvertitur
435 487 550 542 regnum
573 471 686 537 diaboli,
715 487 777 527 cum
799 485 854 542 quo
876 477 902 525 ει
922 483 971 523 εεε

176 559 374 617 subvertimini.
402 560 526 632 Regnum
556 562 604 617 Dei
618 568 659 617 est
679 565 868 633 potestasque
882 556 972 614 domi-

178 656 277 704 nantur
304 647 380 719 impii
394 657 451 704 eta
473 647 599 705 fidelibus
628 656 821 705 secemnntur.
847 647 894 702 l'el
914 646 973 700 ita:

178 738 302 809 Regnum
325 736 374 792 Dei
396 736 440 793 vel
463 739 584 809 seipsum
612 737 758 811 significat,
776 737 810 792 dc
827 751 881 808 quo
906 733 973 789 alibi

177 833 261 892 dicit:
279 857 291 882 ε
309 833 433 906 Regnum
461 834 513 890 Dei
538 834 610 889 intra
625 850 675 891 vos
695 841 737 890 est
755 835 833 903 (Luc.
851 840 941 899 εεειις
961 853 972 879 a

181 932 207 979 ει
221 948 231 970 a
248 922 355 977 lledius
371 930 424 976 stat
438 921 510 978 inter
524 939 573 978 ros
597 938 676 994 quern
690 937 739 978 vos
753 920 864 977 nescitis
882 920 973 990 (loon.

179 1013 210 1083 ι).
228 1035 238 1060 v
258 1010 307 1067 l'el
323 1026 439 1083 regnum
465 1010 611 1082 Scriptura
627 1010 748 1065 ablatum
764 1008 865 1064 Judaeis
880 1015 906 1063 et
921 1016 975 1062 tra·

180 1109 265 1163 ditum
289 1108 379 1176 nobis,
407 1106 451 1164 vel
480 1123 595 1178 reguum
624 1106 755 1163 carlorum
779 1105 860 1178 qivaai
880 1104 974 1160 dicat:

180 1196 208 1252 Si
223 1197 250 1250 in
265 1196 360 1267 spiritu
385 1196 434 1251 Dei
456 1196 537 1265 ejicio
559 1196 704 1264 daemonia,
727 1195 787 1250 sine
805 1193 889 1249 dubio
904 1193 975 1248 scia-

182 1286 215 1341 tis
230 1284 332 1340 aditum
358 1283 437 1356 regni
458 1284 582 1341 coelestis
600 1282 765 1355 patefactum
784 1281 973 1339 credentibus.

181 1373 290 1447 Digitus
303 1372 355 1428 Dei
369 1381 410 1428 est
429 1388 509 1444 quem
531 1372 650 1428 confessi
673 1380 735 1427 sunt
748 1371 831 1444 blagi,
847 1370 893 1441 qui
907 1385 976 1425 con·

183 1471 224 1518 tra
252 1463 364 1532 ilnvsrn
394 1470 420 1514 et
447 1464 539 1517 Aaron
568 1460 648 1535 signa
672 1459 811 1516 iaciebant
838 1459 974 1515 dicentes.

184 1584 196 1609 a
214 1559 322 1631 Digitus
333 1559 381 1614 Dei
397 1566 440 1614 est
459 1559 511 1613 iste
539 1559 638 1628 (deod.
654 1561 725 1629 viu),
743 1583 754 1608 ι
772 1573 826 1630 quo
841 1565 867 1612 et
881 1557 979 1612 tabulae

181 1649 296 1720 lapidem
322 1647 432 1717 scripta>
458 1655 520 1701 sunt
547 1648 574 1702 in
593 1656 686 1703 monte
714 1648 789 1703 Sina.
818 1646 881 1716 lpse
903 1647 976 1701 enim

184 1737 293 1809 scripsit
324 1736 369 1808 qui
385 1735 527 1791 scribenda
543 1736 667 1791 dictavit.
687 1738 781 1792 Darius
797 1744 821 1790 ει
834 1734 977 1790 brachium
991 1719 1018 1780 Β

185 1836 235 1892 Dei
252 1835 334 1889 Filius
354 1835 413 1902 ejus
436 1842 488 1898 est,
514 1842 537 1888 ει
562 1833 663 1904 digitus
684 1835 747 1904 ejus
772 1835 889 1905 Spiritus
911 1847 978 1886 san·

183 1936 256 1982 ctus.
285 1922 336 1990 Qui
360 1922 461 1994 digitus
488 1921 586 1978 dicitnr
605 1931 717 1992 proptor
740 1922 912 1988 partitionem
926 1921 977 1976 do-

183 2029 281 2068 noruur
318 2011 365 2081 qui
401 2010 429 2065 in
462 2026 495 2065 eo
523 2010 636 2076 dantur,
667 2008 812 2082 unicuique
849 2009 978 2080 propria,

180 2111 240 2167 sive
253 2110 403 2172 baratinam,
420 2107 477 2162 sive
490 2107 660 2178 augelorum.
673 2106 702 2160 la
717 2107 798 2164 nullis
812 2108 882 2162 enim
898 2121 981 2161 mem·

183 2199 239 2253 bris
253 2206 368 2268 apparet
383 2195 471 2266 arogis
500 2195 609 2266 partitio
634 2210 716 2266 quam
746 2194 773 2249 in
796 2195 901 2267 digitis.
921 2194 980 2250 Sic·

182 2293 211 2342 ει
226 2292 314 2340 εειειε
343 2284 442 2356 digitus
469 2299 531 2339 cum
560 2299 641 2337 mann
664 2284 706 2339 vel
730 2283 861 2346 braclviu;
881 2299 979 2338 manus

181 2389 246 2431 vero
261 2372 307 2428 vel
322 2371 462 2427 braclrium
483 2386 547 2428 cum
572 2387 685 2442 corrrore
706 2389 788 2428 unum
808 2381 871 2427 sunt
884 2373 911 2426 in
928 2386 979 2427 ns-

182 2477 251 2534 tura‚
267 2467 304 2523 ita
317 2469 406 2531 Pater,
435 2476 461 2523 et
490 2467 584 2536 Filius,
602 2477 628 2523 et
644 2468 760 2539 Spiritus
788 2475 908 2533 sanctus,
925 2475 980 2524 tres

182 2557 296 2630 quidem
313 2564 376 2611 sunt
390 2572 526 2627 personas,
549 2572 603 2611 una
624 2565 715 2613 autern
736 2557 886 2612 substantia
908 2557 979 2613 diri·

146 2676 150 2681 ·
182 2645 286 2702 nitatis.
307 2644 392 2718 Digiti
407 2659 477 2700 vero
492 2644 542 2700 Dei
558 2644 698 2716 pluraliter
719 2646 807 2701 sancti
822 2646 980 2718 intelligan-

184 2743 228 2790 tur
240 2734 391 2806 propiretae,
421 2750 470 2806 per
491 2749 561 2806 quos
581 2734 698 2806 Spiritus
713 2745 824 2791 sanctus
839 2735 924 2791 libros
938 2735 980 2791 le-

183 2823 275 2895 gisae
298 2821 490 2893 prophetarum
514 2836 564 2877 εεε
588 2822 766 2893 inspiratione
784 2822 927 2879 describit.
939 2824 980 2879 De

183 2919 318 2994 quibuain
333 2918 439 2989 psalmo
449 2918 582 2990 scriptam
594 2926 635 2974 εει
650 2937 656 2974 :
671 2943 682 2968 ι
697 2920 801 2976 Videbu
814 2920 896 2976 caelos
908 2929 979 2990 tuos,

183 3024 269 3082 opera
296 3008 443 3081 digitorum
473 3016 580 3063 tuorum
606 3009 699 3075 (Prot.
718 3011 787 3079 vvir).
805 3032 816 3058 v
831 3010 882 3065 Per
896 3010 981 3066 ooelns

183 3099 256 3154 enim
268 3096 353 3152 libros
367 3095 437 3168 legis
451 3111 485 3151 ac
506 3098 712 3167 prophetarum,
733 3114 784 3169 per
799 3097 899 3171 digitus
913 3115 980 3154 vero
996 3073 1020 3140 C
1034 3057 1053 3113 ⁸

185 3193 304 3252 sanctos,
331 3193 359 3241 ut
382 3185 485 3242 dictum
516 3192 568 3250 est,
593 3186 740 3257 propbetas
769 3185 887 3258 mystice
911 3186 980 3243 insi-

183 3281 290 3340 nuavit.

222 3412 234 3438 e
250 3392 304 3445 Aut
316 3387 454 3460 quomodo
467 3388 707 3460 potestquisquam
717 3390 820 3447 intrare
834 3391 861 3446 in
872 3391 981 3448 domurn

186 3477 273 3542 tortis,
290 3484 317 3531 et
328 3491 395 3530 vasa
404 3477 467 3544 ejus
476 3476 600 3546 diripere
609 3478 635 3531 in
647 3479 746 3549 quibus
757 3478 983 3547 confidebat,nisi

187 3565 262 3638 prius
276 3563 430 3635 alligaverit
444 3565 554 3630 fortem,
576 3572 604 3620 ει
629 3573 692 3622 ιεεε
706 3567 817 3622 demum
832 3583 897 3624 vasa
912 3568 984 3623 illius

185 3662 340 3734 diripiant»
358 3660 482 3717 Ostendit
492 3660 626 3718 Dominus
635 3679 684 3733 per
694 3664 985 3736 manifestamparsbo

186 3752 253 3821 lam,
269 3751 332 3823 quia
347 3750 443 3806 virtute
453 3749 736 3808 divinitatislromioes
747 3768 763 3808 s
773 3752 908 3810 demonio
918 3755 985 3810 libe·

186 3858 293 3906 rantur.
309 3846 397 3903 Fortis
411 3854 452 3903 est
466 3846 606 3916 diabolus,
622 3849 724 3905 domus
736 3849 948 3917 illiusmundus‚
957 3851 984 3908 in

186 3938 308 4009 maligno
317 3937 419 4009 positus
434 3934 460 3990 in
476 3951 530 4008 quo
541 3938 670 4008 usquead
682 3937 828 3995 adventum
840 3939 986 3996 Salvatoris

186 4037 264 4111 quasi
288 4045 384 4106 pacato
407 4033 522 4107 imperio
541 4033 603 4091 sine
618 4037 834 4093 contradictione
858 4036 985 4110 quiesce·

1025 482 1056 521 re
1070 465 1210 531 cohibens,
1233 463 1332 519 deinde
1355 459 1487 533 flagellat,
1503 459 1567 532 quia
1589 472 1697 530 pravus
1717 457 1825 512 edesius

1027 553 1104 626 quasi
1120 553 1196 608 duris
1210 551 1371 624 quibusdam
1383 547 1502 622 flagellis
1511 547 1638 613 caditur,
1657 544 1826 618 quandoper

1028 651 1146 706 stadium
1161 649 1312 721 disciplinae
1326 648 1361 703 ab
1383 661 1416 703 eo
1443 646 1516 718 qrred
1530 645 1637 717 appetit
1653 641 1823 698 refrenatur.

1027 739 1187 796 Novissime
1201 738 1279 810 quasi
1296 736 1427 793 membris
1440 734 1468 789 in
1483 749 1592 791 crucem
1607 731 1735 789 extensis
1749 738 1776 786 et
1789 729 1829 785 di-

1027 836 1097 893 visis
1111 851 1128 891 a
1141 852 1174 892 se
1187 834 1272 892 claris
1287 832 1443 906 configitur,
1459 830 1571 905 quando
1586 829 1687 886 divisis
1701 843 1719 885 ε
1734 842 1767 883 aa
1791 828 1829 884 ri-

1028 935 1073 990 tiis
1097 933 1194 990 timore
1214 931 1263 988 Dei
1297 931 1404 987 enimus
1427 931 1598 1001 penetretur.
1619 924 1831 996 Quandosimul

1029 1031 1091 1078 sunt
1107 1021 1180 1092 vitia,
1197 1021 1309 1077 tortiora
1320 1026 1393 1088 sunt,
1421 1033 1482 1090 quse
1511 1017 1547 1072 ab
1574 1016 1712 1072 alterutro
1729 1030 1762 1070 se
1775 1030 1833 1070 tnu-

1029 1112 1116 1176 ninnt,
1142 1117 1171 1166 ut
1198 1108 1264 1181 gula
1291 1108 1438 1175 luxuriam,
1462 1121 1560 1178 pompa
1584 1103 1763 1176 superbiam,
1781 1111 1830 1160 etc.

1030 1199 1127 1256 Diride
1141 1197 1186 1254 iila
1201 1207 1228 1254 et
1241 1198 1277 1253 ab
1296 1197 1412 1252 invicem
1426 1194 1565 1266 disjunge.
1582 1201 1609 1250 et
1625 1192 1669 1250 sic
1684 1190 1797 1264 conlige
1810 1193 1835 1247 ti·

1030 1311 1105 1352 more
1120 1295 1170 1351 Dei
1184 1310 1285 1352 carnes
1295 1301 1365 1359 taras,
1383 1301 1409 1349 et
1424 1291 1524 1348 malitia
1535 1291 1562 1346 iu
1573 1299 1601 1347 te
1615 1289 1768 1346 moriatur.
1778 1289 1835 1344 Non

1032 1398 1123 1449 autem
1139 1391 1248 1448 mireris
1263 1390 1285 1446 si
1297 1389 1429 1462 sapientia
1442 1387 1553 1444 malitias
1564 1387 1633 1444 iacit
1648 1387 1754 1460 quoda
1766 1383 1835 1441 mali

1032 1483 1067 1537 tia
1083 1483 1143 1551 ipsa
1158 1497 1236 1552 prins
1249 1479 1389 1534 sustinuit.
1418 1478 1495 1533 Prius
1517 1476 1623 1532 malitia
1638 1473 1780 1532 crucifixit
1792 1489 1835 1530 ss·

1031 1569 1180 1642 pientiam3
1197 1576 1293 1640 postea
1308 1567 1439 1639 sapientia
1454 1564 1608 1638 praevalena
1625 1563 1767 1622 crucifixit
1781 1579 1835 1618 naa·

1031 1659 1130 1714 titiam.

1072 1789 1083 1814 ι
1101 1764 1154 1833 Qui
1169 1780 1222 1819 non
1238 1772 1281 1819 ost
1295 1778 1401 1820 mecum
1425 1770 1466 1818 εει
1483 1770 1580 1818 contra
1595 1776 1641 1816 me
1654 1775 1662 1829 ;
1680 1767 1709 1816 et
1724 1758 1773 1832 qui
1786 1774 1834 1814 non

1033 1862 1184 1925 congregat
1202 1869 1318 1915 meeum,
1330 1851 1449 1924 spargit.
1468 1875 1479 1900 ι
1494 1852 1551 1907 lloc
1562 1856 1774 1922 consequenter
1787 1862 1834 1903 nou

1032 1950 1067 2004 ad
1079 1949 1230 2013 haereticos,
1242 1947 1290 2003 scd
1304 1948 1338 2002 ad
1354 1946 1492 2001 diabolum
1507 1945 1640 2011 retertur,
1656 1945 1743 2014 cujus
1758 1957 1834 2014 opera

1034 2037 1182 2093 salvatoris
1196 2035 1327 2108 operibus
1350 2034 1505 2106 comparari
1529 2041 1683 2107 nequeunt.
1701 2033 1754 2089 ille
1768 2032 1834 2088 enirn

1033 2126 1107 2197 cupit
1131 2126 1236 2181 animas
1259 2125 1400 2180 bominum
1427 2131 1523 2179 tenere
1550 2122 1676 2194 captivas
1693 2137 1769 2194 quas
1783 2122 1834 2176 Do·

1033 2216 1123 2272 minus
1138 2215 1247 2270 liberat.
1267 2213 1316 2268 llle
1331 2213 1411 2267 trabit
1425 2212 1459 2267 ad
1476 2212 1550 2275 ritis.
1568 2211 1711 2267 Dominus
1727 2215 1835 2266 rerocat

1033 2313 1068 2369 ad
1079 2312 1204 2367 virtutes.
1214 2309 1357 2379 Quomodo
1366 2323 1433 2380 ergo
1442 2307 1611 2364 concordent
1623 2323 1748 2379 quorum
1757 2322 1835 2379 opert

1034 2400 1123 2456 divisa
1138 2397 1285 2467 sunttQui
1300 2412 1356 2452 non
1376 2395 1490 2467 colligit,
1504 2395 1557 2452 boc
1572 2403 1614 2450 est
1634 2394 1683 2466 qui
1698 2410 1757 2451 non
1775 2411 1834 2450 ron·

1033 2496 1131 2563 gregat
1146 2503 1213 2542 oves
1228 2501 1301 2541 meas
1325 2500 1444 2551 mecum,
1465 2483 1610 2557 dispergit,
1629 2485 1684 2540 boc
1701 2492 1747 2540 εει
1761 2482 1835 2539 dissi·

1033 2594 1080 2658 pat
1095 2601 1143 2641 eas
1159 2601 1174 2639 a
1189 2592 1257 2641 caetn
1270 2582 1403 2639 iidelium.
1420 2582 1470 2639 llic
1485 2581 1615 2646 insinuat,
1633 2581 1702 2653 quia
1717 2595 1774 2637 non
1787 2581 1833 2636 bt·

1034 2676 1102 2732 bens
1118 2673 1244 2746 Spiritum
1260 2680 1392 2736 sanctum,
1409 2669 1454 2742 qui
1470 2687 1524 2726 uon
1535 2686 1596 2725 cnm
1613 2668 1834 2744 illocougregat,

1034 2772 1173 2846 quomodo
1188 2785 1309 2842 unquam
1323 2768 1374 2824 snb
1390 2769 1450 2837 ejns
1465 2766 1575 2824 nomine
1589 2766 1831 2841 congregatillic

1037 2862 1149 2918 omnino
1175 2876 1225 2915 nos
1254 2857 1384 2930 compulit
1407 2855 1560 2926 intelligere
1583 2872 1640 2912 non
1666 2855 1735 2912 aiibi
1759 2870 1835 2928 posse

1036 2950 1093 3007 fieri
1117 2948 1308 3005 remissionem
1337 2954 1510 3018 peccatorum
1534 2944 1587 3000 nisi
1609 2945 1638 3001 in
1654 2944 1759 3002 Christi
1772 2959 1835 3002 cen·

1056 3039 1193 3111 regatione
1209 3053 1269 3110 quae
1284 3050 1337 3092 non
1354 3035 1470 3108 spargit.

1074 3171 1084 3194 υ
1102 3145 1171 3200 Cum
1186 3143 1342 3198 immundus
1357 3141 1469 3214 spiritus
1483 3140 1581 3211 exierit
1596 3139 1633 3195 ab
1647 3139 1774 3208 homins,
1789 3155 1837 3196 ans

1035 3234 1111 3290 balat
1121 3250 1170 3305 per
1180 3232 1238 3289 ioca
1247 3231 1325 3288 arida
1334 3246 1458 3301 quaereus
1466 3229 1698 3301 requiemetnon
1708 3229 1834 3286 invenit·

1037 3325 1154 3380 Possunt
1170 3322 1228 3378 hac
1243 3336 1296 3377 non
1321 3318 1544 3377 inconvenienter
1562 3317 1653 3390 accipi
1667 3317 1705 3374 de
1721 3317 1836 3391 quolibet

1038 3421 1169 3477 lraeretioo
1182 3419 1224 3476 vel
1239 3417 1423 3484 schismatico,
1441 3415 1482 3473 vel
1497 3416 1576 3472 etiarn
1593 3414 1667 3473 malo
1684 3416 1832 3473 Catholieu.

1038 3511 1078 3567 De
1093 3524 1147 3582 quo
1160 3525 1222 3564 cum
1245 3515 1368 3578 tempore
1392 3505 1566 3578 baptismatis
1591 3505 1710 3578 spiritus
1724 3505 1837 3561 immau-

1037 3600 1090 3655 dns
1117 3597 1211 3655 exierit
1239 3597 1363 3652 ambulat
1393 3611 1444 3667 per
1480 3596 1541 3652 loca
1567 3594 1721 3666 inaquosa,
1750 3594 1837 3650 idest

1038 3696 1137 3754 circuit
1165 3695 1250 3753 corda
1277 3693 1397 3751 tideiium
1423 3692 1739 3765 expurgataamollitie
1765 3692 1837 3749 luae

1039 3783 1224 3859 cogitationis.
1245 3782 1375 3854 Requiem
1401 3781 1496 3854 quaerit
1517 3789 1543 3836 ct
1567 3795 1622 3837 non
1646 3779 1766 3849 invenit,
1782 3779 1838 3854 quit

1039 3883 1128 3933 castas
1143 3881 1249 3929 mentes
1264 3871 1417 3927 inhabitare
1439 3884 1492 3925 εεε
1515 3875 1615 3940 ρειεει,
1632 3884 1687 3926 εεε
1702 3870 1837 3944 quiescere

1040 3970 1093 4028 nisi
1108 3971 1134 4027 in
1149 3984 1234 4043 pravo
1250 3968 1341 4025 corde.
1364 3966 1445 4025 Unde
1466 3964 1598 4022 Dominus
1614 3964 1651 4021 de
1665 3965 1718 4022 illo
1733 3965 1837 4040 inquit:

1079 4084 1089 4109 ι
1103 4058 1160 4116 Sub
1169 4059 1263 4114 umbra
1274 4056 1384 4123 dormit,
1399 4055 1426 4111 in
1439 4060 1548 4111 secreto
1558 4051 1659 4111 calami
1670 4061 1702 4111 et
1712 4055 1785 4112 locis
1796 4055 1838 4110 bu·

188 4127 246 4180 bat.
265 4125 342 4181 Unde
357 4124 490 4180 Dominus
507 4144 514 4183 :
531 4146 543 4173 ι
561 4124 644 4180 Venit
654 4124 784 4198 princeps
799 4126 894 4181 mundi
905 4126 987 4197 hujus
1041 4149 1177 4207 ,negligus
1194 4147 1261 4215 (gog.
1278 4147 1333 4218 u),
1351 4168 1361 4194 .,
1379 4145 1409 4200 1„
1429 4143 1525 4200 umbra
1547 4142 1667 4198 {minem
1683 4143 1839 4201 1020me

189 4230 216 4279 ε
230 4222 257 4276 n
272 4221 477 4321 maroniano
497 4224 646 4323 quidquam
670 4223 845 4293 (Jove-xvv·
865 4225 925 4280 ·Et
940 4224 989 4281 ite
1041 4237 1243 4300 conscientiam
1266 4235 1293 4290 ra
1315 4233 1422 4291 ntimo
1442 4231 1488 4305 qur
1516 4230 1581 4288 roes
1609 4237 1654 4287 en
1680 4232 1840 4301 arnano

188 4326 267 4366 ram:
285 4330 296 4361 r
313 4311 393 4365 Nunc
416 4326 542 4383 princeps
562 4312 643 4380 buras
660 4311 754 4366 mundi
769 4312 894 4381 ejicietur
912 4312 988 4369 f⁰l⁸⁸
1041 4338 1115 4393 intus
1128 4352 1230 4392 vacuus
1245 4341 1296 4398 est,
1312 4341 1419 4390 mentes
1439 4329 1644 4401 simulatrices;
1661 4330 1692 4387 in
1707 4331 1779 4389 locis
1792 4331 1840 4386 bu·

189 4408 281 4478 imit·
311 4407 372 4476 ¹¹¹)·
397 4429 406 4455 ⁴
436 4407 541 4465 F⁰l¹i⁰s
568 4408 616 4464 5¹¹⁰
631 4407 679 4463 suli
707 4409 766 4480 59⁸0
790 4409 922 4466 ⁰⁰¹¹¹i¹¹l¹⁸
937 4410 984 4484 (lui
1000 4434 1026 4496 D
1041 4427 1177 4483 mentibus
1192 4423 1308 4480 lascivas
1323 4430 1349 4478 et
1364 4420 1469 4478 molles.
1485 4419 1562 4477 Tunc
1577 4418 1668 4477 dicit:
1690 4420 1841 4479 allevetis?

191 4519 266 4561 arma
281 4504 341 4572 ejns
355 4504 475 4572 abstulit,
505 4506 532 4561 id
548 4515 589 4561 est
604 4505 715 4561 astutias
740 4513 766 4561 et
791 4506 868 4563 dolos
888 4508 986 4580 nequi·
1042 4517 1069 4572 jn
1084 4515 1194 4572 domum
1212 4528 1300 4569 meam
1325 4511 1398 4568 unde
1419 4508 1530 4566 exivi«
1556 4507 1697 4566 Revertar
1716 4510 1753 4567 ad
1776 4509 1841 4566 illins

190 4594 235 4650 tiae
249 4591 391 4664 spiritalis.
407 4593 439 4647 in
464 4593 504 4650 sio
526 4594 672 4649 adimendo
692 4601 855 4665 potestatem
871 4611 888 4652 a
903 4597 987 4653 sedu·
1041 4614 1248 4674 conscientiam,
1277 4612 1351 4668 unde
1375 4610 1403 4665 in
1430 4607 1566 4680 baptismo
1593 4607 1706 4678 ejectus
1734 4608 1841 4674 mmm,

190 4683 280 4740 ctione
295 4679 445 4736 electorum
461 4697 639 4754 compescere
660 4683 761 4755 coegit,
778 4684 849 4756 quod
866 4684 914 4740 luit
928 4685 987 4741 alii·
1042 4713 1069 4762 gg
1093 4703 1233 4776 pristinam
1260 4699 1463 4775 possessionem
1486 4703 1619 4754 consueto
1655 4697 1743 4757 modo
1782 4694 1844 4755 mini

189 4795 254 4855 gare
268 4778 377 4834 iontem.
405 4777 498 4849 Spolia
521 4796 570 4835 seu
593 4795 664 4835 vasa
688 4788 750 4835 snnt
764 4781 889 4838 homines
905 4783 940 4838 ab
955 4798 988 4840 ee
1043 4792 1197 4865 subjiciam,

188 4867 308 4940 decepti,
324 4882 386 4939 quaa
400 4866 488 4924 victor
502 4868 625 4925 Christus
640 4868 787 4924 distribuit.
804 4867 883 4938 Quod
898 4879 938 4927 εει
953 4871 989 4926 ἰε·
1081 4924 1092 4949 a
1109 4901 1143 4956 E,
1158 4897 1269 4955 venien,
1280 4895 1383 4952 inveni,
1393 4901 1534 4952 ,mntem
1545 4890 1639 4964 ,copis
1650 4893 1844 4950 mundaum

190 4971 269 5041 Sitne
284 4965 484 5036 triumphanti&
507 4967 571 5039 ‘illl
595 4967 730 5038 captivam
752 4966 856 5023 ⁶⁰⁰0⁰⁸
871 4968 989 5040 mulli·
1042 4997 1183 5047 ornatam.
1205 5010 1215 5036 a
1232 4987 1391 5050 vocantem,
1408 4983 1514 5040 scilicet
1536 4997 1554 5037 a
1577 4981 1660 5038 bonis
1674 4982 1785 5039 actibus
1799 4994 1844 5054 per

192 5074 274 5122 tatem
288 5063 363 5119 dedii
377 5061 447 5118 dona
468 5064 623 5120 hominibus
652 5065 762 5132 (fidim-
785 5065 987 5137 ¹Vqu110⁸d8m
1043 5077 1249 5151 negligentiam,
1276 5073 1432 5129 mundatam
1455 5070 1557 5128 avitiis
1585 5070 1715 5142 pristinis
1733 5087 1783 5142 per
1796 5070 1844 5126 bt·

192 5152 340 5225 npostolos,
366 5155 435 5211 alios
464 5153 658 5226 evangelistas,
675 5154 726 5207 bos
746 5154 989 5225 prophetantibus
1044 5167 1134 5240 prismi
1162 5165 1287 5237 gratiam,
1316 5170 1441 5219 ornatam
1470 5158 1601 5217 simulatis
1627 5159 1778 5217 virtutibus
1800 5173 1845 5233 per

189 5260 312 5322 pastores
327 5252 457 5308 ordinans
471 5258 498 5307 et
511 5251 650 5306 doctores.
672 5250 760 5306 Fortis
784 5266 854 5323 ergo
877 5253 989 5309 domum
1043 5254 1222 5330 hypocrisim.

189 5340 237 5396 tait
252 5339 380 5410 diripere,
397 5348 532 5411 ereptosa
548 5339 659 5395 diabolo
672 5339 806 5396 Ecclesia
816 5339 947 5404 adunare,
964 5351 991 5399 et
1082 5368 1092 5393 a
1109 5345 1186 5400 Tunc
1204 5341 1279 5400 vadit
1293 5348 1318 5396 et
1333 5339 1445 5395 assumit
1461 5344 1565 5410 septem
1579 5334 1649 5393 alios
1664 5336 1782 5407 spiritns
1797 5350 1845 5392 εε-

188 5451 238 5509 per
252 5435 689 5508 distinctasgraduumdignitates
700 5451 876 5506 promerere.
889 5439 990 5496 dtrium
1044 5435 1155 5509 quiores
1170 5449 1211 5499 se,
1227 5436 1254 5488 et
1268 5429 1400 5487 intrantes
1428 5427 1548 5483 habitant
1571 5424 1621 5481 ibi.
1640 5449 1652 5476 ε
1671 5426 1730 5483 Ρεε
1742 5433 1845 5499 septen

191 5525 263 5597 qnod
280 5524 357 5580 tortis
372 5531 492 5579 armatas
507 5525 637 5591 custodit,
660 5532 699 5579 εει
718 5541 782 5593 εεε;
807 5524 883 5582 sortis
898 5544 991 5585 arma·
1045 5532 1156 5605 spiritus
1179 5530 1305 5585 universa
1328 5526 1392 5583 vitia
1407 5525 1532 5598 designat
1556 5538 1619 5597 quos
1633 5522 1737 5582 merito
1748 5506 1844 5582 dicuu-

182 5623 227 5670 tus
239 5613 367 5685 malitia;
384 5612 484 5669 tortior
504 5612 713 5684 superveniens,
742 5614 882 5688 sapienta3
903 5633 990 5690 arma,
1045 5638 1088 5686 vu,
1102 5627 1232 5700 aequm
1245 5625 1356 5682 diabolo
1371 5621 1576 5696 comparatione
1589 5619 1696 5695 priori,
1709 5619 1851 5678 ῐῃωῑιμ.

161 5712 309 5772 membra.
329 5712 482 5793 sapiontia
496 5711 623 5793 primum
640 5712 774 5773 malitiam
795 5715 871 5790 capit
885 5731 935 5793 per
950 5732 1002 5778 co·
1054 5717 1154 5780 ironis.
1174 5714 1245 5773 tun
1258 5714 1332 5769 eriam
1352 5712 1476 5767 diabatae
1483 5709 1576 5767 malus
1599 5708 1638 5769 sit
1650 5715 1680 5768 et
1693 5708 1785 5771 nica
1802 5698 1862 5766 tr····'
