3780 6038
209 174 277 227 11119
774 176 943 233 WERNElll
972 178 1114 237 hbbdlls
1143 181 1171 237 S.
1192 183 1309 271 Ι111ιί511
1810 198 1863 252 llil

209 303 289 351 tatem
318 301 427 362 exeunt,
456 296 564 367 quando
593 298 774 369 corporalium
803 299 1009 371 imaginationi·
1025 304 1050 363 Α
1065 306 1216 375 prehendit.
1233 308 1424 381 l’loratitaque
1440 312 1587 382 quiaintra
1608 321 1671 371 tarn
1698 314 1788 373 breve
1808 336 1860 391 spa·

206 384 256 438 bus
271 384 454 439 delectationis
469 402 561 457 pravae
576 403 625 441 usu
649 387 787 458 impressis
815 389 951 445 obvolutas
981 398 1008 445 ct
1062 401 1126 456 tiana
1142 404 1279 473 acquirere
1294 407 1380 478 potuit
1399 410 1520 465 omnium
1551 411 1682 468 laetitiam
1702 416 1861 476 saeculorun.

205 473 450 528 involutaeercunt.
466 473 612 542 Quaerere
641 476 684 531 hic
707 486 847 533 manentes
871 477 906 532 ab
930 479 1006 549 ejus·
1060 490 1242 547 Dqthterjam
1258 510 1286 549 50
1301 504 1480 569 propagatam
1508 498 1604 555 brevis
1635 500 1773 560 illicebrae
1800 508 1860 562 vola

206 571 279 626 modi
290 571 468 627 delectoribus
484 581 510 627 et
534 574 727 645 cogitationum
752 576 890 648 plantasiis
925 593 1007 632 mun·
1060 588 1160 651 ptatem
1171 582 1380 640 inenarrabilem
1404 596 1543 658 perpatuae
1571 591 1725 647 suavitatis
1752 596 1858 654 amisisse

209 660 272 715 0000
296 675 371 716 0000
398 661 549 733 0050000000
572 663 711 732 50000001,
741 665 796 720 1000
824 666 1004 737 0050000001(
1060 680 1238 738 dulcedinem.
1256 684 1404 754 Erubescit,
1421 688 1616 761 quiapropter
1646 690 1727 748 illam
1755 695 1859 753 substm

204 757 345 820 postquam
361 750 549 820 0000110000οὅ
572 768 687 824 0110000οἒ
714 752 823 815 1000101(
851 768 961 824 0030000
978 754 1006 809 00
1060 769 1133 837 tiam,
1155 789 1215 842 quae
1237 774 1373 830 vermibus
1398 783 1455 832 erat
1478 776 1615 850 obnoxia,
1648 780 1729 837 illam
1754 785 1858 857 neglexit

204 846 244 900 eis
270 853 295 901 et
320 854 451 902 tormenta
478 863 531 903 non
560 849 788 919 sentiunttquod
816 849 844 904 in
866 851 918 905 boc
946 849 1005 923 ipso
1059 875 1119 928 quae
1142 861 1230 916 choris
1256 870 1313 918 erat
1341 864 1471 937 angelicis
1501 865 1664 923 inferenda.
1695 870 1759 926 Jarn
1782 873 1857 932 radias

204 933 404 1007 0000000010οῡ
439 935 627 1006 0011000000οθ
663 938 790 1006 00100001,
832 938 895 1009 quia
937 939 1004 1009 nihil
1058 958 1156 1013 mentis
1168 959 1274 1026 attollit,
1291 967 1317 1016 et
1331 977 1391 1017 curn
1408 961 1564 1019 divitiarum
1585 964 1791 1024 immortalium
1810 973 1857 1044 glo

203 1039 284 1095 poena
298 1023 409 1096 dignum
421 1040 512 1080 secum
529 1025 628 1080 serunt·
1056 1046 1125 1101 riam
1140 1048 1336 1119 contemplatur
1356 1067 1427 1120 earn,
1453 1060 1567 1124 propter
1595 1055 1669 1112 vitae
1699 1058 1783 1128 hujus
1806 1060 1855 1116 inc·

202 1139 241 1194 Dc
254 1142 353 1205 morte,
370 1141 400 1193 ct
416 1137 484 1212 quid
498 1140 635 1206 elimare,
649 1144 678 1196 ct
694 1139 728 1195 de
749 1141 839 1196 tribur
854 1140 1004 1213 peceribus
1056 1134 1129 1206 101000
1144 1136 1293 1207 perdidisse
1320 1139 1501 1195 contunditur.
1533 1142 1668 1213 0000000
1697 1145 1751 1201 ⁵¹¹¹)
1775 1164 1801 1203 00
1820 1165 1855 1206 00·

540 1238 656 1293 mortis.
1056 1231 1284 1290 ssectitoculosad
1300 1235 1379 1305 hujus
1402 1237 1496 1293 mundi
1526 1241 1693 1298 convallem
1725 1251 1857 1318 leuemque

237 1351 309 1405 mom
332 1350 403 1405 dicta
426 1358 476 1418 est,
503 1351 576 1421 quod
603 1351 637 1406 si,
664 1368 767 1415 amam·
797 1353 841 1409 vel
869 1370 884 1408 a
912 1369 1002 1409 morsu
1056 1319 1209 1419 caliginem,
1234 1340 1315 1422 super
1340 1341 1369 1380 se
1396 1342 1460 1381 vero
1489 1327 1610 1428 miratur
1636 1332 1737 1387 aeterni
1766 1334 1857 1391 luminis

201 1439 733 1510 primihominisappenmanlqamcum
762 1441 865 1513 primus
893 1444 1002 1499 humani
1054 1409 1212 1480 claritatem,
1228 1412 1330 1482 liquido
1344 1413 1522 1483 deprehendit
1537 1433 1605 1486 quaa
1622 1434 1685 1475 nox
1705 1430 1764 1478 sset
1785 1433 1809 1477 et
1831 1434 1857 1479 te

201 1527 308 1599 generis
322 1544 419 1599 parens
448 1528 555 1600 lignum
578 1529 687 1585 vetitum
716 1546 765 1601 per
790 1531 1001 1587 inobedientiam
1053 1507 1145 1563 ”ehsae
1160 1509 1231 1608 0000
1246 1509 1356 1609 0000000
1377 1510 1436 1566 050
1451 1512 1613 1571 redivivum
1625 1518 1859 1618 00000000Ρῦ000·

200 1626 323 1698 contigit,
339 1642 388 1697 per
402 1642 521 1681 morsum
542 1636 655 1683 mortem
685 1627 795 1683 incurrit
823 1628 907 1699 (Gen.
939 1632 993 1700 ιιι).
1054 1612 1104 1667 pus
1118 1613 1215 1652 mmm
1229 1606 1366 1670 p⁰¹u¹⁵⁵⁶¹’
1383 1616 1464 1670 qum
1480 1600 1560 1659 Μ
1576 1610 1803 1664 ⁰⁰nv⁰r⁵³²¹⁰¹¹i⁵
1822 1611 1860 1666 M

200 1714 786 1788 Undemmorsumorsipsaappeqaqur·
816 1717 878 1772 Tria
906 1727 995 1774 amem
1012 1663 1182 1792 Barriperet
1198 1687 1204 1740 1
1222 1687 1689 1762 qualiaetquantapromitteretl
1716 1698 1822 1768 quantis
1838 1717 1860 1755 aa

200 1811 261 1858 sum
274 1820 376 1875 genem
391 1805 493 1872 mortis,
510 1805 536 1859 id
565 1812 605 1858 es,
628 1806 735 1871 acerba,
762 1807 915 1878 immam,
945 1825 996 1864 na,
1051 1780 1508 1843 elevationumvinculisinnodaret
1526 1789 1533 1842 1
1551 1791 1673 1848 Interea
1693 1792 1762 1849 dum
1789 1797 1860 1853 habe

202 1901 305 1956 turalis.
327 1901 432 1957 Acerba
456 1901 599 1967 infantum,
621 1902 765 1958 immatura
788 1903 929 1974 juvenum,
951 1920 997 1960 na·
1051 1879 1154 1927 mutes
1181 1873 1251 1928 ⁰⁰u¹i
1279 1875 1480 1943 00000οΜωὼ
1503 1877 1576 1933 dum
1614 1888 1719 1981 090003
1754 1885 1861 1958 11000001

200 1990 292 2045 taralis
310 1997 350 2044 est
377 2007 482 2045 senum.
511 1993 577 2047 ltem
606 1991 701 2046 mortis
725 1992 774 2048 tria
802 2001 864 2047 sunt
884 2010 995 2065 genera.
1050 1976 1160 2015 raucum
1175 1970 1266 2034 guum
1280 1963 1396 2032 anhelat’
1413 1963 1509 2020 deum
1529 1968 1679 2039 mmmm
1709 1973 1861 2046 ”imunt

200 2078 575 2149 Unamorspwqesqde
591 2096 644 2149 qu,
675 2081 803 2151 scriptum
815 2089 877 2138 eq:
901 2084 995 2137 ,quq
1050 2067 1077 2114 ct
1091 2060 1235 2129 quenulam
1251 2062 1323 2118 velud
1336 2064 1485 2136 aeruginem
1507 2071 1703 2141 contrahunt,
1729 2074 1863 2144 pallescunt

196 2193 241 2232 rna
255 2193 315 2248 quae
330 2176 489 2248 peccaverit,
503 2177 562 2247 ipsa
576 2177 706 2232 nronetur
727 2179 837 2249 (licerii.
860 2182 939 2243 xvnrl
956 2195 962 2247 ;
981 2202 992 2229 tt
1050 2163 1106 2217 ⁰m’
1123 2149 1246 2206 membra
1260 2160 1356 2208 000000
1369 2163 1518 2225 mmm·

198 2265 252 2321 alia
266 2265 386 2336 mystice,
403 2265 510 2335 quando
522 2265 581 2335 quis
595 2273 707 2334 peccato
732 2267 855 2336 moritur,
883 2277 910 2322 et
936 2270 994 2324 Deo
1083 2265 1154 2320 Dum
1169 2267 1228 2320 haeo
1241 2265 1332 2336 itaque
1346 2275 1372 2322 et
1387 2268 1489 2323 homini
1506 2277 1654 2342 tanquam
1671 2275 1773 2335 indae
1798 2280 1863 2335 morti

198 2353 274 2420 vivit,
295 2353 329 2408 de
351 2368 404 2423 qua
432 2353 470 2408 ait
494 2353 659 2424 Apostolus:
692 2355 875 2425 «Consepulti
903 2373 995 2413 sumus
1047 2362 1228 2430 praecedentia
1243 2363 1524 2435 famulanturofficia,
1542 2379 1649 2426 assum
1675 2376 1775 2431 ornnia
1799 2386 1863 2449 gesa

195 2467 256 2507 curn
272 2451 374 2506 Christo
391 2465 439 2522 per
452 2448 617 2520 baptismum
632 2450 660 2503 in
674 2458 760 2506 morte
784 2452 868 2523 ipsius
895 2455 987 2524 (Rom.
1047 2450 1126 2505 simul
1142 2458 1168 2506 et
1180 2452 1272 2507 verba.
1289 2454 1388 2509 llaecet
1402 2454 1469 2525 ipse
1490 2457 1695 2530 cogitationes
1718 2463 1822 2535 desum,
1840 2474 1861 2523 tt

192 2539 443 2612 v1);tertiamors,
467 2540 714 2610 quacumumvilae
743 2540 824 2609 hujus
850 2548 878 2596 et
897 2559 994 2599 munus
1046 2556 1141 2603 cuncte
1169 2549 1227 2604 hmo
1251 2566 1372 2605 amarum
1399 2551 1534 2608 adversus
1560 2565 1719 2615 auctorem
1755 2563 1861 2619 mimo

192 2629 344 2701 explemus,
383 2628 411 2682 id
450 2634 490 2682 est
523 2628 621 2684 animer
654 2629 827 2699 corporisque
859 2632 987 2689 secessio.
1045 2636 1119 2690 nium
1134 2637 1258 2693 reddunt.
1275 2640 1474 2696 coacervantur
1490 2644 1596 2700 omnia
1622 2655 1695 2704 ante
1723 2652 1861 2723 respuenda

191 2726 361 2783 advertimus
381 2725 463 2798 igitur
477 2726 549 2796 quod
564 2741 618 2781 una
641 2741 714 2781 mors
729 2726 764 2781 sit
777 2727 859 2797 mala,
878 2729 901 2783 si
924 2744 991 2799 prc—
1045 2726 1261 2796 cretosaque
1275 2728 1430 2799 conspicere
1444 2730 1565 2804 refugit,
1581 2745 1709 2793 coactus
1722 2747 1750 2794 et
1774 2740 1861 2796 inritas

190 2830 251 2895 pter
259 2829 369 2892 peecata
379 2820 549 2889 moriamur;
572 2821 625 2876 alia
644 2821 801 2877 morsbona
828 2822 872 2889 sit,
888 2839 942 2892 qua
967 2823 991 2877 is
1044 2822 1165 2878 attendit.
1181 2824 1263 2880 ddest
1285 2833 1414 2897 praeterea
1435 2827 1501 2884 hine
1531 2831 1686 2891 horrenda
1714 2837 1860 2895 demonum

200 2913 245 2982 qui
275 2910 356 2966 luerit
378 2917 499 2965 mortuus
525 2907 713 2980 justificatura
744 2919 865 2982 peceato.
901 2912 990 2967 Tertia
1043 2912 1460 2988 turhatllincvirlusangctica.
1477 2918 1510 2971 ln
1526 2918 1577 2976 illo
1611 2924 1665 2993 qui
1695 2926 1804 2983 medius
1827 2938 1860 2982 est

189 3024 263 3064 mors
289 3006 379 3062 media
406 3006 458 3073 sit3
481 3023 544 3061 narn
568 3014 596 3062 et
617 3007 690 3063 bona
714 3007 794 3078 justis
819 3007 933 3076 videtur,
963 2999 1145 3077 ercliquido
1160 3001 1378 3071 deprehenditur,
1394 3005 1525 3075 rutperti
1545 3009 1618 3078 jure
1647 3018 1790 3083 possessio
1811 3019 1857 3074 vin

190 3098 324 3171 plerisque
352 3094 509 3151 metuenda.
544 3094 610 3164 Quae
638 3112 700 3150 cum
728 3096 851 3153 absolvat
878 3113 983 3167 omnes,
1040 3097 1154 3153 dicetur.
1174 3100 1243 3154 Nam
1259 3102 1282 3155 si
1292 3101 1398 3173 pietatis
1411 3102 1437 3156 in
1454 3119 1486 3160 eo
1502 3106 1645 3165 videntur
1673 3112 1805 3187 insignis,
1823 3118 1856 3170 in

189 3185 440 3260 paucosdelectat;
463 3183 510 3239 scd
535 3201 589 3241 non
617 3186 670 3241 hoc
691 3185 785 3240 mortis
812 3192 852 3241 est
878 3186 983 3256 vitium,
1038 3187 1175 3242 vitationis
1198 3189 1329 3260 engelicae
1354 3189 1492 3248 blanditiis
1512 3194 1666 3271 delinitur,
1697 3212 1782 3273 atque
1804 3206 1855 3261 har·

190 3285 237 3340 sed
251 3300 350 3349 nostrae
374 3282 546 3347 infirmitatis,
575 3284 620 3353 qui
647 3283 784 3355 voluptate
809 3291 836 3339 et
863 3285 984 3341 delecta·
1038 3277 1153 3332 monieae
1181 3277 1307 3334 melodia
1335 3279 1477 3337 dulcedine
1504 3291 1537 3339 nt
1566 3297 1661 3344 exeat
1684 3302 1850 3363 provocatur.

187 3373 337 3430 tionevitae
352 3372 427 3428 istius
436 3372 568 3443 capimur,
589 3379 616 3427 et
634 3388 740 3427 cursum
762 3374 833 3427 hunc
854 3389 982 3428 consum·
1038 3370 1116 3440 Quod
1131 3372 1154 3428 si
1167 3389 1229 3428 eum
1253 3374 1367 3431 sinistrae
1396 3377 1464 3446 parti
1487 3381 1664 3440 meritorum
1694 3389 1809 3460 nigredo
1829 3399 1851 3444 et

186 3478 261 3517 mare
276 3461 440 3532 trepidamus
456 3461 502 3516 :in
526 3476 578 3531 quo
602 3460 662 3531 plus
689 3461 874 3517 amaritudinis
901 3479 982 3533 quam
1037 3459 1165 3516 indietis
1176 3463 1286 3533 squalor
1298 3463 1443 3534 adjudicet,
1466 3466 1645 3529 intolerabili
1669 3492 1739 3532 mox
1759 3486 1848 3534 terrore

187 3559 331 3629 voluptatis
344 3566 393 3613 est.
408 3560 452 3613 Αιι
468 3574 522 3612 ιιοιι
537 3559 621 3613 sancti
637 3566 663 3613 et
685 3560 820 3631 sapientes
846 3560 906 3626 viri,
936 3561 982 3631 qui
1039 3550 1199 3619 concutitur,
1222 3553 1355 3624 0010001101
1374 3554 1490 3624 impetus
1514 3557 1659 3619 violentia
1673 3568 1846 3636 perturbatur,

184 3647 385 3720 longaevitatem
414 3647 639 3718 peregrinationis
666 3647 745 3716 hujus
768 3648 983 3720 ingemiscebant
1035 3648 1234 3719 precipitanter
1247 3651 1390 3720 invaditur,
1406 3668 1437 3708 ac
1457 3653 1492 3709 de
1514 3656 1632 3716 miserae
1655 3665 1752 3720 carnis
1771 3682 1843 3739 erga·

184 3736 303 3805 dissolvi,
322 3740 348 3790 et
362 3752 422 3790 cum
439 3735 543 3790 Christo
559 3752 616 3790 esse
631 3735 768 3804 pulchrius
782 3737 980 3793 aestinrabant‘l
1034 3738 1103 3792 stulo
1119 3738 1250 3793 violenter
1263 3741 1394 3809 evellitur,
1411 3748 1440 3796 ut
1455 3742 1489 3798 ad
1502 3752 1614 3804 aeterna
1639 3753 1778 3824 supplicia
1793 3757 1840 3825 jam

181 3838 217 3894 Et
231 3837 292 3893 ideo
302 3836 365 3906 quia
380 3835 500 3905 quotidie
516 3835 549 3890 de
564 3843 650 3890 morte
664 3836 829 3909 cogitabant,
855 3844 882 3892 et
904 3838 980 3908 qnasi
1034 3842 1095 3882 0010
1111 3826 1289 3883 mulitudine
1301 3831 1480 3898 pertrahatur.
1495 3832 1560 3889 Jam
1577 3852 1650 3895 vem
1674 3849 1743 3911 post
1762 3860 1839 3916 egres

182 3943 212 3983 se
226 3926 260 3982 de
275 3927 326 3981 hoe
349 3927 511 3997 migraturos
533 3924 679 3980 credebant
707 3924 818 3994 mundo,
849 3941 904 3981 non
926 3926 979 3982 dn·
1033 3922 1137 3981 sionem
1152 3924 1313 3996 decerpere
1327 3926 1387 3997 quis
1401 3927 1542 3999 explicare
1566 3934 1677 4003 valeat,
1710 3946 1777 4010 quot
1798 3956 1836 3995 ar·

181 4013 257 4072 bium
281 4023 321 4071 est
348 4014 412 4085 quin
440 4014 499 4070 haec
523 4013 680 4085 quotidiana
708 4014 847 4070 meditatio
886 4015 980 4071 mortis
1032 4021 1114 4069 rnatae
1128 4013 1281 4084 iniquorum
1296 4015 1437 4086 spirituum
1452 4018 1526 4074 acies
1546 4019 1580 4076 in
1600 4023 1716 4082 insidiis
1738 4029 1833 4096 lateant,

180 4130 261 4171 omne
276 4112 370 4168 vitium
387 4112 415 4166 in
429 4111 469 4166 eis
491 4112 644 4184 perimeret.
672 4112 714 4167 dd
743 4111 888 4170 devitanda
914 4131 977 4170 sane
1032 4109 1098 4171 (1001
1121 4102 1266 4159 1000000100
1293 4104 1371 4160 00001
1395 4104 1617 4167 100000001008
1644 4114 1771 4173 instructi
1794 4116 1834 4172 iter

179 4204 271 4260 omnia
286 4202 338 4258 tela
352 4200 540 4269 cermminum,
556 4217 650 4255 rernm
674 4200 755 4257 etiam
783 4202 817 4257 ad
840 4202 978 4261 universos
1032 4198 1183 4265 obsideant,
1198 4208 1225 4255 ct
1239 4216 1274 4257 ne
1287 4200 1372 4257 libera
1391 4203 1502 4259 bonaso
1527 4209 1621 4276 possit
1645 4213 1753 4284 anima,
1773 4214 1832 4270 relat

179 4302 269 4348 motus
296 4289 417 4346 omniurn
445 4288 720 4359 concupiscentiarum
747 4307 779 4347 ac
806 4299 975 4363 peccatorum
1030 4288 1142 4344 militari
1157 4305 1232 4346 more
1245 4291 1402 4362 constipatae
1423 4290 1546 4364 legiones
1572 4311 1754 4374 oppugnant.
1780 4305 1831 4359 lint

178 4385 406 4457 comprimendos,
436 4386 524 4441 nullus
551 4386 617 4441 mihi
641 4385 746 4442 videtur
773 4386 888 4444 validior
914 4389 971 4461 cly-
987 4375 1014 4436 D
1029 4378 1171 4433 elhomini
1186 4378 1379 4449 frequentata
1392 4381 1472 4436 corde
1487 4398 1614 4456 versare,
1631 4390 1703 4459 quid
1719 4392 1830 4449 eetaliul

179 4492 246 4548 pcus
261 4491 342 4547 quam
356 4474 495 4530 meditatio
510 4474 604 4530 mortis
627 4483 654 4530 et
672 4475 786 4530 extremi
802 4484 886 4532 terror
906 4494 974 4533 era·
1028 4493 1110 4548 quarn
1125 4477 1307 4533 lenocinantia
1321 4478 1383 4535 vitae
1398 4479 1479 4550 hujus
1491 4480 1693 4546 blandimenta
1705 4508 1830 4565 respuere,

178 4565 269 4622 minis.
1028 4566 1130 4621 mundo
1145 4566 1285 4636 repudium
1299 4565 1373 4634 dare,
1390 4568 1607 4630 illicitosmotus
1621 4581 1718 4636 carnis
1731 4582 1828 4649 elidere,
1882 4606 1884 4649 ι

212 4660 381 4720 Pensandum
397 4659 496 4731 quippe
511 4667 560 4728 est,
576 4659 707 4730 cumjam
725 4660 860 4732 peccatrix
882 4661 973 4718 anima
1026 4657 1167 4727 solumque
1188 4655 1360 4728 perfeetionis
1386 4657 1572 4730 adipiscendae
1597 4670 1773 4738 propositum
1797 4671 1830 4726 in
1882 4658 1884 4663 ¹

176 4752 291 4813 uinculis
301 4749 395 4821 incipit
411 4748 499 4805 carnis
513 4749 627 4818 absolvi,
644 4766 724 4820 quern
750 4766 842 4806 anraro
872 4757 972 4807 terrore
1026 4752 1223 4809 declinabiliter
1236 4754 1368 4810 custodire
1382 4755 1397 4808 1
1411 4754 1618 4816 llisaddendus
1632 4773 1678 4821 est
1691 4768 1828 4825 etiemer-

173 4840 332 4909 concutitur,
362 4838 469 4910 quantis
491 4837 624 4894 mordacis
650 4838 822 4895 conscientiae
856 4840 971 4895 stimulis
1026 4841 1103 4896 tremi
1126 4849 1211 4896 terror
1234 4841 1340 4911 judicii,
1369 4850 1399 4899 ut
1427 4844 1499 4900 illins
1527 4851 1724 4911 amaritudine
1752 4858 1830 4914 raleat

172 4940 316 4997 haeretur.
336 4936 439 4992 Recoht
453 4935 535 4991 vetita
549 4952 610 5006 quae
630 4936 775 5003 commisit,
801 4937 876 4993 videt
895 4954 970 4994 man·
1025 4929 1118 4985 mundi
1132 4929 1212 5000 hujus
1222 4930 1289 4985 falsa
1300 4930 1413 4988 dulcedo
1427 4937 1579 4993 contemni.
1606 4940 1649 4996 dd
1677 4943 1828 5002 devlnndas

172 5028 234 5086 data
244 5045 304 5099 quae
318 5025 439 5098 neglexit
453 5025 565 5095 implere
585 5032 612 5081 et
632 5025 807 5095 contempsit.
836 5026 916 5081 Dolet
929 5026 969 5081 in·
1024 5043 1141 5097 namque
1155 5026 1296 5085 diabolicae
1310 5045 1409 5103 pugna
1423 5031 1563 5089 molestias
1579 5038 1826 5118 relent3assargi·

171 5118 245 5174 dulta
260 5115 424 5190 poenitentiae
439 5122 560 5186 tempora
581 5131 640 5170 sese
663 5115 778 5169 inaniter
803 5116 966 5187 percepisse,
1022 5132 1092 5183 mus,
1108 5116 1130 5170 si
1144 5117 1309 5173 necessitatis
1322 5118 1424 5175 ultimae
1449 5121 1605 5192 periculum
1630 5132 1752 5200 procide
1775 5149 1826 5205 pe*
1882 5140 1884 5145 '

104 5270 114 5288 ‚
170 5214 258 5287 plorat
286 5210 453 5267 immobilem
477 5210 603 5265 districtae
626 5211 734 5267 ultionis
756 5212 897 5269 articulum
925 5214 966 5269 in·
1021 5211 1176 5262 1000101000·
1192 5206 1262 5262 Nam
1281 5207 1303 5262 0
1331 5207 1487 5279 0010000005
1515 5210 1563 5267 ille
1591 5222 1679 5288 atque
1709 5222 1824 5279 tetribilis

167 5300 328 5358 evitabiliter
342 5300 495 5355 imminere.
514 5300 623 5354 Manere
645 5301 752 5374 satagit,
775 5301 813 5357 ire
840 5304 964 5377 compel-
1020 5302 1151 5361 adventus
1174 5303 1271 5359 Christi
1298 5303 1380 5378 digne
1403 5307 1595 5379 perpenditur,
1626 5316 1700 5385 quid
1729 5318 1822 5375 afilia

167 5389 240 5458 litur,
257 5404 415 5457 recuperare
438 5388 495 5445 vult
518 5387 644 5460 perdita;
675 5406 730 5445 non
753 5391 871 5446 auditur.
903 5393 965 5450 Post
1018 5390 1120 5446 mundo
1134 5389 1180 5445 ubi
1196 5408 1272 5447 mens
1286 5392 1403 5448 humana
1416 5394 1462 5449 rel
1485 5394 1630 5469 desipiens
1655 5404 1822 5464 delectetur?

167 5495 243 5561 terga
257 5483 403 5556 respiciens
416 5485 494 5540 totius
509 5493 649 5541 transactae
672 5486 734 5542 vitae
757 5503 863 5544 cursum
890 5491 964 5548 velut
1017 5479 1066 5535 1¹¹0
1080 5495 1177 5551 0000100
1192 5480 1251 5535 0000
1266 5488 1315 5547 001(
1331 5481 1365 5537 00
1384 5498 1466 5552 quam
1486 5485 1580 5543 010000
1609 5495 1819 5563 precedentium

165 5594 248 5636 unum
262 5572 451 5632 brevissimum
480 5573 590 5645 deputat
618 5573 720 5631 itineris
746 5593 864 5649 passum.
893 5581 960 5636 date
1014 5568 1174 5624 traculorum
1190 5569 1312 5642 intentio,
1327 5587 1358 5627 ac
1372 5587 1479 5629 summa
1491 5574 1648 5650 colligitur,
1679 5585 1727 5641 cni
1753 5600 1820 5643 sun·

163 5685 193 5729 sa
208 5667 301 5726 ocutos
314 5660 408 5737 dirigit
421 5669 448 5718 et
470 5660 581 5718 infinitae
603 5665 777 5735 perennitatis
798 5668 885 5740 spatia
908 5667 959 5726 de·
1013 5674 1057 5727 cta
1070 5684 1207 5725 sanarum
1217 5669 1414 5742 scripturarum
1427 5670 1573 5732 vunnim
1585 5676 1816 5743 famulum&
