3780 6038
62 226 121 285 289

512 216 646 275 ΑΡΕΝὓ.
666 251 701 260 -
721 217 843 275 Pilll'lL.
864 214 1079 273 THEODERlCl
1100 216 1256 274 chabor.

1670 222 1723 277 2⁹0

64 349 142 423 quod
156 347 280 422 possidet
293 348 308 403 i
320 348 417 404 Nonne
428 347 489 415 jure
499 345 621 399 humano
635 343 649 397 i
664 343 732 397 Nam
745 344 809 413 jure
824 342 867 397 di·
884 345 910 405 Α
925 341 1099 407 xerit,eliciat
1109 343 1283 415 sanguinem,
1307 351 1333 399 et
1348 342 1412 398 dum
1428 344 1583 416 rubiginem
1606 345 1641 402 de
1657 362 1724 402 vase

64 432 869 508 sino,liomiuisstterrcetpleuitecloejusll’selmxntd).

66 529 243 599 Paupereset
253 525 353 581 divites
365 526 437 580 Deus
459 524 494 578 de
511 538 564 577 uno
579 522 635 577 luto
647 520 748 587 lecit,et
775 521 872 576 divites

66 626 95 672 et
110 631 252 688 pauperes
263 630 317 670 una
333 621 406 669 terra
422 619 574 683 supportat.
584 610 873 667 iuretamenlruruano

67 703 139 760 dicis
157 704 243 759 :llaec
255 702 320 758 villa
345 717 406 756 mea
428 710 480 766 est,
496 702 554 755 haec
568 700 665 755 domus
688 714 750 753 mes
764 708 813 765 est,
830 697 874 754 hic

66 808 168 850 seruus
178 807 257 847 meus
272 799 324 847 est.
340 791 409 845 lure
424 789 632 862 ergohumano.
646 788 710 843 lure
723 787 873 859 imperato·

68 898 131 938 rum
144 879 255 953 qnare?
271 879 344 949 Quia
358 878 418 950 ipsa
427 878 490 948 jura
507 878 680 948 humanaper
695 875 875 947 imperatores

71 986 100 1036 et
114 994 201 1052 reges
215 977 308 1035 saeculi
324 978 401 1033 Deus
418 974 556 1030 distribuit
570 974 702 1031 Ecclesia
717 988 786 1028 suae.
808 974 874 1028 t‘us-

72 1075 140 1123 sunt
155 1066 250 1138 itaque
264 1066 325 1121 siue
340 1064 491 1121 offensione
519 1078 602 1136 reges
630 1072 690 1133 post
715 1062 876 1119 electionem

73 1156 239 1213 sanonicum
254 1163 280 1211 et
294 1152 407 1208 liberam
424 1152 658 1209 consecrationem
670 1167 719 1222 per
731 1149 875 1206 investitu-

74 1261 135 1300 ram
151 1243 274 1317 regalem
298 1243 326 1298 in
341 1240 535 1298 ecelesiasticis
562 1238 793 1311 possessionibus,
809 1253 875 1295 con-

73 1342 245 1407 cessionem,
261 1340 401 1405 auxilium,
415 1349 441 1394 et
452 1338 639 1395 defensionem
651 1338 781 1409 episcopo
792 1337 875 1406 dere3

75 1431 150 1504 quod
167 1429 290 1502 quolibet
304 1429 383 1500 signo
398 1427 496 1484 laetum
511 1427 653 1492 exstiterit,
666 1426 735 1496 regi,
747 1426 790 1481 vel
807 1441 877 1495 prou-

75 1526 153 1595 tilici,
170 1542 220 1581 seu
235 1523 376 1580 catholica
399 1524 462 1579 tidei
479 1540 531 1579 nou
549 1523 669 1580 nocebit.
686 1523 776 1579 l'oluit
791 1525 878 1577 bonus

75 1615 212 1671 Dominus
224 1623 251 1670 et
273 1615 420 1686 magistrer
445 1621 540 1668 noster
562 1613 687 1667 Christus
710 1610 877 1683 spiritualem

77 1705 204 1776 gladium
236 1709 263 1757 et
273 1701 438 1758 materialem
455 1701 552 1757 essein
568 1701 726 1756 defensione
735 1698 876 1756 Ecclesiae.
893 1710 919 1773 Β
938 1735 970 1788 in
978 1735 1076 1789 eadem
1085 1734 1171 1789 tradit

76 1801 159 1872 Quod
172 1800 197 1856 si
207 1800 277 1856 alter
296 1800 329 1853 ab
345 1799 430 1854 altero
453 1800 614 1855 retunditur.
648 1800 705 1853 lloc
734 1798 763 1852 lit
786 1804 882 1854 eontra

76 1890 152 1946 illius
168 1891 349 1945 voluntatem.
370 1889 427 1944 llac
455 1888 600 1944 occasione
617 1888 651 1942 de
667 1903 752 1960 regno
776 1885 885 1957 justitia

78 1988 193 2054 tollitur,
210 1996 237 2042 et
252 2003 303 2058 pax
320 1988 354 2041 de
370 1985 503 2051 Ecclesia,
521 1984 652 2041 scarrdula
681 1984 844 2040 suscitantur
859 1991 886 2039 et

79 2077 241 2138 schismata,
258 2085 284 2131 et
299 2073 327 2129 fn
343 2074 495 2130 animarum
510 2073 627 2146 perditio
644 2074 722 2128 simul
738 2082 763 2129 et
780 2089 883 2144 cerpo-

79 2191 154 2243 rum,
172 2181 201 2229 et
215 2173 280 2228 dum
296 2172 380 2248 433
397 2189 512 2244 regnum
527 2181 554 2228 et
565 2172 747 2227 secerdotium
758 2187 841 2225 unum
851 2170 887 2227 ah

81 2273 170 2327 altere
183 2270 368 2342 impugnatur,
398 2267 564 2340 periclitatur
580 2276 734 2339 utrumque.
754 2268 823 2322 Nam
839 2283 887 2323 rex

82 2378 110 2417 er
126 2362 268 2416 Romanus
284 2357 404 2430 pontifex
421 2374 482 2413 cum
505 2374 574 2412 unus
589 2365 683 2412 contre
712 2355 803 2421 alium,
821 2357 889 2411 alter

83 2475 136 2530 pru
148 2457 228 2527 regui
244 2456 453 2521 consuetudine,
471 2454 540 2509 alter
554 2470 603 2526 pro
619 2453 751 2510 Ecclesiae
767 2454 889 2508 libertate

84 2548 214 2621 erigitur,
231 2562 346 2617 regnum
359 2546 431 2599 illam
447 2542 674 2600 cousuetudinem
696 2544 821 2599 obtinere
835 2558 889 2618 non

85 2645 187 2704 potest,
204 2650 255 2689 nec
270 2634 378 2704 poterit,
395 2641 422 2688 et
438 2633 563 2688 Ecclesia
579 2648 636 2687 suaa
650 2631 782 2686 libertatis
793 2630 891 2691 amittit

87 2724 252 2797 plurimum.
277 2723 333 2779 ilex
348 2730 481 2793 praeterea
498 2729 672 2776 sacrosancta
700 2720 891 2776 commuuione

88 2823 192 2895 pariter
207 2830 234 2877 et
250 2821 325 2893 regia
353 2821 485 2893 dignitate
501 2820 631 2889 privatur,
645 2836 660 2873 a
675 2818 799 2873 liemano
825 2832 891 2873 tero

927 447 1040 495 certatur·
1055 440 1180 506 eradere,
1197 457 1244 495 ras
1256 441 1345 512 ipsum
1361 442 1513 514 t'rangurur.
1531 444 1589 499 lloc
1604 452 1645 500 est
1657 461 1726 516 prae·

926 528 1033 597 eipuum
1051 528 1228 584 discretionis
1252 531 1414 599 membrum,
1442 547 1475 586 ue
1491 531 1605 602 quilibet
1633 541 1726 590 rector

927 616 1072 684 Ecclesia,
1090 633 1139 671 sua
1168 618 1289 689 qualibet
1312 619 1450 675 actiones
1478 619 1580 676 Satunn
1608 620 1727 678 circum·

928 712 1066 767 veniatur.
1081 712 1157 769 Tunc
1176 713 1248 769 euim
1274 723 1363 771 rector
1378 730 1392 769 a
1410 714 1509 770 Saturus
1537 716 1726 773 circumveni·

929 808 982 867 tur,
1000 800 1109 873 quaudo
1125 802 1176 857 sub
1190 802 1450 875 speciejustitiaeper
1462 804 1576 859 nimiam
1588 806 1724 861 tristitiam

930 889 1078 962 regendum
1094 890 1183 962 perire
1206 892 1348 961 contingit,
1373 892 1419 964 qui
1433 894 1521 964 potuit
1549 894 1658 951 liberari
1675 910 1725 965 per

929 987 1138 1059 indulgentiam.
1156 989 1292 1044 Praeterea
1308 989 1396 1045 bonus
1411 991 1582 1047 etdiscretus
1595 992 1728 1066 Augusti·

931 1092 994 1132 mus
1009 1076 1036 1131 iu
1053 1076 1172 1148 epistola
1186 1077 1219 1131 ad
1236 1077 1438 1133 Psrmenunum
1453 1079 1527 1146 dicit,
1544 1080 1587 1135 rix
1603 1088 1648 1136 arnt
1662 1097 1730 1136 uun·

932 1180 1014 1237 quam
1043 1166 1335 1221 excommunicandum
1361 1183 1422 1222 euru
1448 1168 1570 1240 assequi
1598 1168 1627 1223 in
1654 1168 1727 1227 malo

931 1278 1014 1334 opere
1029 1263 1190 1318 obstinatam
1211 1262 1412 1319 multitudinem
1424 1263 1506 1319 hahet
1533 1281 1638 1322 secum.
1658 1267 1729 1323 Nam

930 1364 1099 1420 tolerabilius
1123 1365 1229 1421 videtur
1252 1365 1299 1420 uni
1326 1382 1454 1437 parcere,
1487 1382 1522 1422 ne
1550 1366 1577 1421 in
1605 1367 1730 1424 Ecclesia

932 1459 1050 1515 schisma
1065 1459 1215 1515 seminetur
1231 1458 1316 1534 434
1331 1460 1525 1531 plurimorum.
1550 1462 1584 1515 Et
1604 1461 1732 1518 beatissi-

932 1556 993 1610 nius
1008 1555 1105 1611 doctor
1133 1563 1159 1611 et
1181 1566 1285 1627 martyr
1312 1557 1468 1627 Cyprianus
1489 1558 1590 1613 asserit
1612 1558 1731 1614 diceus:

933 1645 1057 1701 Sciriam
1067 1661 1123 1700 nen
1133 1646 1624 1715 calfaciendumetinmsiincedam
1633 1647 1730 1716 fidaei

1174 1736 1237 1790 ione
1259 1750 1315 1790 nort
1330 1739 1498 1806 perseueret
1509 1736 1557 1805 qui
1571 1736 1688 1792 recedit.
1700 1736 1735 1792 Et

938 1821 1067 1877 Salomon
1082 1821 1110 1876 in
1125 1821 1307 1878 Ecclesiaste:
1320 1823 1544 1894 Scindenslipne
1558 1825 1736 1896 periclitabi-

939 1915 988 1966 tur
1003 1912 1033 1966 in
1049 1912 1100 1978 cis,
1115 1914 1138 1967 si
1153 1911 1524 1983 cecidet-itserrunslliccle.
1538 1929 1567 1977 x,
1578 1913 1619 1971 al.
1632 1913 1734 1969 ltemin

940 1999 1059 2054 Exodo:
1076 2001 1108 2055 ln
1123 1999 1203 2057 domo
1224 2017 1282 2055 ene
1295 2000 1467 2056 comedetur.
1492 2016 1551 2057 aton
1574 2002 1694 2073 ejicietis
1704 2003 1738 2059 de

939 2088 1019 2144 dorne
1033 2105 1148 2145 coriscus
1158 2088 1347 2161 sornrllieed.
1361 2090 1516 2158 xrr,tti).llx
1532 2089 1629 2162 quibus
1644 2090 1737 2146 verbis

940 2190 1077 2263 colligitur
1092 2190 1164 2262 quod
1179 2191 1212 2245 sit
1220 2190 1421 2246 tolerandusuh
1433 2190 1557 2246 Ecclesia
1568 2191 1738 2263 quimultitu-

941 2280 1032 2335 dinem
1046 2281 1127 2335 trahet
1151 2296 1254 2345 secent,
1271 2297 1305 2335 ne
1334 2280 1398 2334 dum
1409 2296 1491 2335 uuum
1506 2280 1645 2351 corrigere
1673 2281 1739 2337 niti-

943 2385 1014 2434 mur,
1024 2369 1140 2439 perditio
1156 2368 1200 2424 srat
1215 2369 1369 2423 multorum.
1387 2369 1443 2424 lloc
1458 2369 1538 2424 etium
1553 2369 1739 2441 Hieronymus

943 2457 979 2512 ad
993 2458 1172 2530 augustinum
1188 2458 1292 2522 scribit,
1305 2457 1400 2513 dicens
1415 2458 1497 2528 quod,
1509 2458 1659 2514 secundum
1675 2459 1740 2514 hea-

943 2554 1031 2602 torum
1041 2547 1226 2617 apostolorum
1244 2546 1312 2602 l‘etri
1324 2550 1351 2601 et
1366 2546 1441 2601 Pauli
1453 2546 1742 2618 prudentiamdispen·

943 2645 1132 2716 actionemque
1148 2646 1301 2713 honestem,
1326 2643 1473 2715 aliquando
1488 2642 1545 2699 heri
1571 2660 1685 2701 necesse
1700 2652 1743 2701 est

945 2733 1016 2804 quod
1030 2733 1094 2802 jure
1111 2733 1329 2804 reprehenditur,
1345 2747 1379 2787 ne
1395 2732 1556 2795 Christianae
1570 2732 1643 2803 plebi
1658 2748 1743 2789 scan-

944 2830 1036 2885 dalum
1051 2831 1164 2884 oriatur.
1184 2831 1212 2884 Si
1228 2845 1294 2884 rere
1308 2828 1515 2899 imperatoriset
1525 2830 1740 2901 regispersonae,

89 2909 335 2984 pontificemullis.
353 2909 398 2981 qul
422 2908 628 2962 Sibldetertil'e
656 2908 815 2973 debueltfflb
840 2921 891 2962 ¹¹⁹·
945 2927 1104 2974 nontamen
1120 2918 1191 2973 illius
1207 2917 1448 2989 terraesliquando
1482 2917 1743 2988 insummnjustitia

90 3010 222 3067 cessitate
238 3015 364 3079 cogente,
374 3006 506 3062 servitur.
520 3007 553 3060 Et
565 3006 637 3076 quia
652 3003 780 3078 pontifice
791 3005 890 3061 docen-
946 3007 1112 3078 parcendum
1128 3015 1179 3072 est,
1196 3022 1229 3061 ue
1244 3022 1349 3061 summa
1363 3013 1468 3062 crescat
1481 3005 1545 3062 iude
1559 3006 1673 3063 malitia.
1690 3009 1744 3064 hli-

91 3101 146 3156 dus
158 3107 229 3166 erat,
240 3106 266 3153 et
281 3096 423 3151 ducendus
439 3111 455 3150 a
471 3111 544 3167 rege,
562 3111 609 3149 rex
625 3105 651 3149 et
671 3095 791 3164 pontil'ex
802 3110 890 3165 popu·
907 3069 932 3133 C
947 3097 1038 3151 nistris
1053 3096 1184 3153 Ecclesiae
1198 3095 1306 3167 penitus
1320 3096 1544 3161 interdicatur,ne
1558 3097 1631 3169 quod
1641 3098 1745 3167 justum

92 3185 301 3258 lumsequitur.
330 3185 434 3239 llaheat
466 3190 556 3238 autem
582 3182 706 3240 Ecclesia
733 3198 837 3254 pacem,
866 3190 894 3237 et
947 3193 987 3241 est
1002 3185 1100 3254 iniuste
1129 3192 1342 3257 consequantur.
1359 3185 1400 3240 De
1427 3183 1693 3255 prasentimateris,
1720 3187 1745 3242 si

91 3273 351 3351 reguumjustitism
368 3291 375 3337 ;
391 3272 491 3327 habeat
519 3287 566 3327 rex
583 3271 817 3338 consuetudinem,
845 3269 895 3327 scd
949 3274 1039 3329 minus
1054 3272 1097 3330 rel
1112 3274 1192 3328 aliter
1206 3273 1350 3344 diriqnum
1364 3272 1746 3345 debui,ignorsntiaedepute·

92 3367 314 3432 bonsm,etuon
336 3378 415 3434 quum
426 3362 497 3416 male
517 3361 696 3433 reposcit,sed
718 3376 896 3433 quamsuprs
951 3363 1234 3436 tur,etindulgeatur
1263 3361 1484 3418 misericorditer.
1500 3361 1529 3417 Si
1543 3370 1633 3419 eutem
1664 3363 1745 3434 bene,

91 3464 427 3533 diximusinrestituram.
453 3464 557 3519 llaheat
571 3463 694 3520 Ecclesia
709 3480 785 3519 suam
813 3463 894 3519 liher-

92 3574 177 3623 tatem
187 3580 195 3634 ;
206 3563 441 3634 sedsummopere
455 3570 553 3618 caveat
575 3577 609 3617 ne
626 3561 690 3617 dum
706 3561 786 3616 niuris
798 3577 896 3617 emun-

100 3737 460 3751 m

951 3453 1070 3525 henigne
1084 3451 1246 3523 suscipiatur
1260 3459 1287 3506 et
1297 3451 1460 3506 observetur
1474 3449 1631 3522 diligenter.

670 3872 1165 4088 renuuntur.

454 4173 919 4311 PRlvlLEGIUM
969 4166 1393 4282 renouentur

703 4364 952 4423 CARNOTENSIS
980 4361 1139 4420 EPlSCOPl

331 4494 384 4548 Pro
403 4492 578 4550 monasterio
603 4489 817 4559 Vindocincnsi,
837 4492 898 4562 ipso
915 4488 1102 4546 dedicationis
1121 4490 1182 4561 ejus
1200 4488 1245 4544 die
1265 4488 1401 4561 scriptam
1423 4486 1512 4558 (375).

134 4717 164 4770 ln
180 4714 291 4771 nomine
305 4714 355 4770 Dei
370 4712 564 4785 omnipotentis
577 4712 672 4769 Patris
686 4720 715 4769 et
727 4712 787 4769 Filii
801 4720 829 4768 et
839 4713 897 4785 Spi·
910 4697 937 4757 D
952 4712 1031 4769 cilius
1046 4711 1176 4782 precihus
1191 4712 1220 4766 B.
1247 4711 1321 4767 Petri
1349 4709 1507 4781 adepturos,
1537 4715 1563 4763 et
1590 4721 1696 4779 praesen
1709 4721 1753 4762 cm

95 4805 167 4861 ritus
191 4803 294 4859 sancti.
323 4802 383 4875 Ego
405 4800 589 4858 Theodericus
604 4801 655 4856 Dei
669 4800 763 4874 gratia
790 4800 896 4857 Cerno-

94 4893 184 4948 tensis
199 4890 356 4963 episeopus,
370 4890 507 4945 universis
535 4898 637 4947 sanctes
650 4889 783 4946 Ecclesia
805 4888 895 4945 bdeli-

94 4982 148 5036 hus
159 4988 253 5036 notum
269 4978 349 5046 iccio,
365 4979 438 5050 quod
451 4977 601 5034 Gauiridus
620 4978 737 5050 inclytus
751 4993 855 5043 comes,
869 4984 897 5034 et

93 5084 165 5125 uxor
179 5069 239 5140 ejus
255 5066 520 5139 venerahilishgues
533 5067 683 5133 comitissa,
699 5066 896 5122 monasterium

95 5174 239 5224 sanctaeet
261 5164 408 5222 individuae
431 5163 556 5219 'trinitati
585 5163 705 5221 dicatum
731 5164 759 5219 in
782 5164 896 5221 castello

95 5272 158 5322 suo,
172 5254 248 5327 quod
265 5252 443 5310 Vindocinum
472 5252 630 5321 dieitur,ex
656 5260 751 5309 nostro
779 5252 896 5310 consilio

94 5343 219 5417 propriis
231 5342 385 5413 sumptibus
400 5349 617 5408 construxerunt,
629 5350 782 5414 nostroque
797 5349 824 5399 et
837 5342 897 5400 cle·

95 5434 217 5490 nieorum
241 5437 399 5486 nostrorum
413 5439 566 5497 assensuet
577 5430 755 5488 concessione
765 5431 802 5487 B.
819 5432 897 5487 Petro

95 5529 124 5578 et
138 5520 201 5590 ejus
215 5518 487 5577 liomnnoeEcclcsiae
498 5518 524 5573 in
535 5520 728 5591 patrimonium
736 5526 764 5574 et
777 5518 899 5575 alodium

95 5616 267 5683 obtulerunt,
282 5614 381 5675 exinde
398 5616 497 5675 lutura
512 5615 576 5675 uites
585 5616 784 5675 beatitudiuem
807 5632 838 5673 se
853 5614 898 5671 is·

132 5741 319 5817 (eludendo
331 5741 359 5800 in
372 5743 444 5803 nous
458 5741 493 5800 sd
503 5740 620 5801 Gollddi
632 5740 713 5815 epist.
730 5740 807 5801 tlib.
823 5756 845 5799 ι.

958 4800 1063 4856 felicius
1077 4805 1223 4856 exacturos
1244 4815 1298 4855 non
1315 4813 1385 4853 vana
1400 4812 1448 4867 spe
1458 4794 1642 4851 confidentes.
1673 4792 1754 4862 Quod

959 4904 1019 4945 cum
1045 4904 1136 4944 rerum
1165 4902 1277 4941 suarum
1305 4884 1480 4958 amplitudine
1509 4882 1614 4938 liberali
1643 4880 1756 4937 munili-

959 4977 1047 5032 centis
1066 4976 1284 5047 locupletassent,
1313 4983 1339 5029 et
1374 4980 1595 5028 ornamentorum
1623 4970 1698 5028 vario
1722 4985 1756 5027 ac

958 5064 1099 5137 multiplici
1108 5078 1213 5137 genere
1232 5062 1421 5121 decorassent,
1447 5060 1482 5115 ad
1497 5058 1569 5115 illius
1592 5056 1757 5115 venerahilis

959 5160 1011 5216 loci
1026 5159 1224 5216 dedicationem
1249 5173 1310 5225 nos,
1327 5165 1354 5213 et
1367 5154 1465 5210 multos
1480 5154 1549 5211 alios
1569 5155 1715 5227 episcopos
1729 5165 1758 5214 et

960 5249 1074 5305 abbates
1103 5254 1282 5314 vocaverunt,
1311 5253 1339 5302 et
1367 5255 1395 5300 ut
1418 5244 1519 5300 iratres
1546 5244 1613 5300 iuibi
1641 5245 1700 5301 ileo
1724 5261 1757 5303 ex

961 5348 992 5404 S.
1010 5346 1147 5403 Benedicti
1163 5358 1258 5399 norma
1273 5342 1412 5399 militaturi
1429 5341 1599 5414 tranquillius
1614 5351 1639 5398 et
1654 5343 1759 5416 absque

960 5436 1014 5490 ulls
1029 5432 1215 5508 inquietudine
1243 5439 1451 5505 permanerent,
1466 5431 1603 5503 petierunt
1629 5447 1644 5486 s
1668 5430 1759 5498 nohis,

960 5532 990 5580 ut
1004 5523 1136 5596 quidquid
1151 5520 1341 5579 redhibitionis
1371 5521 1429 5577 sive
1454 5519 1553 5577 debitae
1581 5519 1760 5588 sthectionis

960 5623 1060 5672 nostra
1080 5610 1228 5686 episcopali
1256 5611 1316 5669 sedi
1335 5610 1395 5667 alte
1422 5608 1586 5683 persolvunt
1619 5606 1759 5675 Ecclesiae,
