3780 6038
177 190 231 245 stt
742 170 915 235 WERNERI
933 171 1077 231 anetus
1090 171 1125 231 S.
1144 171 1257 230 euasit
1781 172 1831 230 868

178 310 237 369 Etsi
251 310 356 377 nolens,
371 316 459 365 umen
474 312 632 363 sanctorum
661 299 769 360 utilitati
784 299 869 357 servit
882 298 975 354 diabo·
991 296 1183 363 Asanctitatis
1212 300 1242 352 et
1275 294 1390 359 virtutis,
1423 311 1458 352 ea
1483 314 1545 372 quae
1573 303 1669 356 sancta
1698 305 1762 354 anna
1785 298 1831 356 (ιε.

177 401 231 468 Ιιιε,
248 397 358 472 quando
373 412 422 452 eos
437 394 631 452 tentationibus
645 392 702 448 suis
728 406 784 447 nou
799 387 911 460 decipit,
927 386 976 442 sed
1032 386 1119 456 struit,
1136 385 1244 459 quando
1267 392 1293 441 el
1307 384 1353 458 qui
1368 383 1502 459 decipitur
1520 402 1571 443 sua
1585 386 1758 444 detrimenta
1780 403 1832 443 non

178 488 268 561 potius
283 485 384 542 erudit.
404 485 473 540 Nam
497 483 670 547 tentationes,
688 478 816 553 quasilla
831 477 977 532 adbuma-
1032 474 1123 541 sentit,
1139 474 1188 529 sed
1203 482 1331 546 tanquam
1348 473 1401 529 sint
1421 475 1533 532 virtutes
1552 493 1613 549 quae
1632 483 1698 531 sunt
1713 476 1778 532 vitia
1792 492 1833 532 se·

178 583 391 642 numiuterituru
406 590 506 648 movet,
523 579 658 637 interdum
673 577 796 634 Christus
822 575 858 630 ad
872 573 979 630 exerci·
1032 580 1158 630 ctatnret
1172 570 1272 644 diligit.
1288 572 1318 626 ln
1333 572 1419 629 oculis
1442 573 1591 629 carnalium
1606 573 1739 630 diabolus
1754 573 1835 629 terri·

179 674 246 730 tium
262 672 391 728 virtutum
420 669 524 726 salubri
553 668 669 724 utilitate
698 664 842 722 convertit.
868 661 980 718 lnsidiae
1033 661 1096 716 bilis
1110 668 1161 727 est,
1177 660 1204 715 in
1233 660 1320 716 oculis
1345 661 1493 717 electorum
1515 668 1605 718 terror
1619 664 1681 734 ejus
1696 661 1760 718 vilis
1784 669 1832 718 est.

177 761 278 820 diaboli
293 769 376 832 atque
390 759 507 827 astutiae,
524 756 654 830 quamvis
667 755 721 810 huc
735 761 818 826 atque
832 751 898 808 illuc
909 767 978 823 quae
1032 749 1074 805 ab
1088 748 1237 805 incredulis
1269 758 1297 805 ut
1311 749 1354 806 leo
1379 750 1497 818 timetur,
1510 766 1528 806 a
1542 750 1660 808 fortibus
1683 750 1713 806 in
1736 750 1792 807 ilde
1809 760 1836 807 nt

128 888 134 905 ·
177 869 271 916 rantes
286 874 368 932 quem
381 858 517 913 devorent
532 852 725 921 diffundantur,
743 866 759 905 a
784 857 916 921 potestate
933 848 977 902 di-

176 950 240 1006 vina
255 952 346 1003 tamen
367 962 421 1001 non
450 944 640 1018 egrediuntur,
668 955 703 995 ne
731 946 835 994 tantum
861 943 979 994 noceant

177 1043 306 1111 quantum
322 1035 459 1090 malitioso
471 1031 652 1090 contendunt.
680 1030 750 1084 Nam
762 1026 898 1099 quomodo
913 1042 977 1081 san-

176 1137 281 1186 ciorum
296 1125 384 1183 virtus
399 1130 473 1178 muta
488 1121 607 1177 tolerare
617 1118 759 1192 quivisset,
776 1117 799 1171 si
814 1116 980 1187 supernadi·

178 1215 319 1290 spensatio
332 1213 378 1285 pio
394 1209 583 1267 moderamine
592 1207 741 1279 nequitiem
757 1205 913 1260 daemonum
925 1219 979 1259 non

178 1307 342 1363 frenaretur.
351 1303 385 1356 Et
399 1301 462 1355 licet
476 1297 601 1354 diabolus
626 1296 804 1351 tentationem
816 1294 890 1362 iusto
904 1309 980 1348 sem-

179 1410 234 1468 per
248 1392 350 1448 interne
365 1389 465 1460 cupiat,
481 1396 575 1443 tamen
589 1385 644 1441 sia
662 1385 721 1441 Deo
745 1389 909 1456 potestatem
925 1397 980 1436 non

179 1489 288 1561 accipit,
304 1487 459 1542 nullatenus
477 1482 591 1554 adipisci
602 1488 692 1553 potest
706 1480 776 1552 quod
791 1477 902 1550 appetit.
912 1480 980 1532 Ante

178 1585 267 1644 omnis
281 1582 404 1640 voluutas
419 1578 520 1635 diaboli
531 1578 631 1648 inJusta
647 1584 698 1645 est,
711 1583 738 1631 at
748 1584 850 1639 tamen,
863 1574 980 1645 permit-

1033 837 1137 893 vermis
1149 837 1320 909 cotemnitur,
1348 839 1383 894 ad
1398 849 1565 897 momentum
1598 848 1731 896 ostensus
1747 841 1835 912 repel-

1032 933 1110 988 litur.
1130 931 1182 1001 Qui
1197 934 1389 1007 suggestiones
1403 935 1504 991 diaboli
1524 952 1578 993 non
1604 937 1705 1008 recipit
1719 937 1835 1009 iniquus,

1032 1023 1061 1077 in
1086 1022 1198 1077 insidias
1226 1024 1338 1081 minime
1367 1025 1469 1083 transit.
1497 1027 1567 1081 Nem
1593 1025 1674 1082 tacite
1689 1025 1718 1081 in
1743 1041 1837 1083 conse

1034 1111 1125 1182 quanti
1153 1126 1266 1183 operum
1293 1112 1443 1184 repellitur,
1464 1114 1487 1170 si
1515 1115 1604 1187 prima
1632 1115 1838 1171 oblectamenta

1034 1201 1107 1256 illius
1132 1209 1304 1272 respuuntur.
1321 1202 1452 1259 Diabolus
1477 1203 1549 1260 enim
1564 1220 1685 1276 serpens
1698 1213 1743 1260 est
1757 1203 1838 1259 lubri-

1034 1306 1092 1359 cus,
1109 1290 1187 1360 cujus
1211 1291 1234 1345 si
1250 1291 1341 1362 capiti,
1357 1291 1384 1346 id
1407 1299 1450 1348 ast
1463 1293 1559 1364 primae
1582 1293 1771 1367 suggestioni,
1788 1307 1837 1349 non

1035 1388 1178 1457 resistitur,
1222 1396 1294 1445 totus
1320 1389 1428 1445 interna
1454 1391 1556 1462 cordis,
1593 1391 1663 1447 dum
1692 1391 1837 1459 consentit,

1034 1477 1163 1532 illabitur.
1192 1478 1384 1533 Tentationum
1413 1477 1611 1535 diabolicarum
1636 1479 1717 1535 initia
1731 1478 1839 1553 fragilia

1036 1574 1107 1620 sunt.
1125 1564 1192 1634 Quae
1216 1566 1239 1621 si
1252 1582 1307 1622 uon
1322 1575 1460 1635 caventur,
1470 1567 1518 1624 sed
1533 1585 1584 1640 per
1597 1585 1679 1624 usum
1691 1569 1718 1625 in
1730 1584 1839 1627 consuo

178 1674 328 1738 tenteDeo,
338 1668 635 1740 omnispotestssjusta
647 1672 697 1721 est.
707 1665 745 1719 Ex
755 1679 785 1720 se
795 1663 867 1719 enirn
876 1654 1156 1719 tentareBtndinem
1180 1672 1333 1731 transcunt,
1363 1664 1389 1719 iu
1416 1664 1566 1722 novissimo
1600 1666 1713 1723 fortiter
1740 1681 1839 1723 conva-

179 1762 314 1837 quoslibet
328 1760 427 1828 iniuste
450 1756 561 1828 appetit,
583 1756 632 1811 sed
647 1770 695 1810 eos
710 1753 756 1825 qni
771 1751 890 1808 tentandi
906 1758 978 1815 sunt,

180 1857 289 1915 nonnisi
310 1857 382 1926 juste
409 1852 508 1909 tentari
536 1852 609 1906 Deus
633 1849 777 1923 permittit.
802 1848 881 1905 Unde
903 1855 930 1903 et
953 1849 981 1903 in

180 1948 257 2005 libris
271 1960 369 2018 regum
384 1945 419 1999 de
435 1941 548 1998 diabolo
575 1940 707 2010 scriptum
723 1946 765 1994 est
780 1938 844 2009 quia
872 1958 883 1989 a
901 1936 981 2008 spiri·

181 2046 225 2093 tus
239 2034 350 2091 Domini
365 2031 454 2087 malus
467 2029 591 2085 irruebat
604 2028 631 2082 in
646 2026 711 2083 Saul
726 2027 752 2096 (l
774 2029 842 2097 fleg.
860 2025 948 2094 xvrrr),
967 2050 979 2074 »

180 2126 309 2196 ubijaste
333 2121 463 2194 quaeritur
480 2137 488 2174 ε
514 2118 542 2174 Si
557 2116 671 2182 domini,
687 2115 868 2173 carmelus?
883 2114 906 2169 si
921 2130 981 2169 ma-

181 2225 235 2296 lus,
247 2239 297 2281 cur
311 2220 447 2278 Domini?
462 2216 517 2274 Sed
544 2216 651 2271 duobus
675 2214 766 2270 verbis
781 2214 982 2284 comprehensa

181 2323 222 2371 est
238 2321 265 2369 et
279 2313 330 2367 Dei
345 2317 467 2382 potestas
479 2307 561 2376 justa,
573 2314 598 2361 et
612 2304 715 2360 diaboli
730 2303 855 2359 voluntas
865 2302 977 2371 injusta.

182 2404 252 2458 Nam
282 2399 396 2472 spiritus
420 2395 510 2452 malus
530 2410 581 2467 per
595 2392 788 2464 nequissimam
804 2392 981 2455 volunlatem,

183 2508 209 2555 et
223 2498 295 2554 idem
311 2495 423 2568 spiritus
438 2491 546 2549 Domini
560 2508 612 2564 per
638 2497 779 2561 acceptam
801 2489 983 2559 justissimam

183 2593 356 2660 potestatem.
373 2582 504 2638 Diabolus
518 2596 574 2636 non
589 2587 631 2636 est
652 2580 801 2645 immissor,
817 2578 866 2634 sed
888 2578 984 2634 incen-

183 2685 228 2733 tor
238 2676 329 2747 potins
352 2672 492 2728 vitiorum.
506 2669 603 2741 Neque
619 2669 691 2724 enim
707 2667 772 2723 alibi
786 2667 984 2739 concupiscen-

182 2766 226 2820 tiae
241 2765 362 2819 fomenta
376 2758 526 2826 succendit,
542 2758 594 2812 nisi
620 2757 667 2813 nbi
681 2757 758 2829 prius
784 2772 877 2828 prave
904 2758 983 2830 cogi-

181 2861 291 2918 tationis
319 2858 531 2916 delectationem
553 2855 701 2925 aspexerit.
728 2852 815 2923 Quam
839 2855 862 2909 si
893 2855 984 2926 sperni

180 2951 291 3007 uberius
305 2948 453 3020 aspexerit,
482 2945 543 3000 sine
567 2944 650 3000 dubio
678 2943 724 2999 illc
737 2943 868 2999 confusus
890 2945 984 3000 disce.

183 3040 231 3108 dit,
260 3038 406 3110 statimque
435 3034 603 3108 franguntur
630 3030 721 3103 jacula
754 3032 983 3104 concupiscentia

183 3129 253 3199 ejas,
282 3132 493 3197 contemptaque
506 3126 607 3192 jacent,
632 3129 660 3177 et
678 3121 737 3177 siue
752 3121 813 3178 luce
825 3121 898 3179 iaces
913 3122 985 3179 illius

182 3227 401 3298 exstinguuntur.
433 3220 555 3278 Sollicite
582 3219 672 3275 hostis
689 3219 805 3275 insidias
830 3219 985 3294 intelligere

180 3316 283 3389 pariter
292 3322 319 3370 et
332 3327 429 3369 cavere
459 3311 509 3366 Dei
535 3325 645 3365 servum
666 3317 783 3379 oportet,
801 3309 984 3382 sicqueinuo·

183 3405 274 3463 centia
302 3403 366 3458 vitae
389 3400 507 3457 existere
535 3397 699 3469 simplicem,
725 3406 754 3452 ut
781 3405 873 3454 tamen
902 3414 984 3470 opor·

180 3509 233 3559 teat
247 3516 308 3557 eum
323 3497 496 3569 simplicitate
511 3495 674 3567 prudentem
690 3510 761 3550 esse.
779 3495 831 3565 Qui
860 3498 983 3569 prudeu-

178 3591 243 3647 tiam
257 3586 424 3659 simplicitati
439 3601 493 3641 nnn
508 3586 613 3653 miscet,
624 3584 704 3653 juxta
722 3588 883 3656 proplietam
902 3587 978 3658 (Ore.

180 3680 230 3750 vn)
240 3676 366 3736 columba
379 3682 421 3732 est
437 3675 559 3741 seducta,
577 3689 631 3730 non
647 3673 751 3729 babens
766 3690 824 3731 nor.

215 3805 270 3862 Sed
284 3802 346 3859 ideo
370 3801 497 3860 columba
526 3807 577 3865 est,
606 3798 672 3873 quia
687 3797 804 3873 simplex
831 3808 897 3868 est;
921 3801 984 3859 ideo

180 3902 272 3952 autem
285 3908 333 3949 cru
346 3907 403 3947 non
417 3890 531 3959 habens,
560 3887 622 3961 qnia
637 3888 736 3962 ignara
759 3888 910 3961 prudentiae
924 3900 978 3947 est.

180 3985 259 4057 Saepe
274 3981 347 4038 fraus
371 3980 478 4037 Satanae
507 3985 665 4035 sanctorum
694 3977 821 4034 cordibus
848 3980 980 4052 aperitur,

179 4072 290 4148 quando
306 4088 355 4145 per
369 4070 491 4142 speciem
505 4067 580 4135 boni,
597 4066 728 4139 angelum
744 4084 774 4124 se
790 4067 922 4126 simulans
940 4070 982 4126 lu·

179 4171 294 4229 cisdurn
321 4169 414 4225 nititur
441 4166 544 4223 electos
572 4165 711 4237 decipere,
740 4165 877 4239 detegitur
900 4176 981 4242 atque

179 4258 372 4317 contemnitur.
391 4257 436 4313 Sic
459 4263 486 4312 et
508 4254 596 4310 verba
623 4253 731 4311 fallacis
759 4255 892 4313 doctrine
908 4259 980 4315 Deus

1033 1751 1148 1822 lescunt,
1164 1753 1202 1808 ita
1217 1760 1245 1809 ut
1259 1769 1397 1825 nunquam
1409 1763 1455 1810 aut
1475 1770 1536 1811 num
1550 1754 1712 1812 difficultate
1728 1755 1838 1814 vincan-

1033 1845 1091 1897 tur.

1375 1955 1495 1997 tarvisio,

1070 2064 1137 2121 Cum
1153 2063 1179 2120 in
1194 2072 1250 2123 tcta
1264 2065 1316 2122 vita
1331 2064 1456 2122 diabolus
1481 2066 1669 2139 prevaricare
1701 2065 1839 2123 bominem

1035 2155 1136 2227 cupiat,
1147 2155 1265 2227 amplius
1275 2163 1366 2211 tamen
1376 2156 1405 2211 in
1413 2155 1469 2212 llus
1479 2155 1590 2212 molitur
1600 2155 1747 2228 decipere.
1755 2155 1840 2212 Proin

1041 2244 1076 2301 de
1104 2244 1229 2317 quamtis
1244 2244 1281 2301 sit
1296 2245 1396 2314 justus,
1416 2253 1507 2301 tamen
1518 2260 1634 2302 necesse
1647 2254 1692 2302 est
1705 2254 1737 2300 ut
1752 2245 1780 2300 in
1792 2246 1841 2301 bac

1036 2334 1092 2390 vita
1114 2349 1255 2407 nunquam
1271 2334 1306 2389 sit
1321 2350 1445 2399 εεειιιιιι,
1462 2333 1512 2390 sed
1526 2349 1641 2406 semper
1667 2334 1786 2390 humilis
1799 2348 1841 2390 ca·

1038 2440 1109 2500 veat,
1125 2448 1298 2504 semperque,
1313 2448 1348 2488 ne
1360 2433 1387 2487 in
1405 2432 1458 2488 fine
1472 2441 1593 2501 corruat,
1620 2432 1763 2489 sollicitus
1785 2448 1843 2504 per·

1036 2521 1172 2578 timescat.
1203 2521 1335 2577 Diabolus
1359 2521 1416 2577 suis
1445 2521 1599 2578 fautoribus
1628 2522 1783 2589 blanditur,
1798 2521 1843 2577 lici

1037 2609 1125 2666 servis
1143 2625 1209 2666 vero
1223 2609 1336 2666 molitur
1353 2618 1522 2666 tentamenta
1537 2611 1681 2667 contraria
1693 2612 1843 2668 secundum

1038 2707 1161 2779 exempla
1175 2707 1294 2773 Domini,
1311 2707 1357 2779 qui
1383 2724 1413 2763 se
1429 2716 1493 2779 post
1508 2708 1675 2780 baptismum
1691 2724 1795 2780 passus
1807 2716 1845 2765 ast

1038 2796 1172 2853 adiabolo
1199 2797 1360 2867 pertentari.
1392 2797 1523 2853 Diabolus
1536 2806 1650 2854 sanctos
1679 2814 1781 2854 ornnes
1794 2813 1844 2854 non

1038 2886 1158 2943 tenendo
1172 2886 1306 2958 possidet,
1330 2887 1380 2942 sed
1404 2887 1535 2943 tenendo
1564 2889 1761 2960 persequitur.
1779 2889 1844 2943 liam

1000 3012 1025 3078 C
1039 2975 1102 3047 quia
1116 2974 1143 3030 in
1159 2975 1199 3031 eis
1213 2975 1379 3032 intrinsecus
1393 2984 1565 3047 nonregnat,
1584 2985 1741 3032 contraeas
1748 2977 1843 3033 extrin-

1039 3089 1119 3129 secus
1131 3080 1243 3145 pugnat,
1260 3083 1285 3130 et
1301 3073 1348 3145 qui
1363 3073 1477 3129 interius
1492 3074 1582 3128 amisit
1607 3075 1777 3143 Dominum,
1802 3090 1843 3130 ex·

1038 3162 1123 3217 terius
1139 3171 1292 3218 commovet
1305 3162 1417 3218 bellum.
1441 3163 1517 3218 Tunc
1544 3171 1644 3220 contra
1674 3180 1742 3219 eum
1770 3178 1841 3237 quen

1039 3250 1164 3322 possidet
1178 3250 1303 3306 diabolus
1318 3250 1407 3307 acrius
1418 3251 1506 3317 saevit,
1524 3251 1636 3323 quaudo
1652 3268 1684 3307 se
1695 3253 1802 3308 virtute
1813 3251 1842 3306 ab

1038 3365 1071 3405 eo
1088 3347 1279 3419 expellendum
1295 3347 1446 3420 cognoscit.
1458 3348 1567 3404 Etenim
1578 3357 1606 3405 et
1622 3349 1787 3406 immundus
1796 3347 1842 3421 spi·

1037 3437 1107 3493 ritus
1123 3446 1186 3494 tunc
1201 3437 1314 3510 gravius
1328 3438 1450 3508 decerpit
1463 3454 1578 3509 puerum
1590 3438 1618 3492 iu
1636 3454 1694 3509 quo
1709 3440 1841 3496 habitabat

1038 3527 1149 3598 (liniti.
1166 3529 1225 3595 xta),
1241 3526 1350 3598 quando
1366 3527 1401 3581 ad
1428 3526 1529 3582 Christi
1543 3526 1697 3598 imperium
1722 3530 1800 3586 exire
1812 3527 1840 3582 ab

1037 3631 1070 3672 eo
1081 3624 1192 3672 coactus
1206 3623 1261 3671 est.
1281 3614 1360 3685 erod
1377 3614 1476 3671 lactum
1491 3623 1518 3670 at
1533 3617 1569 3672 ad
1583 3617 1639 3673 lob
1654 3618 1744 3675 verba
1760 3619 1839 3691 respi-

1037 3713 1082 3781 cit,
1100 3713 1147 3770 ubi
1161 3713 1189 3769 in
1204 3711 1360 3770 novissimis
1375 3714 1526 3769 vehemoth
1540 3714 1663 3771 caudam
1672 3732 1755 3773 suam
1770 3716 1839 3790 qnasi

1036 3804 1122 3859 cedus
1135 3802 1247 3874 stringit
1274 3802 1345 3873 (lob.
1365 3802 1419 3873 xa).
1448 3802 1512 3858 Plus
1526 3802 1657 3860 diabolus
1684 3814 1787 3864 contra
1799 3821 1839 3863 eos

1037 3891 1157 3948 diversis
1172 3891 1367 3948 tentationibus
1382 3892 1490 3960 insistit,
1512 3893 1557 3964 qui
1582 3904 1706 3966 possunt
1733 3904 1762 3953 et
1787 3897 1839 3953 aliis

1037 4006 1086 4046 sua
1100 3989 1214 4046 utilitate
1229 3989 1374 4062 prodesse,
1390 3998 1428 4061 ut,
1441 3990 1505 4047 dum
1519 3991 1559 4046 illi
1573 3991 1783 4064 impediuntur,
1793 4010 1838 4051 noa

1037 4079 1180 4152 perficiant
1195 4080 1267 4152 quod
1281 4079 1398 4136 docendi
1425 4088 1499 4136 sunt.
1528 4081 1643 4155 idaligni
1663 4084 1838 4155 spiritusboc

1037 4168 1110 4241 quod
1127 4167 1258 4223 intranos
1275 4169 1406 4225 mundare
1421 4169 1554 4241 cupimus,
1583 4170 1649 4228 sine
1663 4173 1837 4230 intermissio·

1035 4274 1071 4313 ne
1087 4264 1192 4313 tentant
1206 4257 1307 4314 iterum
1323 4258 1477 4314 sordidare.
1497 4258 1591 4315 Sancti
1605 4268 1702 4317 autem
1719 4276 1837 4334 presago

181 4355 292 4405 sanctos
307 4345 373 4402 lacit
385 4344 552 4417 intelligere,
568 4350 702 4416 quatenus
715 4344 881 4402 diabolicum
903 4364 1018 4443 erro-D
1034 4358 1133 4429 spiritu
1148 4372 1241 4414 eorum
1273 4356 1388 4413 insidias
1410 4368 1654 4432 praecognoscunt,
1671 4370 1702 4418 ει
1716 4360 1838 4436 quidquid

180 4460 240 4501 rem
254 4441 367 4498 interius
381 4447 559 4514 cognoscant,
567 4448 595 4495 ut
602 4439 718 4496 sollicite
735 4451 857 4498 caveant.
868 4443 979 4502 Discre-

180 4534 218 4591 tio
232 4538 388 4589 sanctorum
414 4537 487 4586 tanta
501 4544 563 4585 esse
577 4529 670 4600 debet,
699 4538 727 4585 ut
741 4529 811 4587 inter
836 4532 939 4591 bonum
953 4544 978 4592 et

181 4621 284 4680 maium
299 4619 405 4693 prediti
432 4617 536 4674 ratione
554 4617 712 4687 diiudicent,
743 4636 778 4676 ns
791 4636 840 4677 eos
852 4623 979 4681 diabolus

180 4729 231 4786 per
244 4709 365 4783 speciem
378 4707 442 4765 boni
456 4706 540 4761 sallat.
556 4708 632 4764 Tunc
646 4707 718 4763 enim
735 4708 805 4766 benc
819 4710 854 4767 de
864 4729 894 4769 se
905 4714 978 4783 judi-

181 4817 243 4868 cant
266 4806 353 4865 sancti
367 4804 477 4879 quando
492 4803 566 4860 Deus
589 4802 696 4861 fallacia
710 4806 862 4865 demonum
890 4819 978 4868 tenta-

182 4908 272 4957 menta
288 4897 352 4953 iacit
368 4893 531 4967 intelligere.
544 4892 618 4949 llulti
628 4892 799 4965 decipiuntur
813 4898 978 4959 adiaboloet

181 4989 307 5060 ignorant
322 5002 383 5042 sese
398 4998 460 5040 esse
475 4983 614 5053 deceptos,
648 4984 790 5054 propbetae
804 4985 884 5045 Oseae
899 4992 978 5046 testi-

182 5076 273 5132 monio
287 5074 446 5132 declarante
463 5091 469 5127 z
489 5094 500 5121 r
527 5070 712 5127 Comoderunt
730 5098 740 5121 a
758 5073 853 5146 inquit,
868 5100 880 5126 a
896 5079 978 5136 alieni

181 5172 267 5227 robur
281 5171 349 5240 ejus,
378 5176 406 5224 et
433 5168 492 5239 ipse
507 5166 646 5240 ignoravit
672 5168 747 5239 (Osa.
768 5174 829 5243 vn).
844 5197 856 5223 r»
872 5175 978 5232 Attieni

182 5274 299 5329 namque
313 5256 425 5329 maligni
453 5255 563 5326 spiritus
578 5255 774 5329 significantur,
799 5261 847 5334 qui
863 5264 976 5324 virtutes

182 5346 285 5403 mentis
299 5345 462 5409 comedunt;
480 5344 529 5399 sed
544 5345 596 5400 boc
611 5345 695 5401 corda
708 5348 907 5420 negligentium
922 5371 976 5413 non

181 5452 386 5510 intellexerunt.
405 5450 546 5522 Tanquam
574 5451 688 5507 inermis
707 5453 833 5513 diabolus
847 5458 973 5534 vincitur,

1033 4445 1061 4502 in
1078 4445 1233 4518 semetipsis
1248 4453 1386 4503 terrenum
1402 4447 1521 4504 sentiunt
1544 4448 1745 4509 indesinenter
1757 4450 1837 4525 operi·

1034 4535 1088 4592 bus
1103 4535 1205 4592 sanctis
1220 4535 1393 4604 exhauriunt,
1408 4544 1438 4593 ut
1455 4536 1489 4593 de
1503 4536 1607 4592 intimis
1621 4538 1686 4609 puri
1702 4540 1837 4599 invenian-

1033 4641 1091 4689 tur.
1110 4633 1216 4689 Eodem
1232 4631 1416 4689 blandimento
1430 4633 1602 4705 decipiuntur
1626 4652 1707 4694 nunc
1721 4656 1774 4711 per
1786 4639 1837 4694 dia·

1034 4722 1126 4779 bolum
1153 4721 1279 4777 homines
1308 4738 1363 4795 quo
1390 4722 1552 4794 protoplasti
1574 4723 1602 4778 iu
1617 4726 1755 4795 paradiso
1782 4734 1836 4784 annt

1033 4812 1150 4883 decepti.
1178 4810 1269 4866 linitis
1298 4811 1370 4867 enim
1398 4812 1525 4868 vitiorum
1553 4814 1709 4886 prestigiis
1736 4824 1836 4873 mentes

1031 4901 1213 4972 reproborum
1228 4901 1409 4972 pertentando
1424 4900 1540 4957 deludit.
1571 4902 1655 4959 Nunc
1693 4906 1769 4961 enirn
1784 4920 1836 4978 pro

1030 4998 1123 5055 missis
1137 4998 1251 5069 decipit,
1268 5014 1340 5055 nunc
1356 4999 1439 5055 rebus
1455 5000 1622 5057 transitoriis
1648 5005 1731 5075 quasi
1745 5021 1835 5062 neces

1032 5088 1113 5144 sariic
1127 5087 1216 5144 illicit.
1236 5088 1314 5144 Nunc
1327 5089 1402 5144 euim
1418 5088 1478 5160 ipsa
1505 5089 1606 5146 interni
1622 5094 1762 5164 supplicia
1775 5110 1835 5168 qua-

1031 5178 1054 5231 si
1078 5177 1147 5233 levia
1162 5191 1195 5233 ac
1223 5176 1381 5234 transitoria
1404 5177 1537 5250 suggerit,
1561 5187 1704 5251 quatenus
1724 5186 1834 5241 misero·

1031 5282 1092 5321 rum
1107 5266 1192 5322 corda
1202 5264 1228 5320 in
1240 5266 1388 5338 cupiditate
1405 5266 1570 5340 lasciviaque
1581 5269 1727 5330 dissolvat
1734 5288 1834 5330 secum·

1031 5379 1085 5436 quc
1101 5363 1136 5419 ad
1151 5370 1250 5419 tartara
1274 5365 1366 5423 ducat.
1395 5366 1568 5438 Argumenta
1581 5370 1768 5427 tentationum
1780 5384 1832 5427 ιιιι·

1030 5452 1174 5525 laxumque
1188 5453 1395 5524 cogitationum,
1408 5453 1511 5510 semina
1525 5470 1587 5526 quta
1599 5456 1630 5512 in
1643 5457 1733 5516 corda
1747 5458 1831 5519 botol-

180 5549 290 5625 quando
318 5548 352 5603 dc
379 5553 473 5617 aperta
494 5545 634 5618 iniquitate
660 5550 797 5611 homiuem
824 5556 976 5629 depravare
1029 5574 1095 5613 num
1110 5558 1237 5615 diabolus
1252 5559 1348 5628 tundit,
1377 5559 1415 5616 ita
1437 5576 1512 5632 saepe
1531 5562 1659 5636 undique
1682 5572 1831 5640 captantet

178 5655 302 5711 conatur.
316 5648 441 5702 Armatus
455 5642 540 5753 verbo
555 5649 620 5702 tunc
632 5646 743 5723 incedit,
758 5651 822 5709 dum
832 5671 883 5728 per
897 5675 975 5735 spem
1028 5664 1169 5741 implicant
1183 5675 1313 5741 mentem,
1327 5674 1357 5726 ut
1371 5683 1408 5726 ex
1421 5682 1478 5743 qua
1488 5676 1569 5742 parta
1582 5670 1830 5749 evodsraqnlaqu
