3780 6038
105 191 179 249 1115
676 190 847 247 waltham
868 187 1009 246 Ahatrts
1029 187 1060 243 S.
1078 185 1189 242 uttstt
1703 175 1755 231 tttt

108 331 160 373 nec
174 331 192 372 a
206 315 280 374 malo
293 316 372 388 pejus
385 315 518 390 accipitur
527 315 690 388 baptismus.
715 316 794 372 Unde
813 317 903 387 Augu·
918 313 1097 378 Abulemns.
1113 312 1141 370 Si
1156 310 1229 367 enim
1242 306 1419 383 complantati
1433 305 1501 364 11111
1516 318 1620 361 minua
1642 300 1757 358 similiu-

108 404 906 478 11111111111111111ῑί111111111111111111τ1Ν11111
959 404 1016 459 1111
1036 402 1132 459 mortis
1152 401 1223 472 ejus,
1244 399 1323 455 simul
1351 407 1379 454 et
1410 392 1636 452 resurrectionis
1667 391 1757 446 1111111

109 510 179 566 11111
194 493 318 565 limmat
334 512 386 552 ¹¹80
401 495 526 551 adultera
541 511 624 566 super
640 510 721 566 quam
738 510 837 550 nomen
857 493 907 548 Dei
960 495 1052 564 (Rom.
1073 493 1123 562 ur).
1146 515 1157 538 ι
1174 490 1243 546 Η111
1257 489 1336 545 etiam
1352 488 1449 543 heatus
1469 481 1645 541 Ambrosius
1659 481 1721 537 dicit
1738 481 1760 536 11

110 582 264 650 invocatur,
280 583 330 639 etsi
345 599 362 638 a
376 585 500 655 profanis
515 592 543 640 et
557 585 590 639 ab
605 583 735 639 adulteris
755 584 907 650 invocetur,
960 582 1030 638 libro
1051 583 1090 637 De
1110 578 1316 636 sacramentis:
1343 601 1354 626 ι
1372 578 1566 647 Interrogatus
1584 587 1592 623 z
1616 570 1714 626 Credis
1737 570 1760 624 11

112 671 175 744 qnia
195 687 245 728 nec
262 671 322 742 ipsa
337 681 475 738 creatura,
494 688 546 729 nec
568 673 655 743 ipsam
680 687 779 726 nomen
804 671 909 727 adulte·

112 768 268 815 rumesta
293 760 430 837 Traditur?
445 762 527 817 etiarn
550 777 628 816 1111
651 760 715 815 vitae
739 760 910 816 auditoribus

112 848 266 920 symbolum
282 848 344 905 lidei
362 867 369 903 ε
385 850 457 922 quod
472 866 522 921 per
537 850 680 905 duodecim
695 849 835 920 apostolos
860 863 908 903 or·

113 936 236 992 dinatum
252 946 304 1005 est,
321 946 347 993 et
362 939 472 994 totidem
498 938 640 994 sententiis
663 938 905 1009 comprehensum.

111 1026 253 1082 Postremo
280 1026 410 1097 parvulus
432 1027 466 1083 ad
492 1027 657 1098 baptismum
680 1026 869 1099 interrogatur
894 1042 910 1081 1

114 1113 257 1170 sacerdote
276 1134 281 1169 :
302 1113 911 1186 «1111111111811111111111111111111·

114 1202 165 1258 bus
179 1203 252 1273 ejus,
266 1211 293 1258 et
305 1203 432 1259 omnibus
447 1204 559 1276 pompis
570 1204 653 1274 ejesl
667 1226 678 1252 1
694 1212 722 1260 11
737 1204 855 1276 primum
866 1218 910 1257 re-

113 1299 192 1362 spuat
207 1307 340 1358 errorem,
357 1300 383 1347 et
398 1293 569 1364 approximet
583 1293 616 1348 ad
633 1293 782 1357 veritatem,
801 1298 830 1346 ut
844 1308 910 1362 pos·

112 1379 158 1448 sit,
172 1380 253 1450 juxta
268 1381 440 1452 Apostolum,
463 1381 601 1452 deponere
627 1390 747 1437 veterem
771 1381 911 1437 homiuem

113 1483 175 1523 cum
190 1468 295 1524 actibus
309 1469 378 1533 suis,
392 1469 494 1525 scilicet
509 1469 652 1539 pristinam
663 1469 910 1536 conversationem,

113 1556 255 1628 abnegans
269 1556 434 1627 impietatem
450 1566 476 1612 11
491 1558 633 1614 saecularia
648 1557 783 1614 desideria
800 1559 910 1631 (Epire.

962 672 1047 728 Deum
1064 671 1172 725 Patrem
1196 665 1440 738 omnipotentem?
1461 660 1587 718 dixisti:
1615 658 1716 722 Credo,
1739 666 1761 712 et

962 776 1070 817 mersus
1082 775 1123 824 11,
1138 758 1166 813 11
1180 764 1222 813 111
1235 755 1360 824 sepultus
1383 769 1426 809 es.
1450 754 1556 807 lterum
1582 748 1762 820 interrogatus

962 867 993 907 es
1009 867 1016 905 :
1032 848 1126 905 Credis
1140 856 1167 904 et
1181 846 1208 901 in
1223 845 1317 901 lesum
1339 833 1478 899 Christum
1502 837 1659 896 Dominum
1682 844 1763 890 natum

962 947 990 995 11
1004 954 1115 1010 passum
1129 937 1143 991 1
1157 934 1248 990 dixisti
1264 952 1270 989 :
1287 932 1375 988 Credo
1392 951 1399 998 3
1416 940 1442 987 et
1457 944 1576 985 mersus
1603 943 1648 993 es,
1678 925 1705 982 id
1729 932 1764 979 est

964 1027 1073 1085 Christo
1087 1024 1265 1095 consepultus
1280 1039 1323 1078 es.
1342 1020 1394 1091 Qui
1418 1026 1513 1075 autem
1537 1015 1656 1074 Christo
1676 1029 1764 1069 11111·

962 1117 1071 1190 pelitur,
1087 1130 1150 1171 eum
1166 1113 1275 1170 Christo
1296 1116 1433 1181 resurget.
1457 1105 1555 1163 'lertio
1582 1104 1766 1174 interrogatur

963 1222 993 1262 es
1011 1226 1017 1261 :
1033 1203 1129 1262 Credis
1144 1213 1169 1258 et
1183 1202 1210 1257 in
1226 1199 1357 1273 Spiritum
1371 1205 1497 1254 sanctum
1507 1197 1523 1249 1
1533 1192 1635 1249 dixisti
1647 1209 1656 1247 ε
1667 1191 1766 1251 Credo;

963 1301 993 1351 et
1010 1309 1120 1350 mersus
1136 1308 1165 1347 cs
1182 1291 1273 1357 tertio,
1287 1297 1317 1344 11
1331 1284 1512 1357 multiplicem
1526 1282 1644 1354 lapsum
1667 1280 1768 1351 argita-

963 1383 1053 1451 tionis,
1069 1381 1225 1443 locutionis,
1243 1375 1412 1450 operationis
1427 1373 1556 1431 aboleret
1573 1370 1651 1426 trina
1666 1368 1770 1425 conlea-

964 1473 1018 1529 sio.
1039 1494 1050 1521 1
1068 1472 1144 1526 llanc
1159 1468 1232 1525 sacri
1247 1463 1419 1537 baptismatis
1433 1460 1672 1519 emundationem
1686 1458 1715 1512 11
1735 1457 1770 1511 ei-

964 1560 1145 1617 militudinem
1161 1555 1257 1612 mortis
1271 1553 1373 1611 Christi
1386 1550 1565 1608 celebratam
1576 1545 1773 1619 prefigurabat

113 1643 163 1716 tv).
179 1645 336 1716 Respondet
351 1646 483 1718 parvulus
493 1664 542 1718 per
552 1663 600 1703 ora
608 1647 782 1720 gestantium.
797 1670 808 1694 1
821 1647 910 1702 Abre-
927 1665 1036 1732 Baqus
1057 1644 1224 1718 aspersionis
1241 1643 1270 1699 in
1289 1640 1373 1697 veteri
1393 1639 1465 1712 lege,
1487 1653 1543 1709 qua
1571 1635 1774 1692 emundabatur

115 1734 221 1790 nuntio.
240 1756 251 1783 1
268 1735 347 1791 Unde
361 1735 530 1806 Augustinus
544 1745 638 1792 contra
651 1736 789 1791 lulianum
805 1735 831 1790 in
857 1734 907 1788 lib.

115 1837 166 1878 tv:
186 1844 198 1871 1
215 1820 347 1896 Quisquis
361 1833 444 1896 negat
459 1840 509 1896 per
523 1840 573 1880 ora
595 1825 762 1899 gestantium
783 1823 914 1896 parvulos

116 1909 307 1967 abrenuntiare
318 1920 345 1967 et
359 1916 482 1982 credere,
500 1921 526 1969 et
540 1922 624 1986 neget
635 1929 682 1969 eos
694 1914 819 1984 accipere
830 1911 915 1982 bapti·

117 2014 216 2066 smum,
232 2000 297 2072 quia
311 2000 338 2056 in
361 2001 487 2056 manibus
509 2003 675 2073 gestantium
699 2003 911 2059 reluctantur.»

116 2084 185 2143 Item
198 2085 227 2141 in
240 2086 311 2143 libro
325 2088 365 2143 De
379 2089 539 2159 poenitentia
555 2107 561 2143 :
580 2113 591 2137 ·
610 2089 732 2145 Parvulis
753 2089 787 2143 ad
811 2104 913 2144 conse·

117 2175 266 2231 orationem
286 2183 314 2230 et
333 2177 524 2233 remissionem
544 2177 690 2250 originalis
716 2179 822 2248 peccati
847 2192 914 2248 pro-

118 2262 180 2319 dest
198 2279 291 2320 eorum
306 2261 375 2319 tides
388 2279 404 2318 a
419 2265 517 2337 quibus
531 2265 693 2334 offeruntur,
719 2276 748 2321 ut
774 2281 914 2337 quascun-

119 2366 173 2424 que
191 2352 314 2409 macelas
333 2351 495 2409 delictorum
515 2370 567 2425 per
585 2354 666 2422 alios,
686 2371 703 2410 a
722 2354 822 2427 quibus
858 2353 915 2409 nati

119 2447 187 2495 sunt
205 2448 413 2508 contraxerunt,
427 2442 547 2497 aliorum
563 2443 642 2498 etiam
656 2443 868 2515 interrogatione
888 2449 915 2498 et

119 2527 299 2599 responsione
314 2537 476 2602 purgentur.
492 2553 503 2578 ι
517 2531 581 2587 Post
591 2531 853 2588 abrenuntiationem
865 2548 914 2587 un·

119 2615 195 2689 gitur
208 2616 420 2673 catechumenus
435 2618 497 2675 oleo
511 2635 591 2676 sacro
606 2620 632 2675 in
648 2629 769 2691 pectore,
785 2628 914 2692 tanquam

120 2703 260 2770 muniatur
274 2704 409 2762 adversus
425 2708 532 2764 hostem
556 2708 730 2774 invisibilem,
755 2726 789 2764 ne
813 2709 837 2764 ei
862 2709 914 2763 im·

119 2792 221 2849 munda
241 2800 269 2848 et
300 2795 380 2852 noxia
413 2797 577 2868 persuadeat
610 2797 761 2854 desideria.
798 2797 915 2870 Ungitur

119 2890 146 2937 et
161 2882 231 2938 inter
245 2883 382 2956 scapulas,
397 2885 443 2940 ubi
459 2895 500 2941 est
516 2886 595 2958 vigor
610 2887 736 2959 portandi
758 2886 861 2952 oneris,
887 2894 916 2942 ut

119 2967 310 3029 tortitudinem
323 2973 440 3044 accipiat
454 2974 488 3028 ad
504 2975 667 3043 portandum
681 2975 789 3048 pondre
811 2974 866 3031 diei
889 2983 916 3031 et

120 3068 213 3126 aestus,
229 3059 299 3116 sicut
314 3060 402 3116 bonus
416 3061 530 3118 athleta.

154 3174 257 3232 Exinde
269 3177 421 3250 exquiritur
436 3178 471 3234 ab
486 3194 520 3235 eo
535 3179 559 3235 si
577 3180 672 3237 credat
695 3178 724 3235 in
748 3182 836 3237 Deum
862 3182 916 3237 Pa·

121 3270 191 3320 trem
210 3265 436 3336 omnipotentem,
458 3275 485 3324 11
503 3269 638 3324 inlesum
666 3270 802 3325 Christum
822 3270 917 3326 Filium

122 3351 183 3422 ejus
200 3353 311 3409 unicum
329 3354 476 3411 Dominum
502 3366 650 3425 nostrum,
680 3369 705 3414 et
732 3358 759 3414 in
789 3359 917 3431 Spiritum

122 3449 271 3506 sanctum,
296 3459 377 3499 unum
394 3445 481 3500 Deum
496 3447 523 3500 in
543 3446 699 3513 Trinitate,
725 3457 752 3503 et
771 3449 872 3505 trinum
890 3448 917 3503 in

122 3529 225 3585 unitate
241 3548 248 3596 ;
264 3530 291 3585 si
304 3532 468 3587 condreatur
485 3550 567 3589 unam
587 3551 649 3590 esse
669 3546 790 3593 sanctam
819 3537 918 3594 Eccle-

122 3615 192 3672 siam
207 3616 384 3686 Catholicam,
400 3625 429 3676 et
444 3621 466 3675 si
482 3622 576 3678 credat
601 3624 791 3681 remissionem
816 3641 918 3697 pecca-

122 3711 213 3760 torum
227 3711 256 3760 at
270 3705 353 3762 sitam
361 3714 502 3765 aeternam.
524 3711 689 3767 llaecomnia
711 3712 733 3767 si
759 3714 919 3784 proliteatnr

123 3793 288 3860 accredere,
301 3796 358 3865 jam
373 3796 467 3868 incipit
481 3797 508 3853 in
524 3815 559 3854 eo
574 3800 643 3855 mori
657 3809 737 3856 vetus
760 3803 851 3873 homo,
872 3805 917 3876 qui

123 3882 273 3938 secundum
287 3884 374 3940 Deum
389 3895 494 3942 creatus
508 3888 588 3942 estin
602 3889 704 3955 iustitia
727 3898 753 3945 et
776 3892 919 3948 sanctitate

123 3970 247 4028 veritatis
260 3972 362 4045 (idid).
376 3975 405 4029 ln
429 3975 664 4033 abrenuntiatione
690 3978 789 4050 prioris
811 3996 921 4051 posses·

123 4059 204 4129 soris,
218 4061 351 4118 suadente
366 4063 508 4134 charitate,
521 4065 579 4135 jam
605 4066 661 4122 vult
683 4067 711 4122 in
733 4069 778 4138 jus
801 4069 920 4142 legitimi

122 4150 293 4219 possessoris
313 4151 449 4208 transire:
479 4153 506 4208 in
534 4170 615 4227 quem
638 4155 696 4226 jam
725 4155 865 4227 profitetur
888 4175 918 4215 11

968 1738 1013 1809 qui
1028 1744 1165 1794 mortuum
1181 1732 1319 1804 tetigerat,
1335 1737 1364 1785 ut
1389 1728 1417 1783 in
1439 1734 1533 1784 cestra
1563 1731 1772 1782 reverteretur:

967 1826 1011 1883 cui
1026 1824 1161 1881 immistus
1184 1828 1244 1878 erat
1267 1819 1338 1875 cinis
1362 1816 1454 1874 situlas
1477 1813 1550 1871 rulaa
1574 1824 1661 1870 extra
1687 1820 1775 1870 eastra

967 1911 1127 1975 combustae,
1143 1909 1278 1979 hyssopus
1293 1917 1401 1976 quoque
1412 1915 1515 1956 coccus
1530 1904 1559 1954 et
1578 1899 1701 1954 cedrus.
1731 1895 1776 1951 Vr·

968 2000 1024 2057 tela
1039 1990 1457 2071 quippaillnquaelemineusest
1474 2003 1562 2043 sexus
1583 1985 1774 2060 fragilitatem,

968 2089 995 2145 11
1010 2096 1052 2144 111
1067 2084 1274 2158 passibilitatem
1291 2078 1384 2135 carnis
1406 2075 1511 2132 Christi
1536 2073 1696 2149 signilicat,
1720 2071 1776 2128 ruls

968 2185 1079 2250 propter
1094 2171 1236 2245 sanguinis
1253 2166 1428 2224 effusionem.
1447 2163 1518 2235 Quae
1533 2164 1624 2220 etiam
1640 2171 1719 2218 extra
1733 2177 1777 2218 ca·

968 2275 1024 2322 stra
1039 2264 1128 2334 ejecta
1143 2270 1194 2317 est.
1212 2261 1241 2315 ln
1255 2272 1310 2330 quo
1326 2254 1501 2328 figurabatur
1515 2253 1596 2325 quod
1607 2259 1637 2308 et
1649 2249 1777 2308 Dominus

968 2369 1098 2426 passurus
1113 2359 1190 2407 extra
1208 2347 1344 2405 civitatem
1368 2343 1467 2400 dactus
1496 2350 1551 2398 est.
1585 2339 1673 2411 Quod
1700 2339 1778 2396 111111

968 2442 1099 2516 sanguine
1123 2438 1246 2509 ejusdem
1269 2434 1360 2491 vitulae
1379 2431 1586 2504 aspergebatur
1612 2428 1720 2502 septies
1743 2436 1778 2482 ta·

968 2532 1155 2595 bernaculum,
1172 2535 1198 2583 st
1212 2525 1309 2583 omnia
1325 2538 1390 2580 uasa
1403 2518 1595 2585 tabernaculi,
1614 2518 1729 2591 plenam
1744 2516 1780 2571 si·

968 2620 1077 2696 gnificat
1092 2616 1314 2676 emundationem
1327 2626 1411 2685 quam
1426 2609 1505 2665 intus
1515 2616 1544 2665 et
1558 2615 1645 2664 extra
1671 2604 1781 2664 11111111

969 2709 1084 2782 sanguis
1098 2706 1209 2764 Christi.
1224 2702 1322 2760 Anima
1332 2701 1403 2756 enim
1414 2706 1525 2754 constat
1537 2696 1649 2769 triplici
1672 2695 1781 2761 1111111,

968 2815 1066 2872 corpus
1088 2811 1153 2852 vero
1179 2800 1313 2866 quaterna
1338 2789 1539 2844 elementorum
1573 2784 1782 2853 complexione,

969 2888 1032 2961 quia
1052 2894 1166 2957 uterque
1185 2881 1314 2937 mundata
1333 2884 1375 2934 est
1399 2875 1502 2933 Christi
1530 2874 1687 2947 unguinis
1712 2870 1782 2928 cffu-

969 2978 1059 3033 sione.

1006 3089 1084 3161 Qttod
1105 3104 1170 3146 vero
1189 3101 1286 3145 carnes
1305 3081 1430 3157 ejusdem
1449 3076 1547 3134 vitulae
1566 3083 1598 3133 et
1618 3075 1730 3135 corium
1756 3082 1783 3130 et

971 3189 1093 3237 stercora
1108 3175 1336 3235 comburebantur
1349 3172 1403 3227 hoc
1426 3165 1623 3242 significatum
1645 3172 1688 3221 est
1717 3160 1782 3236 quis

973 3279 1025 3326 tota
1044 3266 1184 3323 humilitas
1203 3274 1229 3322 et
1246 3259 1398 3337 ignominia
1415 3256 1555 3330 passionis
1576 3270 1665 3311 uersa
1689 3259 1734 3309 est
1755 3251 1779 3306 in

971 3358 1088 3433 gloriam
1104 3352 1322 3410 resurrectionis.
1338 3346 1418 3415 Quod
1444 3345 1517 3400 bene
1540 3342 1621 3416 ignis
1645 3339 1781 3429 signifieat

973 3447 1021 3520 qui
1037 3461 1148 3517 semper
1163 3443 1198 3499 ad
1212 3440 1354 3513 superiora
1369 3434 1466 3501 tendit,
1482 3440 1511 3490 et
1526 3432 1605 3503 quod
1620 3428 1779 3487 absumitin

973 3553 1002 3592 se
1017 3533 1164 3592 conuertit.
1182 3531 1261 3601 Quod
1278 3537 1367 3584 autem
1384 3528 1522 3597 hyssopus
1536 3521 1606 3577 huic
1625 3517 1778 3593 aspersioni

972 3624 1151 3688 admiscetur,
1162 3613 1481 3692 bocsignilieatquodin
1497 3611 1557 3666 ilde
1577 3610 1682 3665 mortis
1699 3608 1778 3664 Chri·

973 3714 1008 3769 sti
1023 3720 1137 3784 peccata
1149 3707 1325 3764 mundantur.
1341 3703 1420 3763 Unde
1432 3701 1472 3757 ait
1484 3698 1662 3771 Apostolus:
1689 3721 1702 3746 ·
1716 3696 1777 3753 rrae

972 3801 1107 3858 mundans
1125 3798 1211 3855 corda
1231 3810 1328 3852 eorum
1359 3791 1471 3866 (apher.
1504 3790 1546 3860 1).
1589 3808 1603 3836 ι
1635 3788 1778 3859 llyssopus

973 3891 1073 3963 quippe
1088 3890 1150 3944 ideo
1167 3886 1248 3941 fidem
1267 3881 1411 3956 significat,
1427 3878 1500 3952 quod
1524 3892 1592 3933 cum
1624 3876 1664 3932 ait
1692 3874 1777 3931 herba

973 3979 1093 4042 humilis,
1109 3975 1223 4032 firmiter
1238 3975 1321 4029 haeret
1347 3971 1376 4027 in
1403 3976 1491 4041 petra.
1525 3966 1640 4024 Coccus
1668 3978 1777 4038 quoquc

973 4069 1036 4124 huic
1051 4066 1199 4122 adhibetur
1213 4058 1411 4125 emundationi,
1436 4072 1496 4131 quae
1520 4055 1658 4111 flammeo
1687 4053 1777 4110 colora

973 4158 1130 4215 charitatem
1146 4152 1282 4226 signiticat
1296 4149 1355 4206 sine
1370 4162 1425 4221 qua
1452 4153 1594 4201 mortuum
1625 4151 1670 4200 est
1699 4141 1777 4216 quid·

123 4237 236 4293 credere
256 4246 283 4294 et
300 4240 336 4294 ab
355 4256 388 4296 eo
407 4249 510 4297 aeterna
528 4244 640 4314 praemia
660 4256 833 4316 exspectare.
858 4248 920 4303 Jsm
973 4247 1037 4320 quid
1053 4244 1121 4300 lides
1135 4251 1276 4313 operatur.
1301 4237 1407 4295 Cedros
1428 4234 1512 4291 etiam
1535 4232 1602 4290 huic
1630 4230 1778 4306 opitulatur

123 4334 302 4399 expurgatum
321 4336 461 4386 11111111
480 4329 652 4399 termentum,
674 4335 723 4389 sed
742 4335 921 4391 1111111111
973 4331 1227 4404 mundationique
1242 4325 1417 4399 imputribilis
1440 4323 1525 4379 arhor
1552 4322 1668 4392 dicitur,
1697 4330 1725 4377 et
1752 4320 1778 4375 in

125 4429 196 4469 nova
212 4418 383 4486 conspersio,
403 4418 450 4473 uhi
469 4420 539 4476 sacri
559 4419 640 4475 tontis
663 4432 795 4494 sequatur
817 4424 918 4480 ablutio
933 4389 959 4449 D
974 4421 1090 4479 excelsis
1105 4419 1243 4475 montibus
1258 4416 1372 4483 radicat,
1387 4421 1415 4470 et
1428 4411 1491 4468 ideo
1500 4426 1581 4482 spem
1593 4409 1779 4482 incorruptio·

126 4500 152 4568 (l
166 4502 229 4559 Cor.
249 4503 290 4573 1).
310 4503 368 4559 Sub
386 4507 566 4576 responsione
593 4509 670 4565 trinae
699 4512 920 4583 interrogationis
975 4513 1017 4568 nis
1033 4506 1309 4580 etsuperuaeglortae
1338 4500 1485 4575 significat.
1515 4500 1627 4556 llorum
1656 4498 1777 4556 omniurn

126 4588 620 4653 11111111111111111111111111
649 4598 776 4655 sordibus
804 4601 920 4656 vetustis
975 4598 1166 4669 coniunctione
1179 4609 1252 4667 aqua
1266 4591 1436 4665 aspersionis
1460 4596 1655 4656 consecratur,
1682 4596 1712 4645 et
1734 4585 1780 4660 qni

126 4678 255 4749 abluitur,
289 4688 316 4735 et
344 4697 443 4738 novum
472 4683 610 4741 bominem
640 4686 761 4755 indutus,
789 4687 920 4745 triduanae
973 4696 1111 4745 mortuum
1130 4685 1267 4757 tetigerat,
1296 4691 1324 4737 ut
1351 4680 1453 4736 dictum
1477 4684 1531 4744 cst,
1561 4676 1780 4743 emundabatur,

126 4767 234 4824 Domini
253 4770 399 4842 sepulturas
430 4773 627 4844 consepelitur.
665 4776 742 4833 Unde
774 4779 921 4849 Apostolus
975 4776 1038 4851 quia
1052 4775 1098 4848 qui
1112 4773 1244 4846 operibus
1258 4769 1384 4836 mortuis,
1399 4767 1429 4824 id
1444 4775 1487 4822 est
1500 4765 1628 4837 peccatis
1653 4765 1780 4839 origina-

126 4855 185 4913 ait:
207 4880 219 4906 ι
240 4858 397 4931 Consepulti
418 4861 490 4918 enim
509 4878 605 4919 sumus
623 4882 673 4937 per
701 4866 865 4939 baptismum
893 4867 920 4921 in
975 4866 1046 4922 libus
1062 4862 1263 4937 coinquinatur,
1292 4858 1424 4915 liberatur
1450 4853 1623 4925 baptismata
1642 4870 1727 4912 sacro
1753 4852 1782 4909 ia

129 4953 255 5012 mortem,
271 4953 300 5002 ut
313 4950 452 5020 quomodo
476 4951 600 5007 surrexit
624 4954 748 5011 Christus
770 4971 784 5010 a
809 4955 921 5013 mortuis
975 4953 1028 5009 lide
1043 4952 1139 5008 mortis
1151 4949 1252 5008 Christi
1267 4958 1295 5004 et
1309 4944 1514 5004 resurrectionis
1538 4958 1606 5002 cum
1630 4941 1782 5018 spondens

129 5048 179 5104 per
191 5034 309 5108 gloriam
325 5037 423 5106 l’atris,
438 5037 476 5095 ita
490 5048 518 5097 et
532 5056 583 5097 nos
603 5041 630 5096 in
644 5044 764 5101 nouitate
780 5043 841 5102 1111
860 5061 921 5101 am·
975 5041 1114 5099 charitatis
1128 5047 1155 5096 et
1170 5038 1230 5112 spei
1244 5035 1447 5109 baptizabatur.

514 5294 822 5399 11111111
859 5293 1095 5398 nuaram
1132 5224 1387 5396 111111.

768 5495 968 5565 Secundum
994 5498 1133 5564 Lucam.

169 5676 246 5737 Beati
262 5673 344 5745 oculi,
376 5675 422 5749 qni
443 5675 535 5734 vident
555 5694 616 5753 111
642 5696 693 5738 111
721 5680 831 5739 ridetis.
862 5681 930 5740 bico
984 5674 1788 5756 autemvobisquodmultiregesstprophatsssidersso·
