3780 6038
135 179 205 235 teat

686 177 857 235 wnattttttt
875 179 1019 238 abattts
1037 183 1070 240 S.
1093 184 1205 243 Blasii

1699 154 1791 253 'toti

135 312 165 361 ut
190 319 239 360 nos
263 302 420 359 informaret
446 301 480 356 ad
491 299 611 374 agendas
628 317 736 374 semper
745 303 802 362 Deo
816 304 928 378 gratias,
941 307 969 368 A
984 309 1038 364 ruli
1052 312 1156 383 excepti
1176 318 1247 384 sunt,
1264 315 1310 385 qai
1326 324 1378 371 tam
1394 317 1421 373 in
1434 319 1524 375 Veteri
1550 336 1638 390 quam
1665 321 1696 376 in
1724 322 1790 380 Nero

138 410 200 451 cum
216 393 259 448 vel
283 392 310 447 in
325 407 404 447 carne
419 388 554 446 reficimur
577 391 619 446 rel
633 392 658 446 in
684 393 785 448 anima.
803 394 832 450 Si
860 395 932 449 enim

139 483 168 539 in
183 489 286 553 septem
302 480 416 552 panibus
431 480 476 551 qui
500 497 553 536 non
568 480 694 552 legimtur
712 481 794 538 fuisse
821 483 933 540 hordea·

135 571 176 628 cei
199 569 365 642 septiformis
393 569 480 641 gratie
507 570 578 625 Nori
606 571 768 626 Testamenti
801 572 931 644 signetur,

136 667 200 740 qnid
223 668 251 723 in
280 666 424 740 pisciculis,
455 664 504 719 nisi
543 673 648 721 sanctos
669 667 822 723 conditores
862 669 933 723 illius

135 758 281 828 Scripturas
294 754 450 826 accipimus,
480 754 524 811 vel
538 754 599 810 illos
612 771 725 826 querum
740 754 822 812 fidem
851 764 878 812 et
890 757 932 814 vi-

133 861 190 909 tam
213 860 241 909 et
268 852 407 924 passiones
427 851 486 922 ipsa
510 851 648 922 Scriptura
672 853 800 921 eontinet,
825 853 871 924 qui
898 853 932 909 de

134 941 295 998 turbulentis
317 941 396 1010 hujus
423 939 513 995 saeculi
536 940 660 996 fluctibus
681 941 765 1011 erepti
780 948 807 996 et
834 957 932 998 conm-

133 1031 208 1096 crati,
224 1030 399 1087 refectionem
415 1028 495 1086 nobis
517 1029 845 1099 internamexemplosuae
868 1031 932 1088 vitas

133 1121 177 1177 vel
194 1121 288 1176 mortis
307 1118 457 1189 prebuere,
487 1134 521 1173 ne
548 1118 576 1173 in
598 1119 678 1189 hujus
700 1118 794 1174 mundi
818 1135 931 1176 excursu

133 1209 299 1267 deficiamus.

172 1308 236 1363 «m
262 1305 438 1363 comedemnt
452 1318 546 1360 omnes
569 1312 596 1360 et
609 1305 717 1360 saturati
732 1313 803 1362 sunt.
834 1327 846 1357 a
877 1305 931 1362 tlo-

988 399 1159 456 Testnmento
1183 417 1238 457 non
1281 404 1457 462 admittuntur
1485 410 1520 464 ad
1544 426 1708 480 numerum,
1738 415 1790 483 quia

988 503 1042 543 non
1057 489 1202 560 perdurant
1226 508 1365 550 occurrere
1392 496 1524 553 invirum
1552 499 1727 569 perfeetum,
1754 502 1789 558 rel

987 584 1154 641 infirmitate
1175 588 1273 645 virium
1292 592 1336 647 vel
1350 592 1456 650 levitate
1475 596 1589 651 mentis.
1606 597 1730 667 Utraque
1755 615 1790 654 m

987 673 1068 730 fertio
1082 675 1218 732 celebrata
1231 687 1272 734 est
1298 680 1326 735 in
1345 692 1447 750 monte,
1462 685 1526 754 qaia
1541 692 1696 757 utrumque
1710 687 1790 744 Testa·

987 769 1106 819 mentum
1142 765 1310 824 altitudinem
1346 772 1536 829 mandaterum
1567 775 1632 841 Dei,
1671 782 1700 831 et
1725 776 1789 832 illius

987 862 1086 916 montis
1113 863 1292 934 altitudinem,
1316 867 1361 938 qui
1386 878 1426 925 est
1453 886 1532 926 mons
1562 872 1669 928 domus
1689 873 1739 929 Dei
1764 876 1788 931 in

985 951 1085 1006 vertice
1124 954 1266 1025 niomium,
1296 972 1416 1014 consona
1443 975 1510 1017 voce
1538 961 1623 1018 nobis
1652 962 1786 1035 praedicat

1185 1089 1257 1146 ilem
1271 1093 1411 1163 repetitio
1424 1092 1458 1150 de
1472 1093 1587 1153 codem

1020 1209 1116 1264 Narrat
1149 1210 1328 1285 Evangelium
1357 1215 1463 1272 turbam
1490 1218 1609 1274 multam
1642 1219 1786 1278 Dominum

985 1296 1072 1353 lmduo
1086 1298 1251 1370 sustinuisse,
1263 1301 1341 1373 eique
1355 1304 1456 1361 vietum
1470 1307 1603 1374 defuisse,
1616 1316 1647 1364 el
1660 1311 1786 1380 quosdam

133 1395 268 1452 mcdimus
292 1401 391 1451 attente
406 1392 549 1459 audiendo,
580 1401 607 1448 et
634 1395 760 1464 exempla
777 1394 928 1464 intuendo;
984 1401 1017 1440 01
1042 1387 1081 1441 eis
1107 1387 1142 1443 (le
1164 1388 1244 1462 longe
1258 1393 1373 1449 venisse.
1405 1394 1483 1452 Unde
1508 1396 1649 1452 Dominus
1669 1400 1788 1456 miserore

131 1492 292 1552 saturamur,
308 1481 631 1538 memoriaereeondcmlo
646 1490 672 1537 ot
694 1483 841 1553 operando.
863 1484 931 1540 Huic
984 1474 1052 1529 (11111
1076 1477 1098 1531 Si
1127 1493 1173 1533 0⁰⁵
1197 1479 1526 1550 1111105111111111111ἒ1111
1551 1486 1597 1543 ria
1625 1487 1783 1545 deficerem·

134 1572 284 1645 operationi
299 1572 424 1644 congruit
438 1571 502 1624 illud
526 1571 674 1627 Psalmistae
690 1591 696 1627 :
715 1595 727 1621 u
746 1572 831 1627 Edent
858 1589 928 1642 pau·
984 1572 1093 1643 Septem
1118 1591 1182 1647 ergo
1211 1593 1295 1647 panes
1323 1595 1384 1634 eum
1399 1582 1492 1652 paucis
1502 1583 1646 1653 pisciculis
1667 1585 1788 1642 intereos

134 1679 212 1734 peres
226 1669 253 1717 ct
267 1661 465 1724 saturabuntur,
490 1667 516 1714 et
539 1659 687 1714 laudabunt
709 1661 854 1716 Dominum
883 1659 1075 1737 quissdirisit
1101 1671 1126 1718 et
1154 1664 1233 1732 plene
1260 1674 1391 1724 saturatos
1422 1669 1523 1726 dimisit
1553 1690 1561 1726 τ
1592 1681 1676 1728 erant
1704 1683 1788 1731 autem

131 1760 271 1831 requirunt
300 1775 361 1814 eum
386 1758 474 1826 (Psoi.
495 1758 535 1826 ιι).
566 1756 644 1826 Quod
664 1759 737 1813 enim
766 1757 931 1815 manducans
984 1766 1098 1828 quatuor
1120 1762 1206 1817 millia
1231 1763 1529 1836 quimanducaverunt,
1554 1776 1583 1824 et
1596 1769 1730 1843 discipuli
1755 1788 1790 1827 se

132 1849 247 1922 populus
261 1848 371 1904 satiatur
390 1845 524 1918 significat
550 1845 650 1901 famem
667 1848 695 1902 in
709 1855 867 1920 perpetuum
895 1847 930 1902 ab

131 1938 223 1995 electis
236 1936 432 2009 repellendam,
453 1933 560 2005 quando
581 1950 636 1991 non
651 1936 748 1992 esuriet
776 1936 821 2007 qui
848 1952 929 1992 acce·

131 2027 200 2100 perit
214 2026 304 2082 eibum
316 2025 423 2081 Christi.

164 2153 198 2207 Et
219 2151 292 2222 quod
329 2149 461 2220 superfuit
488 2150 522 2207 de
559 2150 719 2223 fragmentis
743 2149 860 2205 tulerunt
882 2166 927 2204 se-

129 2247 203 2311 ptem
223 2238 330 2311 sportas
343 2238 447 2308 plenas.
468 2240 578 2309 Septem
603 2244 701 2307 sportae
716 2253 776 2308 quae
802 2244 929 2308 superant

130 2346 191 2393 sunt
215 2336 312 2392 altiora
325 2343 460 2408 praecepta
487 2336 530 2391 vel
544 2336 666 2392 consilia.
692 2333 760 2403 Quae
785 2335 927 2391 multitudo

131 2441 186 2482 non
200 2432 288 2497 potest
309 2424 441 2496 attingere
454 2424 597 2490 servando,
627 2423 675 2480 sed
698 2432 799 2479 tanturn
828 2423 865 2478 illi
880 2423 926 2493 qui

129 2515 227 2585 majori
250 2513 339 2588 gratia
365 2513 438 2585 pleni
465 2522 538 2568 sunt.
558 2513 662 2583 Quibus
676 2512 794 2568 dicitur:
814 2535 825 2560 e
843 2512 872 2568 Si
888 2512 928 2567 vis

130 2613 272 2688 perfectus
282 2628 350 2681 esse,
366 2610 452 2669 rende
467 2611 559 2668 omnia
574 2627 633 2683 quae
644 2610 727 2667 habes
741 2618 768 2665 et
782 2609 816 2666 da
826 2626 928 2681 paupe-

131 2703 208 2760 ribus
222 2702 335 2774 (beot.
356 2705 433 2772 xix).
457 2724 469 2751 a
488 2702 521 2756 Et
539 2701 602 2771 quia
616 2708 714 2772 sportae
726 2698 809 2769 junco
823 2707 849 2754 et
864 2698 927 2771 pul·

129 2807 235 2848 marum
263 2790 338 2846 foliis
356 2790 444 2845 solent
465 2788 582 2854 contexi,
608 2788 702 2843 merito
718 2788 746 2841 in
771 2795 925 2842 sanctorum

127 2885 355 2962 significationem
387 2894 532 2959 ponuntur.
575 2885 674 2941 iuncus
711 2885 812 2956 quippe
846 2900 927 2954 super

984 1855 1057 1919 ptem
1075 1857 1180 1921 sportas
1207 1851 1242 1908 de
1266 1851 1425 1925 fragmentis
1453 1857 1693 1928 tulerunt(lfarc.
1721 1865 1787 1933 rui).

985 1936 1073 1991 Turba
1102 1955 1161 2008 quae
1188 1940 1335 1996 Dominum
1365 1943 1452 1999 triduo
1471 1946 1589 2001 sustinet
1602 1956 1647 2002 est
1676 1951 1789 2022 populus

983 2031 1101 2090 fidelium
1117 2036 1162 2106 qni
1172 2037 1341 2109 signaculum
1355 2039 1417 2096 fidei
1432 2042 1460 2096 in
1477 2043 1563 2098 tribus
1575 2047 1707 2116 personis
1730 2050 1789 2103 reti-

984 2131 1038 2177 net.
1054 2124 1104 2179 llic
1118 2127 1217 2181 vietum
1242 2144 1296 2184 non
1320 2129 1409 2197 habet,
1425 2130 1489 2186 dum
1518 2132 1607 2189 verbo
1624 2135 1679 2190 Dei
1709 2147 1787 2192 caret.

983 2221 1058 2277 Sicut
1079 2239 1176 2295 cerpus
1204 2241 1273 2295 pane
1302 2228 1428 2298 pascitur,
1449 2229 1486 2285 ita
1500 2231 1596 2287 anima
1624 2235 1715 2290 verbo
1743 2236 1789 2289 [lei

982 2309 1108 2367 relicitur.
1125 2312 1177 2381 Qui
1192 2314 1226 2369 de
1241 2314 1322 2387 longe
1349 2326 1490 2385 renemnt,
1520 2320 1633 2376 bisunt
1657 2324 1706 2394 qui
1733 2332 1791 2394 pest

982 2400 1066 2456 multa
1080 2401 1182 2474 flagitia
1209 2404 1244 2458 ad
1257 2404 1401 2460 Dominum
1429 2407 1571 2464 redibunt.
1599 2411 1679 2466 Nam
1708 2413 1736 2468 hi
1757 2413 1789 2468 da

981 2505 1066 2560 prope
1089 2491 1200 2548 veniunt
1223 2493 1268 2563 qui
1296 2495 1440 2565 apueritia
1460 2497 1488 2551 in
1503 2499 1652 2556 sanctitate
1683 2502 1787 2558 vivunt

981 2587 1021 2643 De
1037 2588 1120 2660 longe
1134 2590 1282 2658 venientes,
1300 2607 1333 2646 na
1361 2592 1388 2647 in
1399 2592 1592 2661 riadeficiant,
1618 2597 1787 2668 reficiuntur,

981 2676 1044 2746 quia
1054 2677 1256 2748 poemtentesne
1273 2678 1416 2751 desperent
1442 2698 1526 2739 seerae
1537 2684 1696 2756 Scripturas
1722 2704 1789 2744 eon-

980 2764 1111 2821 solationa
1141 2775 1295 2839 pascuntur.
1314 2769 1403 2824 Turba
1430 2786 1514 2840 super
1540 2780 1647 2829 terram
1670 2777 1789 2833 discum

981 2854 1029 2921 bit,
1059 2854 1122 2925 quia
1145 2856 1260 2925 populus
1283 2855 1403 2913 fidelium
1431 2876 1460 2914 se
1488 2861 1636 2932 pulverem
1665 2866 1790 2922 attendit.

981 2941 1067 3012 Quem
1081 2944 1214 3000 Dominus
1223 2954 1326 3017 septem
1349 2947 1464 3018 panibus
1490 2948 1590 3019 reiicit,
1617 2953 1690 3009 dum
1705 2956 1732 3011 ei
1745 2972 1790 3012 se-

134 2994 232 3049 aquam
257 2977 384 3044 nascitur,
410 2983 437 3032 et
465 2976 542 3032 electi
580 2974 699 3030 redicem
722 2974 812 3030 cordis
829 2991 862 3028 ne
890 2973 926 3028 ab

129 3082 221 3123 amore
250 3065 406 3122 aeternitatis
421 3073 552 3131 arescant,
568 3065 596 3119 in
611 3065 669 3134 ipse
684 3063 747 3118 vitae
774 3062 847 3118 fonte
874 3061 927 3117 col·
940 3035 965 3098 (1
981 3040 1264 3112 111111011511111111
1278 3043 1362 3099 1111111
1385 3043 1533 3101 1111111111·
1549 3047 1613 3105 Uni>
1629 3065 1707 3120 9³⁰0
1730 3069 1789 3108 1111111

130 3155 229 3212 locant.
260 3155 353 3210 Palma
380 3153 518 3211 victricem
547 3160 625 3209 emat
647 3167 769 3221 manum,
798 3159 824 3206 et
850 3151 928 3207 electi
980 3129 1717 3210 111111*111111111111’11111111111110111111511111111
1743 3159 1790 3196 51·

126 3244 220 3301 mundi
234 3244 348 3301 victores
373 3243 533 3298 memoriam
560 3249 667 3297 aeternae
691 3239 872 3296 retributionis
898 3241 927 3295 in
980 3218 1088 3290 1111111111
1106 3219 1249 3275 1111111111·
1278 3221 1370 3278 111110
1399 3228 1658 3296 111111111111115111,
1675 3229 1789 3287 dumei

129 3342 211 3399 corde
237 3342 365 3397 retinent.
380 3340 434 3397 Cur
447 3349 537 3395 autem
557 3339 675 3410 quinque
690 3338 809 3393 millibus
836 3336 925 3392 bemi-
980 3315 1265 3388 1111111113111111111111
1290 3317 1698 3396 11111111111111111111111111111·
1720 3328 1788 3382 Ter·

129 3447 193 3486 num
213 3430 274 3499 plus
296 3428 457 3496 redundant,
473 3435 500 3483 et
522 3435 636 3498 quatuor
650 3426 769 3481 millibus
796 3425 885 3480 minus
911 3425 926 3479 f
979 3404 1016 3460 110
1043 3420 1114 3475 111111
1141 3421 1203 3460 111111
1222 3405 1320 3474 11111111
1336 3408 1400 3463 (111111
1427 3410 1492 3465 111111
1516 3411 1636 3484 1118111,
1658 3418 1785 3473 necisum

978 3507 1114 3563 respuere,
1143 3494 1266 3565 spiritum
1297 3496 1401 3552 consilii
1439 3498 1541 3553 tribuit.
1565 3501 1676 3569 Quarto
1717 3520 1786 3576 pane

127 3519 239 3587 (tetta.
269 3518 336 3586 xv.)
365 3516 435 3585 Quia
449 3523 563 3586 quatuor
577 3515 661 3570 millia
676 3514 764 3570 biduo
778 3530 839 3569 cum
850 3513 926 3569 Cbri·

125 3614 166 3661 sto
190 3605 306 3673 fuerunt,
336 3612 363 3660 et
384 3605 446 3661 ideo
462 3605 581 3675 amplius
607 3604 720 3659 coelcstis
734 3603 826 3675 pabuli
855 3619 925 3659 rece

127 3700 234 3767 pauni.

165 3833 176 3860 a
195 3811 374 3865 Erantautem
390 3808 436 3879 qui
451 3806 681 3864 manducaverunt
699 3814 813 3877 quatuor
840 3807 925 3862 millia

125 3898 267 3957 bominum
295 3905 370 3953 extra
393 3897 520 3968 parvulos
548 3904 576 3951 et
602 3896 737 3963 mulieres,
768 3902 794 3950 et
824 3895 926 3950 dimisit

127 4004 183 4044 eos.
201 4011 213 4038 ι
230 3989 261 4043 ln
289 3986 420 4058 superiori
461 3986 540 4058 signo
568 3985 790 4056 quinquemillia
818 3984 926 4040 fuerunt

124 4084 204 4155 juxta
218 4099 366 4165 numerum,
392 4097 506 4155 panum,
537 4081 600 4154 quia
622 4081 703 4139 ricini
731 4088 838 4137 erantv
866 4097 925 4137 sen·

127 4190 216 4229 suum.
232 4173 277 4229 isti
299 4171 394 4243 quide
422 4180 525 4243 septem
553 4171 669 4243 panibus
697 4171 748 4226 boc
762 4177 802 4226 ast
820 4178 924 4226 sacrato

127 4271 234 4326 aluntur
252 4284 375 4335 numero,
392 4277 507 4340 quatuor
534 4268 698 4323 milliasunt.
716 4266 768 4337 Qui
796 4285 923 4323 numerus

124 4375 232 4429 semper
254 4359 283 4414 in
308 4357 387 4413 lauda
415 4358 532 4430 ponitur.
563 4358 597 4415 Et
625 4357 827 4430 quadrangulus
854 4357 923 4426 lapis

125 4463 180 4503 non
204 4453 244 4501 est
267 4445 408 4512 instabilis,
435 4452 461 4501 et
489 4446 518 4499 in
542 4460 575 4500 eo
602 4460 715 4501 numero
749 4445 923 4518 evangelista

125 4543 195 4592 suut.
225 4535 359 4590 Numems
386 4535 477 4604 itaque
485 4534 647 4589 refectorum
656 4534 736 4589 docet
758 4549 805 4590 eos
832 4541 923 4606 pastos

124 4633 288 4708 evangelicis
305 4632 413 4688 cibariis
428 4651 435 4698 ;
451 4631 585 4702 simulque
609 4631 727 4686 insinuat
762 4631 921 4687 innumera-

122 4733 206 4789 bilem
231 4730 430 4787 multitudinem
448 4730 483 4785 de
511 4736 625 4800 quatuor
645 4729 719 4785 orbis
747 4729 869 4800 partibus
887 4730 922 4785 ad

122 4829 239 4888 eoelestis
264 4827 316 4884 cibi
344 4827 446 4882 donum
471 4841 671 4881 concursuram.
700 4826 757 4882 Hoc
786 4825 869 4899 igitur
882 4833 922 4898 ty-

122 4920 183 4992 pice
193 4920 262 4975 inter
278 4920 338 4973 haee
360 4914 536 4972 refectionem
565 4915 655 4984 distat,
684 4914 809 4986 quodibi
835 4915 922 4971 littera

121 5029 199 5078 vetus
223 5019 303 5092 plena
329 5034 387 5073 esse
412 5017 518 5090 signata
547 5024 586 5072 est
613 5015 700 5089 gratia
727 5015 849 5088 spiritali.
871 5017 921 5072 llic

123 5108 294 5183 gratiaNori
319 5107 482 5163 Testamenti
511 5112 658 5160 monstrata
680 5112 721 5160 cst
744 5105 920 5162 ministrando

123 5206 248 5262 fidelibus
276 5214 389 5276 quatuor
406 5211 499 5261 omata
512 5204 662 5272 virtutibus,
691 5220 805 5274 querum
833 5205 920 5276 prima

123 5309 164 5358 est
191 5302 299 5374 cognito
325 5319 415 5358 rerum
441 5300 656 5373 appetendarum
684 5309 711 5357 et
737 5301 917 5372 vitandarum,

122 5391 240 5447 secunde
254 5390 398 5447 refrenatio
412 5390 567 5461 cupiditatis
585 5389 620 5446 ab
635 5389 677 5445 bis
691 5405 751 5460 quae
780 5400 918 5462 tempora-

979 3598 1040 3636 eum
1055 3589 1164 3649 saturat,
1189 3582 1330 3639 demeum
1348 3585 1376 3639 in
1387 3586 1465 3642 bonis
1487 3589 1585 3660 spititu
1617 3591 1785 3649 fortitudinis

978 3669 1099 3725 roborat.
1115 3669 1214 3740 Quinto
1228 3689 1299 3743 pane
1313 3691 1374 3729 eum
1402 3684 1513 3743 rec-reat,
1528 3677 1596 3733 dum
1613 3695 1682 3736 eum
1710 3682 1784 3754 spiri·

980 3766 1006 3814 tu
1025 3759 1144 3814 scientim
1170 3760 1296 3817 illustrat.
1329 3762 1410 3820 Sexto
1438 3781 1509 3834 pane
1538 3782 1604 3822 eum
1635 3769 1779 3841 refecillat,

978 3846 1042 3901 dum
1071 3864 1132 3902 euin
1156 3848 1191 3903 ad
1213 3849 1367 3906 sectandam
1390 3851 1523 3922 justitiam
1547 3856 1650 3927 spiritu
1680 3860 1782 3931 pietatis

978 3935 1115 3991 informat.
1136 3936 1257 4010 Septimo
1286 3955 1356 4011 pane
1383 3956 1430 3996 cer
1448 3942 1506 4013 ejus
1534 3942 1697 4017 coufirmat,
1720 3948 1781 4005 dunt

978 4049 1040 4089 eum
1067 4049 1084 4089 a
1109 4034 1181 4090 malo
1209 4035 1304 4107 spiritu
1326 4037 1429 4094 timoris
1454 4047 1561 4096 avocat.
1592 4042 1682 4102 Pauci
1705 4046 1781 4119 pisci·

977 4121 1029 4177 culi
1043 4122 1187 4192 adduntur,
1203 4123 1267 4180 dum
1283 4125 1307 4181 ei
1330 4125 1455 4199 exempla
1466 4125 1590 4185 fidelium
1618 4149 1780 4207 proponun-

977 4227 1028 4275 tur.
1045 4219 1260 4290 Quatuormillia
1273 4230 1435 4294 saturantur,
1461 4225 1525 4296 quia
1540 4236 1664 4299 quatuor
1691 4231 1781 4289 mundi

976 4317 1076 4378 partes,
1092 4326 1140 4381 per
1154 4318 1267 4381 quatuor
1288 4313 1440 4386 evangelia,
1455 4315 1489 4369 ad
1503 4324 1612 4387 septem
1635 4319 1710 4377 dona
1724 4320 1781 4394 Spi-

937 4395 963 4455 D
977 4396 1043 4452 ritus
1053 4398 1138 4454 saneti
1153 4408 1291 4455 rorantur.
1317 4401 1426 4474 Septem
1441 4411 1541 4473 sportae
1556 4405 1591 4462 de
1621 4408 1781 4483 fragmentis

975 4496 1177 4558 superaverunt,
1208 4491 1271 4560 quia
1297 4499 1400 4563 septem
1415 4492 1476 4547 libri
1501 4494 1724 4569 Hagiograpbiae
1748 4500 1779 4556 de

975 4583 1078 4648 septem
1106 4576 1184 4633 donis
1207 4579 1321 4648 Spiritus
1334 4581 1417 4637 sancti
1429 4580 1606 4652 redundant;
1625 4587 1662 4642 de
1687 4589 1780 4659 quibus

975 4672 1390 4746 adhucdoctoresrelootienem,
1408 4679 1483 4750 quasi
1491 4679 1525 4735 de
1535 4683 1651 4754 sportis,
1659 4684 1779 4743 fidelibus

975 4763 1138 4818 ministrant.
1170 4765 1261 4821 Primo
1282 4766 1415 4838 siquidem
1430 4777 1522 4841 sporta
1544 4779 1587 4828 est
1595 4772 1671 4830 liber
1698 4776 1778 4832 loan-

974 4860 1016 4916 nis
1043 4879 1092 4933 per
1106 4878 1185 4932 quem
1200 4862 1308 4933 spiritus
1318 4865 1457 4936 sapientiae
1483 4869 1640 4927 maximam
1670 4874 1777 4946 sapien·

975 4949 1040 5004 tiam
1056 4951 1182 5007 ncetesiae
1206 4952 1321 5009 invexit.
1341 4953 1466 5010 Secunda
1486 4966 1581 5026 sporta
1605 4969 1649 5017 est
1678 4962 1776 5019 Psalle·

973 5048 1052 5115 rium,
1078 5066 1127 5119 per
1156 5051 1228 5121 quod
1242 5052 1350 5123 spiritus
1369 5053 1520 5110 intellectus
1544 5073 1631 5128 quam
1662 5062 1776 5117 mammo

973 5138 1007 5191 ad
1022 5138 1197 5209 intelligendo
1225 5141 1373 5211 spiritualia
1395 5159 1503 5199 sensum
1519 5144 1655 5205 Eeelesiae
1683 5152 1773 5223 aperit

973 5227 1061 5282 Tertia
1083 5237 1174 5299 sporta
1206 5237 1267 5286 sunt
1294 5230 1449 5301 Proberria,
1476 5249 1526 5303 per
1555 5251 1641 5306 quem
1670 5239 1773 5312 spiritus

971 5314 1076 5370 consilii
1098 5332 1148 5386 per
1174 5317 1252 5387 pluro
1267 5318 1329 5374 ritae
1356 5320 1469 5377 consilia
1484 5321 1617 5381 Ecdesiae
1648 5326 1768 5387 donarit.

971 5411 1072 5482 Quarta
1085 5423 1176 5486 sporta
1204 5424 1245 5471 est
1271 5417 1454 5487 Ecclesiastes,
1483 5436 1533 5492 per
1557 5439 1644 5495 quem
1669 5426 1772 5499 spiritua

120 5489 182 5546 liter
197 5487 371 5557 delectantur,
401 5487 478 5542 tertia
492 5486 604 5543 firmitas
621 5496 714 5543 contra
727 5488 840 5544 molesta
862 5506 917 5546 δίθ-
970 5502 1132 5559 fortitudinis
1161 5505 1307 5561 Ecclesiam
1332 5506 1440 5565 abunde
1467 5516 1566 5567 centn
1580 5511 1650 5571 vitia
1673 5514 1770 5572 ferb‘br·

120 5588 184 5658 culi,
200 5593 365 5659 quartaque
383 5600 432 5657 per
445 5599 539 5640 omnes
553 5582 713 5640 diffunditur
725 5583 834 5642 dileetio
861 5588 917 5643 Do·
969 5589 1031 5647 diue
1057 5592 1149 5648 cinxit.
1179 5592 1279 5663 Quinta
1301 5603 1392 5668 sporta
1405 5603 1447 5653 est
1473 5597 1600 5673 Canbea,
1623 5602 1656 5661 in
1678 5602 1770 5677 quibu

104 5681 354 5764 mmietproxirni.
382 5682 420 5743 Et
431 5680 472 5741 ibi
495 5688 522 5742 et
544 5679 730 5744 monuisses
754 5691 917 5761 amuapur-
967 5688 1081 5763 spiritus
1092 5691 1213 5769 seleutias
1228 5692 1374 5765 plurimam
1384 5695 1677 5765 aienuansseetuia
1694 5718 1768 5763 reae·
