3780 6038
191 266 243 321 ‘lxi

193 389 308 452 sionem,
322 393 349 441 et
363 356 486 458 quredam
511 385 575 440 elie.
594 382 673 453 Quod
688 385 810 440 enimait
824 405 833 440 .·
850 386 985 454 Excerpe,
1002 389 1027 445 ,t

192 478 366 548 ploricmec,
384 473 483 529 Christi
512 473 742 529 resurrectionem
756 473 893 543 designat.
910 474 949 526 hc
965 471 988 524 si

193 575 298 631 diceret
314 590 321 631 :
337 574 475 642 Exsurget
486 573 520 627 de
535 580 622 627 morte
638 571 762 627 Christus
785 571 832 645 qui
846 580 887 625 est
899 569 989 642 gloria

194 679 265 719 mea.
282 661 449 717 llludautem
461 660 532 733 quod
547 669 588 717 est
604 675 610 714 ε
626 662 764 732 Excerpe,
776 661 946 732 psalterium
960 662 988 713 et

194 761 316 827 cithara,
332 766 446 829 propter
460 756 590 829 gaudium
608 755 704 823 intulit,
719 764 745 810 et
758 756 989 826 laetitiamquaeex

195 848 294 905 Christi
309 846 511 903 resurreetione
526 845 636 900 fuerant
655 853 829 916 proventura,
846 859 906 916 quae
921 843 990 898 hene

195 961 243 1017 per
255 942 415 1015 psalterium
430 941 619 1012 designantur,
645 947 672 994 et
686 939 828 1004 citharam,
845 954 907 994 cum
922 948 988 993 tem·

195 1048 261 1105 pore
273 1031 458 1103 prosperitatis
475 1028 610 1085 etlartitire
637 1028 793 1097 hujusmodi
813 1036 991 1083 exerceantur

195 1122 384 1178 iustrumenta.
405 1122 444 1174 hc
459 1117 588 1173 sidiceret
604 1116 990 1188 :Christorestrrgente,omne

196 1235 260 1276 cum
288 1234 322 1275 eo
337 1215 471 1291 gaudium
486 1221 616 1286 exsurget
626 1212 990 1286 etquelaetitial'ertortium

196 1324 263 1364 vero
272 1306 345 1379 quod
356 1312 398 1360 est
410 1305 583 1373 :Earurpom
594 1303 730 1370 diluculo,
741 1302 787 1356 ubi
809 1301 989 1372 supplendum

197 1406 239 1453 est
253 1399 283 1452 in
295 1395 432 1459 dituculo,
448 1399 557 1447 notetur
571 1390 634 1462 quia
647 1391 705 1461 ipse
721 1390 808 1445 David
824 1390 858 1445 de
870 1390 990 1445 tenebris

194 1484 294 1540 inlerni
309 1479 464 1554 eripiendus
478 1486 533 1535 erut
548 1487 707 1551 resurgente
722 1478 840 1533 Christe.
858 1477 989 1533 Siccam·

196 1571 308 1645 quohic
336 1585 386 1641 per
413 1567 560 1623 diluculum
589 1566 767 1639 intelligimus
794 1566 892 1632 lucem,
922 1566 991 1621 sicut

196 1669 290 1725 multis
305 1668 332 1722 in
347 1665 414 1722 locis
429 1680 478 1736 per
493 1679 594 1720 nomen
605 1664 677 1735 quod
693 1671 735 1719 est
748 1679 856 1733 resper,
864 1662 990 1718 tenebras

196 1757 351 1828 intelligere
366 1753 486 1810 solemus
501 1761 528 1808 et
542 1760 659 1809 noctem.
677 1756 716 1808 he
732 1752 754 1807 si
763 1759 857 1823 aperte
867 1751 969 1808 diceret
982 1769 989 1806 ε
1006 1757 1033 1818 Β

196 1846 304 1901 Christo
328 1849 499 1914 resurgente,
517 1856 664 1914 exsurgam
678 1849 704 1895 et
728 1856 781 1912 ego
810 1841 844 1896 de
874 1839 991 1896 tenebris

196 1958 260 1999 cum
277 1939 342 1996 eoin
354 1938 442 2012 gloria
450 1936 661 2009 etmagnaluce.
674 1936 808 2004 Quartum
820 1935 991 2007 autemquod

195 2030 280 2085 dixit:
292 2029 430 2084 h'ealtcre
444 2042 529 2098 super
543 2027 635 2093 cretos,
653 2027 734 2093 Deus,
747 2028 865 2096 ctscper
879 2041 991 2080 curnem

196 2133 304 2183 terrem
317 2125 409 2196 plotio
426 2127 485 2186 tuo,
495 2122 529 2177 de
544 2122 709 2177 exaltatione
723 2131 748 2177 et
763 2138 882 2177 ascensu
892 2122 991 2176 Christi

195 2213 335 2272 incoelum
365 2210 480 2278 addidit,
497 2210 531 2265 de
547 2226 603 2282 quo
619 2225 736 2266 ascensu
765 2219 912 2281 pertotum
940 2210 990 2263 sihi

194 2308 321 2363 muudum
335 2305 480 2377 provenire
499 2305 617 2360 debebat
627 2306 729 2377 gloria.
763 2305 845 2374 Qtrasi
861 2307 966 2361 diceret
983 2324 989 2360 :

195 2395 366 2451 Exultaheris
395 2394 570 2465 superemlos
586 2403 613 2448 et
640 2395 785 2458 ascendes,
812 2404 838 2450 et
853 2394 915 2449 iude
944 2393 990 2448 tihi

194 2500 338 2567 pertutam
355 2500 454 2546 terram
484 2491 701 2547 accumulabitur
715 2491 815 2564 glorie.
832 2491 910 2562 Quod
926 2508 990 2548 vero

197 2590 272 2655 dixit,
291 2591 373 2654 Deus,
391 2587 546 2643 necessario
560 2588 594 2641 de
610 2588 716 2643 Christo
742 2589 928 2661 intelligimus,
945 2589 991 2661 qoi

195 2687 222 2734 et
237 2680 319 2734 homo
333 2676 381 2732 luit
396 2685 422 2732 et
437 2677 522 2732 Deus.
540 2678 625 2730 l‘urus
640 2677 712 2732 enim
728 2678 801 2732 Deus
817 2694 877 2733 cum
892 2694 942 2733 nec
956 2678 991 2733 de

194 2766 256 2823 loco
269 2767 303 2822 ad
314 2765 402 2821 locum
414 2765 660 2835 moveatur,proenl
682 2765 765 2820 dubio
774 2782 824 2822 nee
839 2766 989 2834 descendit,

196 2880 248 2921 nec
263 2862 386 2919 escendit
401 2870 444 2916 out
460 2861 610 2917 exaltatur.

232 2971 356 3026 Morsus.
377 2968 491 3031 Sullicit,
508 2968 594 3023 lateor
611 2969 683 3040 quod
699 2970 858 3025 deascensu
884 2969 987 3025 dixisti.

195 3060 252 3115 Sed
268 3058 294 3114 iu
309 3067 361 3113 tuae
374 3056 436 3111 fidei
459 3056 628 3127 expositione
642 3058 731 3114 adhuc
746 3074 828 3113 unum
859 3058 988 3130 tetigisti,
1020 3104 1029 3129 ,

194 3147 322 3202 videlieet
338 3145 413 3217 qnod
428 3145 504 3199 rivos
529 3144 651 3212 judicare
666 3153 693 3199 ot
707 3152 830 3201 mortuus
858 3155 988 3201 venturus
1023 3141 1030 3165 ¹

194 3237 229 3290 sit
244 3235 329 3289 indie
342 3232 450 3302 judieii.
467 3232 549 3299 Cujus
565 3232 605 3286 rei
621 3248 670 3287 nec
680 3241 870 3305 argumentum
885 3250 936 3289 nec
946 3251 988 3288 ra-

194 3326 294 3381 tionem
311 3321 466 3392 expostulo.
490 3320 518 3374 Si
532 3323 613 3383 enim,
636 3329 664 3376 ut
678 3322 798 3389 creditis,
816 3329 840 3375 et
860 3323 934 3377 Deus
950 3331 992 3378 est

196 3418 224 3468 et
238 3413 330 3477 homo,
346 3409 412 3463 setis
427 3424 489 3463 eum
506 3408 625 3476 judicem
640 3410 723 3464 etiam
734 3410 827 3464 mundi
846 3426 908 3466 esse
921 3427 990 3466 con-

195 3500 277 3556 cedo.
297 3496 446 3553 Sedhsbes
457 3496 992 3568 tueliquamdeScripturuauctoritatem

197 3603 282 3659 super
292 3601 325 3642 eo
339 3587 353 3639 ‘l

235 3712 352 3766 Parnes,
367 3709 466 3780 Utique
480 3708 579 3763 haheo.
604 3709 649 3765 Sic
676 3725 794 3780 nemque
818 3709 936 3780 legimus
965 3711 992 3766 in

200 3797 393 3856 Danielislibro
402 3815 407 3851 ι
417 3797 588 3868 Aspiciebom
599 3797 685 3853 detrec
700 3797 796 3853 tlrrorri
806 3801 891 3870 positi
912 3804 992 3865 aurit,

198 3895 225 3947 et
241 3888 379 3960 Antiquos
388 3886 500 3941 dierrtm
514 3886 587 3941 sedit
618 3886 702 3953 (Dan.
720 3892 779 3940 rui.
797 3888 828 3940 Et
856 3894 953 3957 postea
966 3889 994 3942 in

197 3978 312 4034 eodem:
324 3976 469 4033 Iudicium
479 3975 561 4040 redit,
569 3978 597 4030 et
609 3974 675 4029 libri
685 3976 779 4046 operti
797 3980 877 4030 sunt.
889 3977 995 4031 Deinde

197 4068 277 4123 etiam
293 4067 319 4120 in
335 4065 432 4121 eadem
447 4063 552 4118 visione
570 4079 576 4116 :
593 4064 767 4134 Aspicielram
791 4080 867 4134 erpo,
891 4065 993 4136 inquit,

195 4153 995 4225 invisionenoctir,etcrcccurutruditureoeliqcnriliticr

199 4245 321 4301 hominis
331 4242 502 4305 venerator
512 4257 597 4312 esque
608 4241 643 4296 od
653 4242 924 4313 Arrtiqcrmrdicrum
934 4259 996 4314 per·

199 4335 286 4394 trehit,
297 4334 327 4387 in
343 4336 495 4402 conspecto
511 4332 570 4400 ejus
582 4330 747 4386 obtulerunt
760 4331 994 4392 emercaretur

198 4423 378 4494 potestatem,
390 4419 598 4482 ethonorem,el
607 4421 763 4487 reprendet
778 4435 874 4475 crerier
884 4421 991 4491 pepuli,

200 4517 290 4573 tritus
305 4515 446 4584 ellinpurc
461 4515 583 4569 servient
605 4515 639 4567 ei.
654 4515 780 4567 l'otcstcr
794 4514 854 4582 ejus
869 4519 993 4586 potestas

199 4611 377 4674 ceteraeque
392 4619 448 4657 non
458 4604 649 4670 auferetur,ct
662 4604 849 4672 reprruch'ur
864 4620 921 4658 non
935 4619 995 4659 ecr-

194 4679 348 4767 rumpetur·
359 4690 459 4761 (ibid).
470 4689 602 4760 Antiquos
611 4689 711 4760 quippe
729 4690 833 4745 dierum
848 4691 893 4762 qui
909 4692 993 4757 sedit,

198 4795 273 4849 Deus
290 4792 368 4844 l’oter
381 4796 430 4843 est.
450 4787 500 4841 Per
518 4787 571 4841 hcc
590 4803 655 4842 vero
670 4787 742 4858 quod
761 4786 993 4845 dixit:lcrlicium

197 4888 280 4952 sedit,
292 4884 392 4940 etum-r·
401 4883 717 4956 apertirunt,jttdicium
732 4885 891 4957 designatur
906 4886 991 4956 quud,

198 4985 223 5041 in
241 4984 294 5038 line
308 4980 401 5035 mundi
428 4989 469 5036 est
483 4980 611 5047 futurum,
635 4980 662 5034 in
685 4998 739 5052 quo
754 4982 830 5052 quasi
859 4982 887 5035 in
915 4981 994 5037 libris

198 5072 300 5142 scripta
314 5069 491 5125 discutientur
504 5070 602 5125 merita
617 5070 788 5142 singulorum
798 5070 992 5141 (llottlrxxvt.

198 5170 249 5239 Qui
265 5175 356 5221 autem
366 5182 427 5221 cum
442 5167 559 5222 nubibus
574 5167 779 5233 cmlireniebat,
789 5167 913 5222 Christus
942 5178 993 5236 est,

197 5263 243 5336 qui
259 5269 332 5317 recte
347 5276 399 5315 non
412 5262 494 5317 Filius
508 5263 625 5319 hominis
640 5264 774 5329 absolute,
788 5264 836 5319 sed
859 5267 940 5336 queri
952 5267 994 5320 li·

198 5367 254 5422 liur
270 5363 391 5419 hominis
406 5363 513 5427 dicitur,
532 5365 594 5436 quia
616 5365 720 5420 nonde
748 5375 828 5436 putre
852 5366 955 5421 carnali
969 5374 995 5422 et

196 5472 291 5526 matre,
307 5460 362 5515 imo
376 5460 411 5515 de
438 5460 544 5530 virgine
559 5470 584 5516 et
601 5463 659 5518 Deo
674 5463 750 5517 Putre
766 5471 845 5518 natus
865 5472 916 5529 est,
946 5466 996 5519 l‘er

196 5555 249 5609 hoc
259 5565 326 5606 vero
340 5548 412 5621 quod
427 5556 519 5620 parato
540 5549 653 5618 judicio,
670 5559 696 5604 et
714 5551 822 5621 opertis
837 5552 925 5620 libris,
941 5557 994 5609 Arr-

196 5653 291 5724 tipcus
300 5647 411 5703 dicrum
421 5647 447 5702 ei
461 5648 675 5717 potestatem,et
686 5646 829 5716 honorem,
839 5655 992 5723 etrepnum

193 5740 281 5811 dedit,
297 5744 325 5797 et
337 5735 458 5795 omnium
472 5732 642 5808 populorum,
659 5734 778 5791 tribuum
789 5751 822 5795 uc
837 5736 994 5813 linguarum

656 258 755 316 PETRI
774 258 945 315 ALPHONSl
967 258 1014 312 EX
1033 258 1151 317 JUDAEO
1171 262 1368 320 chrismetur

1791 266 1840 320 656

1044 386 1201 443 servitutem
1217 388 1269 459 ipsi
1283 389 1426 460 promittit,
1442 397 1515 461 patet
1529 388 1672 460 prolecto,
1692 388 1760 462 quic
1770 389 1841 458 judi·

1043 474 1113 530 cium
1125 477 1244 531 omnium
1260 478 1286 530 in
1312 478 1405 533 mundi
1433 479 1668 534 consummatione
1698 476 1754 532 sibi
1772 493 1838 533 cou-

1043 585 1150 626 cessum
1162 574 1206 627 sit.
1225 575 1274 628 l’er
1288 575 1340 631 hoc
1356 575 1436 629 etiam
1464 576 1537 648 quod
1553 583 1604 642 est,
1623 578 1752 647 potestas
1782 576 1840 645 ejus

1043 672 1151 725 eterno
1166 686 1227 743 qcoe
1234 674 1456 742 retractaretur,
1464 677 1492 728 et
1506 689 1625 744 repetem
1633 675 1696 742 ejus
1706 671 1779 743 quod
1786 688 1839 726 noe

1043 765 1250 831 corrumpetur,
1267 761 1339 831 quod
1350 768 1452 815 tantum
1467 761 1502 816 ad
1513 777 1626 833 regnum
1637 759 1760 815 divinum
1778 776 1838 829 per·

1045 846 1120 911 tinet,
1137 847 1841 922 etperilludquodpraecedit,quosil‘iliurhominis

1044 935 1183 999 veniebat,
1201 937 1392 1006 proculdubio
1412 938 1540 1004 innuitur,
1557 936 1691 1009 quoditie
1707 938 1753 992 cui
1774 937 1842 1005 judi-

1043 1022 1115 1077 cium
1131 1038 1162 1079 ae
1174 1040 1289 1096 regnum
1306 1026 1362 1079 tale
1385 1025 1513 1091 dabatur,
1539 1026 1662 1081 Christus
1673 1033 1727 1092 est,
1743 1026 1791 1097 qui
1818 1033 1843 1080 et

1044 1110 1126 1175 Deus,
1139 1120 1168 1166 ut
1182 1110 1311 1178 diximus,
1326 1122 1352 1168 et
1381 1115 1463 1169 homo
1475 1114 1581 1168 tuturos
1596 1120 1670 1170 erat.
1705 1113 1842 1169 Concedat

1043 1216 1132 1262 mrtem
1147 1208 1205 1276 tibi,
1221 1210 1319 1276 amice,
1335 1212 1475 1276 Domlnus,
1491 1220 1520 1266 nt
1529 1219 1556 1266 tu
1568 1211 1707 1279 injudicio
1736 1211 1785 1266 illo
1795 1226 1842 1265 eo-

1043 1297 1157 1368 rumqui
1174 1298 1200 1351 in
1211 1305 1290 1367 parte
1303 1297 1416 1354 dextera
1432 1300 1585 1356 collocandi
1609 1308 1673 1355 suut
1690 1300 1794 1369 (ieter,
1810 1300 1842 1354 sit

1044 1401 1124 1440 uuus.
1143 1388 1240 1441 Amen.

1323 1564 1469 1620 TlTULUS
1494 1565 1558 1618 xlt.

1046 1682 1121 1748 Quod
1145 1683 1193 1737 tre
1209 1681 1436 1741 Christianorum
1464 1684 1518 1754 tepi
1532 1684 1688 1756 lloysinom
1717 1685 1761 1737 ert
1776 1696 1841 1738 eon·

1389 1774 1492 1829 traria.

1083 1891 1206 1945 horsus
1226 1891 1529 1962 llxctenusdesiugulis
1542 1889 1838 1961 turecrudelitatispar·

1046 1979 1118 2032 tibus
1128 1978 1465 2051 stillicienterdisputatum
1480 1988 1531 2046 est,
1548 1981 1597 2034 sed
1613 1979 1640 2034 iu
1654 1980 1673 2034 d
1685 1980 1843 2051 sputetionis

1047 2067 1158 2122 exordio
1173 2084 1253 2121 unum
1279 2068 1367 2124 adhuc
1395 2068 1497 2133 dixisti,
1526 2068 1650 2125 vicelicet
1679 2069 1754 2140 quod
1779 2069 1841 2123 hora

1047 2155 1216 2224 baptismatis
1231 2156 1268 2209 tui
1282 2157 1420 2227 apostolos
1443 2156 1581 2212 credidisti
1596 2157 1631 2212 de
1660 2156 1842 2227 quaereduli-

1045 2251 1097 2298 tate
1112 2243 1177 2314 quid
1193 2244 1227 2298 sit
1242 2243 1308 2298 mihi
1323 2245 1430 2316 postulo
1444 2245 1616 2316 responderi,
1632 2253 1722 2300 utrum
1740 2245 1840 2302 scilicet

1045 2348 1093 2386 eos
1122 2333 1208 2387 honos
1232 2341 1258 2387 et
1282 2340 1390 2389 sanctos
1432 2335 1530 2389 credes
1554 2333 1747 2390 tantummodo
1773 2334 1840 2388 riros

1045 2419 1190 2486 exstitisse,
1217 2421 1260 2475 vel
1275 2422 1346 2492 quod
1375 2422 1557 2492 praedicarunt
1578 2438 1674 2479 verum
1698 2421 1793 2487 luisse,
1818 2430 1842 2477 et

1045 2517 1116 2588 quod
1131 2517 1181 2587 ipsi
1208 2518 1381 2573 credidemnt
1393 2527 1418 2575 te
1434 2519 1514 2573 etiam
1524 2519 1652 2575 credere.

1083 2625 1198 2677 l‘a'rnus.
1216 2625 1364 2696 Utrumque
1379 2625 1500 2696 proiecto
1515 2626 1598 2681 credo
1608 2641 1673 2698 ego,
1683 2634 1711 2682 et
1726 2641 1840 2682 eossau·

1045 2719 1104 2767 ctos
1119 2709 1212 2777 luisse,
1229 2720 1255 2767 et
1265 2729 1358 2767 verum
1374 2713 1527 2784 peremnia
1542 2714 1722 2784 predicasse,
1735 2722 1763 2770 et
1773 2713 1839 2786 quod

1044 2799 1237 2870 praedicarunt,
1253 2816 1351 2870 operor
1364 2817 1414 2871 pro
1430 2818 1492 2857 meo
1508 2818 1600 2872 posse.

1081 2907 1275 2961 llorsas.lem
1302 2907 1329 2961 in
1344 2906 1472 2978 laqueum
1483 2908 1617 2973 decidisti,
1648 2909 1684 2965 de
1707 2925 1763 2981 quo
1790 2925 1838 2964 nou

1044 2994 1295 3064 poterisexpediri.
1329 2995 1396 3050 Cum
1413 2996 1526 3051 enimin
1560 2996 1696 3069 principio
1719 2998 1756 3052 de
1785 2996 1838 3068 lege

1006 3105 1016 3162 t
1045 3082 1205 3154 «premissam
1221 3083 1316 3153 ilorci,
1328 3083 1418 3138 sicam
1428 3092 1455 3138 ut
1470 3084 1571 3155 abipso
1586 3085 1647 3139 duta
1657 3093 1700 3141 est
1713 3086 1838 3141 observa-

1045 3187 1097 3234 res,
1115 3188 1196 3241 quam
1211 3179 1398 3244 transgressus
1414 3187 1475 3228 esse
1493 3173 1633 3228 videbaris
1646 3174 1726 3243 mihi,
1743 3182 1771 3229 tu
1785 3173 1837 3245 qui·

1046 3259 1106 3313 dem
1123 3275 1182 3313 uam
1198 3267 1223 3313 te
1238 3260 1388 3330 complere,
1414 3261 1546 3317 veraciter
1560 3263 1723 3328 ohservare,
1755 3270 1780 3318 et
1794 3278 1836 3334 per

1047 3346 1214 3401 rectissimas
1225 3347 1285 3416 ejus
1300 3349 1411 3403 semitas
1432 3359 1507 3405 recto
1521 3366 1622 3423 gressu
1638 3349 1771 3407 incedere
1797 3365 1835 3406 re-

1046 3434 1192 3505 spondisti.
1207 3435 1255 3490 llle
1270 3435 1352 3491 etiam
1367 3454 1449 3508 quem
1464 3438 1601 3492 Christum
1612 3437 1713 3504 dicitis,
1731 3452 1837 3509 eamper

1047 3522 1138 3577 omnia
1151 3524 1332 3590 conservavit,
1358 3526 1427 3581 sicut
1442 3534 1557 3581 testetur
1584 3527 1644 3598 ipse
1660 3543 1724 3583 cum
1753 3526 1833 3582 dicit:

1048 3611 1215 3684 Ouiclepcm
1226 3614 1404 3681 nonrotrere,
1421 3614 1469 3670 red
1479 3615 1634 3687 adimplere
1650 3617 1717 3672 veni
1732 3614 1833 3685 (darre.

1047 3702 1087 3766 v).
1106 3700 1233 3771 Apostoli
1248 3710 1336 3756 autem
1358 3717 1426 3773 quos
1440 3711 1466 3758 te
1476 3709 1576 3758 asseris
1591 3703 1759 3770 credidisse,
1786 3717 1836 3760 een

1046 3788 1241 3851 dissolverunt,
1253 3794 1281 3844 et
1295 3791 1441 3860 praeeoptis
1462 3792 1524 3861 ejxrs
1539 3791 1594 3847 elia
1609 3793 1750 3848 contraria
1773 3807 1836 3863 pra·

1048 3884 1181 3945 ceperunt
1193 3877 1268 3946 (Gal.
1285 3880 1331 3945 tv).
1349 3878 1449 3946 Quare,
1475 3895 1537 3935 curn
1565 3895 1659 3935 eoram
1685 3879 1754 3935 illud
1768 3879 1835 3941 dicis,

1047 3980 1129 4018 unum
1145 3964 1210 4036 quid
1225 3974 1251 4020 et
1266 3966 1324 4034 ejus
1338 3966 1502 4022 contrarium
1514 3968 1627 4024 credere
1645 3968 1762 4024 rideris.

1085 4071 1206 4126 Pennus.
1224 4071 1346 4141 Apostoli
1361 4086 1429 4127 sane
1445 4073 1500 4128 veri
1516 4073 1645 4145 discipuli
1663 4075 1763 4132 Christi
1784 4073 1835 4129 lue-

1049 4177 1118 4234 runt,
1136 4177 1162 4224 et
1177 4169 1307 4242 quidquid
1323 4171 1509 4241 prredicnrunt
1523 4189 1573 4244 per
1600 4173 1743 4230 Christum
1757 4174 1836 4246 utique

1049 4255 1181 4326 lecerunt,
1199 4267 1225 4312 et
1238 4260 1328 4331 legem
1344 4260 1430 4330 hlopsi
1456 4276 1509 4316 non
1525 4261 1677 4331 solverunt,
1692 4265 1744 4320 sed
1759 4262 1835 4318 edim·

1049 4345 1168 4416 plerunt.

1010 4458 1034 4518 D
1084 4435 1211 4490 lloxsrrs.
1229 4438 1261 4491 llt
1275 4440 1412 4510 quomodo
1439 4441 1510 4496 scire
1525 4439 1679 4511 poterimus
1708 4441 1785 4515 quod
1797 4453 1836 4512 per

1047 4521 1184 4577 Christum
1200 4524 1272 4579 illam
1300 4529 1494 4598 praedicarunt,
1510 4543 1572 4583 eum
1596 4537 1693 4584 notum
1710 4531 1747 4585 sit
1775 4525 1836 4601 quod

1048 4611 1206 4667 nullamnisi
1218 4619 1464 4686 postmortemejus
1471 4617 1696 4688 praedicationem
1704 4614 1837 4675 leceruntt

1086 4718 1206 4773 l‘arncs.
1223 4719 1369 4782 Quomodo
1380 4731 1469 4778 autem
1487 4722 1548 4778 indo
1558 4737 1706 4793 possemus
1713 4722 1837 4783 dubitxre,

1049 4828 1110 4868 cum
1126 4815 1244 4869 sciemus
1260 4833 1308 4872 eos
1323 4818 1388 4873 nihil
1400 4818 1473 4874 aliud
1489 4835 1571 4890 quam
1581 4819 1723 4876 Christum
1734 4829 1762 4877 et
1779 4834 1839 4892 prte-

1049 4912 1129 4974 cepta
1145 4905 1204 4972 eius
1220 4905 1407 4975 praedicasset
1420 4906 1498 4977 Quod
1526 4909 1599 4964 enim
1615 4917 1642 4962 et
1658 4925 1723 4964 eum
1751 4907 1839 4977 atejus

1049 4999 1187 5062 praecepta
1203 4994 1395 5065 praedicarunt,
1420 5000 1612 5069 argumentum
1636 4997 1768 5070 estquod
1793 4992 1840 5067 ipsi

1050 5097 1076 5143 ut
1089 5088 1149 5157 ejus
1160 5087 1241 5145 fidem
1256 5089 1537 5159 dilatarentdirersas
1548 5102 1574 5149 et
1585 5092 1839 5167 longinquasterrts

1050 5178 1202 5248 nudipedes
1215 5179 1362 5250 petierunt,
1376 5182 1458 5250 sitim,
1472 5181 1582 5249 lumem,
1591 5183 1753 5251 nuditatem,
1762 5182 1839 5254 frigus

1050 5274 1129 5329 simul
1143 5282 1168 5330 et
1182 5276 1311 5345 calorem,
1327 5279 1479 5350 augustiam
1494 5288 1522 5335 et
1545 5279 1680 5347 lahorem,
1710 5281 1795 5354 flagra
1817 5282 1839 5331 el

1050 5364 1217 5419 occisionem
1227 5365 1261 5419 ob
1276 5365 1335 5435 ejus
1351 5367 1553 5424 confessionem
1569 5369 1625 5425 lere
1640 5385 1739 5426 omnes
1762 5374 1840 5441 perlu-

1051 5451 1149 5507 lerunt.
1165 5455 1234 5508 Nem
1256 5456 1397 5525 quomodo
1412 5458 1472 5514 hoec
1486 5473 1536 5527 pro
1548 5473 1583 5515 eo
1597 5458 1751 5531 potuissent
1764 5455 1839 5513 susti·

1049 5556 1124 5606 nere,
1141 5550 1166 5595 et
1181 5543 1323 5615 preceptis
1340 5545 1400 5614 eius
1424 5545 1554 5603 contrarii
1583 5546 1628 5604 rel
1655 5546 1837 5605 inobedientes

1050 5627 1171 5685 existere
1186 5631 1200 5683 ‘l

1084 5744 1211 5810 hlorsss,
1225 5746 1264 5818 Si,
1277 5754 1305 5803 ut
1315 5747 1394 5822 dicis,
1410 5764 1461 5807 nec
1476 5764 1495 5807 a
1509 5746 1622 5809 Christo
1648 5751 1832 5811 &macuti

1867 5944 1884 6001 ..l
