<?xml version="1.0" encoding="UTF-8"?>
<!DOCTYPE html PUBLIC "-//W3C//DTD XHTML 1.0 Transitional//EN"
    "http://www.w3.org/TR/xhtml1/DTD/xhtml1-transitional.dtd">
<html xmlns="http://www.w3.org/1999/xhtml" xml:lang="en" lang="en">
 <head>
  <title>
</title>
<meta http-equiv="Content-Type" content="text/html;charset=utf-8" />
  <meta name='ocr-system' content='tesseract 3.04.00' />
  <meta name='ocr-capabilities' content='ocr_page ocr_carea ocr_par ocr_line ocrx_word'/>
</head>
<body>
  <div class='ocr_page' id='page_1' title='image "./patrologiaecurs60unkngoog_0397.png"; bbox 0 0 3780 6038; ppageno 0'>
   <div class='ocr_carea' id='block_1_1' title="bbox 131 256 183 310">
    <p class='ocr_par' dir='ltr' id='par_1_1' title="bbox 131 256 183 310">
     <span class='ocr_line' id='line_1_1' title="bbox 131 256 183 310; baseline -0.019 0"><span class='ocrx_word' id='word_1_1' title='bbox 131 256 183 310; x_wconf 75' lang='lat'><strong>783</strong></span> 
     </span>
    </p>
   </div>
   <div class='ocr_carea' id='block_1_2' title="bbox 273 374 784 448">
    <p class='ocr_par' dir='ltr' id='par_1_2' title="bbox 273 374 784 448">
     <span class='ocr_line' id='line_1_2' title="bbox 273 374 784 448; baseline 0 -18"><span class='ocrx_word' id='word_1_2' title='bbox 273 377 311 432; x_wconf 85' lang='lat' dir='ltr'><strong>Dc</strong></span> <span class='ocrx_word' id='word_1_3' title='bbox 325 378 473 448; x_wconf 85' lang='lat' dir='ltr'><strong>assumpto</strong></span> <span class='ocrx_word' id='word_1_4' title='bbox 487 391 573 432; x_wconf 83' lang='lat' dir='ltr'><strong>corne</strong></span> <span class='ocrx_word' id='word_1_5' title='bbox 588 377 618 430; x_wconf 86' lang='lat' dir='ltr'><strong>in</strong></span> <span class='ocrx_word' id='word_1_6' title='bbox 631 374 784 432; x_wconf 73' lang='lat' dir='ltr'><strong><em>Christum.</em></strong></span> 
     </span>
    </p>
   </div>
   <div class='ocr_carea' id='block_1_3' title="bbox 135 480 929 641">
    <p class='ocr_par' dir='ltr' id='par_1_3' title="bbox 135 480 929 641">
     <span class='ocr_line' id='line_1_3' title="bbox 171 480 929 553; baseline -0.004 -14"><span class='ocrx_word' id='word_1_7' title='bbox 171 481 308 552; x_wconf 84' lang='lat' dir='ltr'><strong>Quaeritur</strong></span> <span class='ocrx_word' id='word_1_8' title='bbox 329 480 467 553; x_wconf 90' lang='lat' dir='ltr'><strong>quomodo</strong></span> <span class='ocrx_word' id='word_1_9' title='bbox 495 484 596 545; x_wconf 89' lang='grc' dir='ltr'>Ιιειιιο,</span> <span class='ocrx_word' id='word_1_10' title='bbox 632 481 811 553; x_wconf 80' lang='lat' dir='ltr'>personaliter</span> <span class='ocrx_word' id='word_1_11' title='bbox 838 481 929 536; x_wconf 89' lang='lat' dir='ltr'><strong>unitus</strong></span> 
     </span>
     <span class='ocr_line' id='line_1_4' title="bbox 135 569 929 641; baseline -0.004 -12"><span class='ocrx_word' id='word_1_12' title='bbox 135 573 236 639; x_wconf 89' lang='lat' dir='ltr'><strong>Verbo,</strong></span> <span class='ocrx_word' id='word_1_13' title='bbox 255 571 313 626; x_wconf 88' lang='lat' dir='ltr'><strong>sine</strong></span> <span class='ocrx_word' id='word_1_14' title='bbox 328 577 440 641; x_wconf 86' lang='lat' dir='ltr'><strong>peccato</strong></span> <span class='ocrx_word' id='word_1_15' title='bbox 451 569 540 641; x_wconf 90' lang='lat' dir='ltr'><strong>potuit</strong></span> <span class='ocrx_word' id='word_1_16' title='bbox 551 570 652 625; x_wconf 81' lang='lat' dir='ltr'><strong>assumi</strong></span> <span class='ocrx_word' id='word_1_17' title='bbox 665 570 700 626; x_wconf 93' lang='lat' dir='ltr'><strong>de</strong></span> <span class='ocrx_word' id='word_1_18' title='bbox 715 586 803 625; x_wconf 82' lang='lat' dir='ltr'><strong>messe</strong></span> <span class='ocrx_word' id='word_1_19' title='bbox 818 570 929 626; x_wconf 87' lang='lat' dir='ltr'><strong>lruraani</strong></span> 
     </span>
    </p>
   </div>
   <div class='ocr_carea' id='block_1_4' title="bbox 131 666 930 1007">
    <p class='ocr_par' dir='ltr' id='par_1_4' title="bbox 131 666 930 1007">
     <span class='ocr_line' id='line_1_5' title="bbox 133 666 930 745; baseline -0.004 -20"><span class='ocrx_word' id='word_1_20' title='bbox 133 669 263 745; x_wconf 88' lang='lat' dir='ltr'><strong>generis:</strong></span> <span class='ocrx_word' id='word_1_21' title='bbox 280 668 352 740; x_wconf 92' lang='lat' dir='ltr'><strong>quod</strong></span> <span class='ocrx_word' id='word_1_22' title='bbox 368 674 453 723; x_wconf 91' lang='lat' dir='ltr'><strong>totum</strong></span> <span class='ocrx_word' id='word_1_23' title='bbox 467 676 635 739; x_wconf 89' lang='lat' dir='ltr'><strong>corruptum,</strong></span> <span class='ocrx_word' id='word_1_24' title='bbox 652 675 677 723; x_wconf 90' lang='lat' dir='ltr'><strong>et</strong></span> <span class='ocrx_word' id='word_1_25' title='bbox 692 667 770 740; x_wconf 80' lang='lat' dir='ltr'>quasi</span> <span class='ocrx_word' id='word_1_26' title='bbox 786 666 930 723; x_wconf 91' lang='lat' dir='ltr'><strong>fermenta·</strong></span> 
     </span>
     <span class='ocr_line' id='line_1_6' title="bbox 131 755 929 829; baseline -0.005 -15"><span class='ocrx_word' id='word_1_27' title='bbox 131 768 188 814; x_wconf 92' lang='lat' dir='ltr'><strong>turn</strong></span> <span class='ocrx_word' id='word_1_28' title='bbox 204 765 245 814; x_wconf 89' lang='lat' dir='ltr'><strong>est</strong></span> <span class='ocrx_word' id='word_1_29' title='bbox 259 764 373 829; x_wconf 91' lang='lat' dir='ltr'><strong>peccato</strong></span> <span class='ocrx_word' id='word_1_30' title='bbox 384 756 410 810; x_wconf 93' lang='lat' dir='ltr'><strong>in</strong></span> <span class='ocrx_word' id='word_1_31' title='bbox 420 755 518 812; x_wconf 76' lang='lat' dir='ltr'><strong>Adam.</strong></span> <span class='ocrx_word' id='word_1_32' title='bbox 530 756 576 811; x_wconf 83' lang='lat' dir='ltr'><strong>Ad</strong></span> <span class='ocrx_word' id='word_1_33' title='bbox 587 756 659 828; x_wconf 90' lang='lat' dir='ltr'><strong>quod</strong></span> <span class='ocrx_word' id='word_1_34' title='bbox 668 756 848 827; x_wconf 90' lang='lat' dir='ltr'><strong>respondetur</strong></span> <span class='ocrx_word' id='word_1_35' title='bbox 857 755 929 826; x_wconf 90' lang='lat' dir='ltr'><strong>quod</strong></span> 
     </span>
     <span class='ocr_line' id='line_1_7' title="bbox 135 844 929 920; baseline -0.003 -19"><span class='ocrx_word' id='word_1_36' title='bbox 135 848 222 920; x_wconf 84' lang='lat' dir='ltr'><strong>Virgo</strong></span> <span class='ocrx_word' id='word_1_37' title='bbox 237 845 321 901; x_wconf 83' lang='lat' dir='ltr'><strong>bieria</strong></span> <span class='ocrx_word' id='word_1_38' title='bbox 336 861 387 916; x_wconf 91' lang='lat' dir='ltr'><strong>per</strong></span> <span class='ocrx_word' id='word_1_39' title='bbox 407 844 489 900; x_wconf 84' lang='lat' dir='ltr'><strong>fidem</strong></span> <span class='ocrx_word' id='word_1_40' title='bbox 513 844 610 900; x_wconf 87' lang='lat' dir='ltr'><strong>futnrae</strong></span> <span class='ocrx_word' id='word_1_41' title='bbox 629 845 725 899; x_wconf 89' lang='lat' dir='ltr'><strong>mortis</strong></span> <span class='ocrx_word' id='word_1_42' title='bbox 748 844 847 899; x_wconf 86' lang='lat' dir='ltr'><strong>Christi</strong></span> <span class='ocrx_word' id='word_1_43' title='bbox 867 852 929 899; x_wconf 89' lang='lat' dir='ltr'><strong>ante</strong></span> 
     </span>
     <span class='ocr_line' id='line_1_8' title="bbox 133 932 930 1007; baseline -0.009 -14"><span class='ocrx_word' id='word_1_44' title='bbox 133 934 340 1007; x_wconf 75' lang='lat' dir='ltr'><strong>conceptionem</strong></span> <span class='ocrx_word' id='word_1_45' title='bbox 355 933 486 989; x_wconf 89' lang='lat' dir='ltr'><strong>mundata</strong></span> <span class='ocrx_word' id='word_1_46' title='bbox 501 932 585 988; x_wconf 87' lang='lat' dir='ltr'><strong>fuerit</strong></span> <span class='ocrx_word' id='word_1_47' title='bbox 598 948 613 986; x_wconf 90' lang='lat' dir='ltr'><strong>a</strong></span> <span class='ocrx_word' id='word_1_48' title='bbox 624 940 745 1003; x_wconf 83' lang='lat' dir='ltr'><strong>peccato.</strong></span> <span class='ocrx_word' id='word_1_49' title='bbox 762 933 867 1003; x_wconf 87' lang='lat' dir='ltr'><strong>Nempe</strong></span> <span class='ocrx_word' id='word_1_50' title='bbox 881 932 930 986; x_wconf 85' lang='lat' dir='ltr'><strong>dc·</strong></span> 
     </span>
    </p>
   </div>
   <div class='ocr_carea' id='block_1_5' title="bbox 131 1027 930 1193">
    <p class='ocr_par' dir='ltr' id='par_1_5' title="bbox 131 1027 930 1193">
     <span class='ocr_line' id='line_1_9' title="bbox 134 1027 930 1102; baseline -0.006 -14"><span class='ocrx_word' id='word_1_51' title='bbox 134 1048 200 1089; x_wconf 89' lang='lat' dir='ltr'><strong>cens</strong></span> <span class='ocrx_word' id='word_1_52' title='bbox 215 1038 274 1086; x_wconf 90' lang='lat' dir='ltr'><strong>erat</strong></span> <span class='ocrx_word' id='word_1_53' title='bbox 289 1038 318 1086; x_wconf 93' lang='lat' dir='ltr'><strong>ut</strong></span> <span class='ocrx_word' id='word_1_54' title='bbox 332 1045 364 1086; x_wconf 93' lang='lat' dir='ltr'><strong>ea</strong></span> <span class='ocrx_word' id='word_1_55' title='bbox 380 1028 497 1101; x_wconf 89' lang='lat' dir='ltr'><strong>puritate</strong></span> <span class='ocrx_word' id='word_1_56' title='bbox 512 1044 565 1102; x_wconf 91' lang='lat' dir='ltr'><strong>qua</strong></span> <span class='ocrx_word' id='word_1_57' title='bbox 576 1029 665 1098; x_wconf 86' lang='lat' dir='ltr'><strong>major</strong></span> <span class='ocrx_word' id='word_1_58' title='bbox 679 1030 730 1084; x_wconf 90' lang='lat' dir='ltr'><strong>snb</strong></span> <span class='ocrx_word' id='word_1_59' title='bbox 745 1030 804 1085; x_wconf 87' lang='lat' dir='ltr'><strong>Deo</strong></span> <span class='ocrx_word' id='word_1_60' title='bbox 815 1027 930 1100; x_wconf 73' lang='lat' dir='ltr'><strong>intelligi</strong></span> 
     </span>
     <span class='ocr_line' id='line_1_10' title="bbox 131 1115 930 1193; baseline -0.008 -16"><span class='ocrx_word' id='word_1_61' title='bbox 131 1120 233 1193; x_wconf 88' lang='lat' dir='ltr'><strong>nequit,</strong></span> <span class='ocrx_word' id='word_1_62' title='bbox 248 1119 328 1192; x_wconf 91' lang='lat' dir='ltr'><strong>virgo</strong></span> <span class='ocrx_word' id='word_1_63' title='bbox 339 1117 384 1174; x_wconf 90' lang='lat' dir='ltr'><strong>illa</strong></span> <span class='ocrx_word' id='word_1_64' title='bbox 401 1118 510 1187; x_wconf 88' lang='lat' dir='ltr'><strong>niteret,</strong></span> <span class='ocrx_word' id='word_1_65' title='bbox 538 1117 581 1173; x_wconf 92' lang='lat' dir='ltr'><strong>cui</strong></span> <span class='ocrx_word' id='word_1_66' title='bbox 593 1118 666 1174; x_wconf 86' lang='lat' dir='ltr'><strong>Dens</strong></span> <span class='ocrx_word' id='word_1_67' title='bbox 675 1119 754 1173; x_wconf 77' lang='lat' dir='ltr'><strong>l’ater</strong></span> <span class='ocrx_word' id='word_1_68' title='bbox 765 1116 873 1174; x_wconf 92' lang='lat' dir='ltr'><strong>unicum</strong></span> <span class='ocrx_word' id='word_1_69' title='bbox 887 1115 930 1173; x_wconf 78' lang='lat' dir='ltr'><strong>Fi-</strong></span> 
     </span>
    </p>
   </div>
   <div class='ocr_carea' id='block_1_6' title="bbox 130 1214 930 1641">
    <p class='ocr_par' dir='ltr' id='par_1_6' title="bbox 130 1214 930 1641">
     <span class='ocr_line' id='line_1_11' title="bbox 131 1214 930 1288; baseline -0.008 -13"><span class='ocrx_word' id='word_1_70' title='bbox 131 1219 198 1275; x_wconf 89' lang='lat' dir='ltr'><strong>lium</strong></span> <span class='ocrx_word' id='word_1_71' title='bbox 209 1232 299 1283; x_wconf 89' lang='lat' dir='ltr'><strong>suurn,</strong></span> <span class='ocrx_word' id='word_1_72' title='bbox 307 1231 399 1288; x_wconf 82' lang='lat' dir='ltr'><strong>quem,</strong></span> <span class='ocrx_word' id='word_1_73' title='bbox 409 1216 444 1271; x_wconf 91' lang='lat' dir='ltr'><strong>de</strong></span> <span class='ocrx_word' id='word_1_74' title='bbox 456 1214 539 1271; x_wconf 89' lang='lat' dir='ltr'><strong>corde</strong></span> <span class='ocrx_word' id='word_1_75' title='bbox 550 1232 600 1271; x_wconf 92' lang='lat' dir='ltr'><strong>suo</strong></span> <span class='ocrx_word' id='word_1_76' title='bbox 606 1215 738 1288; x_wconf 89' lang='lat' dir='ltr'><strong>genitum,</strong></span> <span class='ocrx_word' id='word_1_77' title='bbox 746 1215 798 1269; x_wconf 90' lang='lat' dir='ltr'><strong>sibi</strong></span> <span class='ocrx_word' id='word_1_78' title='bbox 806 1230 930 1287; x_wconf 81' lang='lat' dir='ltr'><strong>ooaequa·</strong></span> 
     </span>
     <span class='ocr_line' id='line_1_12' title="bbox 132 1303 929 1378; baseline -0.006 -15"><span class='ocrx_word' id='word_1_79' title='bbox 132 1308 196 1375; x_wconf 89' lang='lat' dir='ltr'><strong>lem,</strong></span> <span class='ocrx_word' id='word_1_80' title='bbox 212 1315 341 1378; x_wconf 77' lang='lat' dir='ltr'><strong>tanquam</strong></span> <span class='ocrx_word' id='word_1_81' title='bbox 358 1305 478 1375; x_wconf 90' lang='lat' dir='ltr'><strong>seipsum</strong></span> <span class='ocrx_word' id='word_1_82' title='bbox 497 1303 649 1377; x_wconf 84' lang='lat' dir='ltr'><strong>diligebat,</strong></span> <span class='ocrx_word' id='word_1_83' title='bbox 667 1304 702 1358; x_wconf 89' lang='lat' dir='ltr'><strong>its</strong></span> <span class='ocrx_word' id='word_1_84' title='bbox 716 1303 784 1359; x_wconf 86' lang='lat' dir='ltr'><strong>dore</strong></span> <span class='ocrx_word' id='word_1_85' title='bbox 798 1303 929 1375; x_wconf 90' lang='lat' dir='ltr'><strong>dispone-</strong></span> 
     </span>
     <span class='ocr_line' id='line_1_13' title="bbox 132 1391 930 1464; baseline -0.009 -12"><span class='ocrx_word' id='word_1_86' title='bbox 132 1398 187 1463; x_wconf 83' lang='lat' dir='ltr'><strong>bat,</strong></span> <span class='ocrx_word' id='word_1_87' title='bbox 208 1401 239 1451; x_wconf 90' lang='lat' dir='ltr'><strong>ut</strong></span> <span class='ocrx_word' id='word_1_88' title='bbox 253 1393 410 1450; x_wconf 85' lang='lat' dir='ltr'><strong>netursliler</strong></span> <span class='ocrx_word' id='word_1_89' title='bbox 435 1401 506 1448; x_wconf 90' lang='lat' dir='ltr'><strong>esset</strong></span> <span class='ocrx_word' id='word_1_90' title='bbox 529 1409 610 1448; x_wconf 91' lang='lat' dir='ltr'><strong>onus.</strong></span> <span class='ocrx_word' id='word_1_91' title='bbox 635 1393 763 1464; x_wconf 82' lang='lat' dir='ltr'><strong>idemque</strong></span> <span class='ocrx_word' id='word_1_92' title='bbox 779 1391 930 1448; x_wconf 84' lang='lat' dir='ltr'><strong>communis</strong></span> 
     </span>
     <span class='ocr_line' id='line_1_14' title="bbox 130 1480 929 1554; baseline -0.01 -12"><span class='ocrx_word' id='word_1_93' title='bbox 130 1485 181 1543; x_wconf 88' lang='lat' dir='ltr'><strong>Dei</strong></span> <span class='ocrx_word' id='word_1_94' title='bbox 205 1483 296 1540; x_wconf 86' lang='lat' dir='ltr'><strong>Patris</strong></span> <span class='ocrx_word' id='word_1_95' title='bbox 317 1491 343 1538; x_wconf 93' lang='lat' dir='ltr'><strong>et</strong></span> <span class='ocrx_word' id='word_1_96' title='bbox 367 1481 489 1554; x_wconf 83' lang='lat' dir='ltr'><strong>Virginis</strong></span> <span class='ocrx_word' id='word_1_97' title='bbox 513 1480 605 1548; x_wconf 79' lang='lat' dir='ltr'><strong>Vilius,</strong></span> <span class='ocrx_word' id='word_1_98' title='bbox 629 1490 654 1535; x_wconf 91' lang='lat' dir='ltr'><strong>et</strong></span> <span class='ocrx_word' id='word_1_99' title='bbox 677 1497 757 1553; x_wconf 87' lang='lat' dir='ltr'><strong>quom</strong></span> <span class='ocrx_word' id='word_1_100' title='bbox 772 1481 831 1552; x_wconf 90' lang='lat' dir='ltr'><strong>ipse</strong></span> <span class='ocrx_word' id='word_1_101' title='bbox 846 1480 929 1535; x_wconf 78' lang='lat' dir='ltr'><strong>Vilius</strong></span> 
     </span>
     <span class='ocr_line' id='line_1_15' title="bbox 130 1568 929 1641; baseline -0.008 -12"><span class='ocrx_word' id='word_1_102' title='bbox 130 1570 345 1629; x_wconf 72' lang='lat' dir='ltr'><strong>substantialiter</strong></span> <span class='ocrx_word' id='word_1_103' title='bbox 355 1569 446 1627; x_wconf 82' lang='lat' dir='ltr'><strong>fucere</strong></span> <span class='ocrx_word' id='word_1_104' title='bbox 459 1568 510 1624; x_wconf 88' lang='lat' dir='ltr'><strong>sibi</strong></span> <span class='ocrx_word' id='word_1_105' title='bbox 521 1578 633 1624; x_wconf 88' lang='lat' dir='ltr'><strong>matrem</strong></span> <span class='ocrx_word' id='word_1_106' title='bbox 645 1569 775 1641; x_wconf 87' lang='lat' dir='ltr'><strong>eligebat,</strong></span> <span class='ocrx_word' id='word_1_107' title='bbox 788 1579 814 1624; x_wconf 91' lang='lat' dir='ltr'><strong>et</strong></span> <span class='ocrx_word' id='word_1_108' title='bbox 827 1570 860 1625; x_wconf 88' lang='lat' dir='ltr'><strong>de</strong></span> <span class='ocrx_word' id='word_1_109' title='bbox 875 1582 929 1641; x_wconf 88' lang='lat' dir='ltr'><strong>qua</strong></span> 
     </span>
    </p>
   </div>
   <div class='ocr_carea' id='block_1_7' title="bbox 714 246 1228 312">
    <p class='ocr_par' dir='ltr' id='par_1_7' title="bbox 714 246 1228 312">
     <span class='ocr_line' id='line_1_16' title="bbox 714 246 1228 312; baseline 0.002 -8"><span class='ocrx_word' id='word_1_110' title='bbox 714 246 882 307; x_wconf 78' lang='lat' dir='ltr'><strong>tl&#39;tlltNEttl</strong></span> <span class='ocrx_word' id='word_1_111' title='bbox 902 246 1047 307; x_wconf 78' lang='lat' dir='ltr'><strong>sustris</strong></span> <span class='ocrx_word' id='word_1_112' title='bbox 1067 248 1096 312; x_wconf 83' lang='lat' dir='ltr'><strong>S.</strong></span> <span class='ocrx_word' id='word_1_113' title='bbox 1118 248 1228 306; x_wconf 83' lang='lat' dir='ltr'><strong>otastt</strong></span> 
     </span>
    </p>
   </div>
   <div class='ocr_carea' id='block_1_8' title="bbox 940 373 1779 453">
    <p class='ocr_par' dir='ltr' id='par_1_8' title="bbox 940 373 1779 453">
     <span class='ocr_line' id='line_1_17' title="bbox 940 373 1779 453; baseline 0.01 -25"><span class='ocrx_word' id='word_1_114' title='bbox 940 375 1025 437; x_wconf 76' lang='grc' dir='ltr'>Αιιιε</span> <span class='ocrx_word' id='word_1_115' title='bbox 1040 373 1068 429; x_wconf 89' lang='grc' dir='ltr'><strong>ιιι</strong></span> <span class='ocrx_word' id='word_1_116' title='bbox 1085 390 1196 430; x_wconf 83' lang='lat' dir='ltr'><strong>samem</strong></span> <span class='ocrx_word' id='word_1_117' title='bbox 1211 375 1381 446; x_wconf 77' lang='lat' dir='ltr'><strong>congelatam</strong></span> <span class='ocrx_word' id='word_1_118' title='bbox 1410 377 1484 435; x_wconf 89' lang='lat' dir='ltr'><strong>fecit.</strong></span> <span class='ocrx_word' id='word_1_119' title='bbox 1517 379 1642 437; x_wconf 77' lang='lat' dir='ltr'><strong>Accessit</strong></span> <span class='ocrx_word' id='word_1_120' title='bbox 1663 379 1779 453; x_wconf 89' lang='lat' dir='ltr'><strong>Spiritus</strong></span> 
     </span>
    </p>
   </div>
   <div class='ocr_carea' id='block_1_9' title="bbox 1728 253 1778 310">
    <p class='ocr_par' dir='ltr' id='par_1_9' title="bbox 1728 253 1778 310">
     <span class='ocr_line' id='line_1_18' title="bbox 1728 253 1778 310; baseline -0.02 0"><span class='ocrx_word' id='word_1_121' title='bbox 1728 253 1778 310; x_wconf 71' lang='lat' dir='ltr'><strong>iti</strong></span> 
     </span>
    </p>
   </div>
   <div class='ocr_carea' id='block_1_10' title="bbox 982 472 1784 1443">
    <p class='ocr_par' dir='ltr' id='par_1_10' title="bbox 982 472 1784 1443">
     <span class='ocr_line' id='line_1_19' title="bbox 982 472 1779 550; baseline 0.009 -24"><span class='ocrx_word' id='word_1_122' title='bbox 982 480 1103 536; x_wconf 91' lang='lat' dir='ltr'><strong>sanctus,</strong></span> <span class='ocrx_word' id='word_1_123' title='bbox 1121 480 1146 527; x_wconf 92' lang='grc' dir='ltr'><strong>ει</strong></span> <span class='ocrx_word' id='word_1_124' title='bbox 1162 472 1220 528; x_wconf 80' lang='lat' dir='ltr'><strong>brec</strong></span> <span class='ocrx_word' id='word_1_125' title='bbox 1234 488 1294 543; x_wconf 87' lang='lat' dir='ltr'><strong>quae</strong></span> <span class='ocrx_word' id='word_1_126' title='bbox 1323 472 1431 530; x_wconf 90' lang='lat' dir='ltr'><strong>fuerant</strong></span> <span class='ocrx_word' id='word_1_127' title='bbox 1459 476 1539 533; x_wconf 83' lang='lat' dir='ltr'><strong>Verbi</strong></span> <span class='ocrx_word' id='word_1_128' title='bbox 1560 477 1680 550; x_wconf 81' lang='lat' dir='ltr'><strong>glutinio</strong></span> <span class='ocrx_word' id='word_1_129' title='bbox 1703 493 1779 535; x_wconf 92' lang='lat' dir='ltr'><strong>com·</strong></span> 
     </span>
     <span class='ocr_line' id='line_1_20' title="bbox 982 560 1776 628; baseline 0.01 -14"><span class='ocrx_word' id='word_1_130' title='bbox 982 569 1114 625; x_wconf 86' lang='lat' dir='ltr'><strong>messala,</strong></span> <span class='ocrx_word' id='word_1_131' title='bbox 1131 560 1276 617; x_wconf 89' lang='lat' dir='ltr'><strong>animando</strong></span> <span class='ocrx_word' id='word_1_132' title='bbox 1292 560 1428 628; x_wconf 91' lang='lat' dir='ltr'><strong>formavit,</strong></span> <span class='ocrx_word' id='word_1_133' title='bbox 1454 572 1480 620; x_wconf 90' lang='lat' dir='ltr'><strong>et</strong></span> <span class='ocrx_word' id='word_1_134' title='bbox 1506 564 1623 621; x_wconf 82' lang='lat' dir='ltr'><strong>formata</strong></span> <span class='ocrx_word' id='word_1_135' title='bbox 1638 565 1776 622; x_wconf 82' lang='lat' dir='ltr'><strong>distinxit.</strong></span> 
     </span>
     <span class='ocr_line' id='line_1_21' title="bbox 983 649 1780 725; baseline 0.01 -22"><span class='ocrx_word' id='word_1_136' title='bbox 983 651 1098 717; x_wconf 75' lang='lat' dir='ltr'><strong>(fisus.)</strong></span> <span class='ocrx_word' id='word_1_137' title='bbox 1123 649 1260 703; x_wconf 84' lang='lat' dir='ltr'><strong>Numerus</strong></span> <span class='ocrx_word' id='word_1_138' title='bbox 1289 666 1349 705; x_wconf 87' lang='lat' dir='ltr'><strong>xavr</strong></span> <span class='ocrx_word' id='word_1_139' title='bbox 1372 667 1507 708; x_wconf 89' lang='lat' dir='ltr'><strong>annorum</strong></span> <span class='ocrx_word' id='word_1_140' title='bbox 1535 654 1701 725; x_wconf 86' lang='lat' dir='ltr'><strong>perfectioni</strong></span> <span class='ocrx_word' id='word_1_141' title='bbox 1725 656 1780 711; x_wconf 89' lang='lat' dir='ltr'><strong>Do·</strong></span> 
     </span>
     <span class='ocr_line' id='line_1_22' title="bbox 983 737 1781 815; baseline 0.01 -23"><span class='ocrx_word' id='word_1_142' title='bbox 983 738 1075 793; x_wconf 90' lang='lat' dir='ltr'><strong>miniai</strong></span> <span class='ocrx_word' id='word_1_143' title='bbox 1097 737 1222 807; x_wconf 90' lang='lat' dir='ltr'><strong>corporis</strong></span> <span class='ocrx_word' id='word_1_144' title='bbox 1242 738 1385 809; x_wconf 87' lang='lat' dir='ltr'><strong>aptissime</strong></span> <span class='ocrx_word' id='word_1_145' title='bbox 1408 743 1543 814; x_wconf 84' lang='lat' dir='ltr'><strong>congruit.</strong></span> <span class='ocrx_word' id='word_1_146' title='bbox 1559 743 1781 815; x_wconf 76' lang='lat' dir='ltr'><strong>(Aususrrrvos.)</strong></span> 
     </span>
     <span class='ocr_line' id='line_1_23' title="bbox 982 826 1780 901; baseline 0.004 -19"><span class='ocrx_word' id='word_1_147' title='bbox 982 826 1105 882; x_wconf 84' lang='lat' dir='ltr'><strong>Tradunt</strong></span> <span class='ocrx_word' id='word_1_148' title='bbox 1120 827 1191 882; x_wconf 92' lang='lat' dir='ltr'><strong>enim</strong></span> <span class='ocrx_word' id='word_1_149' title='bbox 1207 827 1370 882; x_wconf 88' lang='lat' dir='ltr'><strong>naturalium</strong></span> <span class='ocrx_word' id='word_1_150' title='bbox 1384 829 1533 901; x_wconf 83' lang='lat' dir='ltr'><strong>scriptores</strong></span> <span class='ocrx_word' id='word_1_151' title='bbox 1547 847 1653 898; x_wconf 90' lang='lat' dir='ltr'><strong>rerum,</strong></span> <span class='ocrx_word' id='word_1_152' title='bbox 1667 830 1780 887; x_wconf 89' lang='lat' dir='ltr'><strong>formam</strong></span> 
     </span>
     <span class='ocr_line' id='line_1_24' title="bbox 983 923 1783 1000; baseline 0.008 -22"><span class='ocrx_word' id='word_1_153' title='bbox 983 923 1109 993; x_wconf 91' lang='lat' dir='ltr'><strong>corporis</strong></span> <span class='ocrx_word' id='word_1_154' title='bbox 1125 924 1235 978; x_wconf 91' lang='lat' dir='ltr'><strong>hnmani</strong></span> <span class='ocrx_word' id='word_1_155' title='bbox 1251 931 1289 979; x_wconf 90' lang='lat' dir='ltr'><strong>tot</strong></span> <span class='ocrx_word' id='word_1_156' title='bbox 1302 925 1407 980; x_wconf 89' lang='lat' dir='ltr'><strong>dierum</strong></span> <span class='ocrx_word' id='word_1_157' title='bbox 1419 927 1505 998; x_wconf 80' lang='lat' dir='ltr'><strong>sperio</strong></span> <span class='ocrx_word' id='word_1_158' title='bbox 1516 925 1619 997; x_wconf 88' lang='lat' dir='ltr'><strong>perfici,</strong></span> <span class='ocrx_word' id='word_1_159' title='bbox 1633 928 1696 1000; x_wconf 90' lang='lat' dir='ltr'><strong>quia</strong></span> <span class='ocrx_word' id='word_1_160' title='bbox 1711 928 1783 984; x_wconf 76' lang='lat' dir='ltr'><strong>virle·</strong></span> 
     </span>
     <span class='ocr_line' id='line_1_25' title="bbox 984 1010 1782 1085; baseline 0.011 -21"><span class='ocrx_word' id='word_1_161' title='bbox 984 1010 1046 1065; x_wconf 89' lang='lat' dir='ltr'><strong>licet</strong></span> <span class='ocrx_word' id='word_1_162' title='bbox 1061 1011 1192 1082; x_wconf 81' lang='lat' dir='ltr'><strong>proximis</strong></span> <span class='ocrx_word' id='word_1_163' title='bbox 1204 1028 1250 1067; x_wconf 83' lang='lat' dir='ltr'><strong>sex</strong></span> <span class='ocrx_word' id='word_1_164' title='bbox 1263 1027 1278 1065; x_wconf 96' lang='lat' dir='ltr'><strong>a</strong></span> <span class='ocrx_word' id='word_1_165' title='bbox 1289 1015 1467 1085; x_wconf 82' lang='lat' dir='ltr'><strong>conceptione</strong></span> <span class='ocrx_word' id='word_1_166' title='bbox 1475 1015 1584 1084; x_wconf 90' lang='lat' dir='ltr'><strong>diebus,</strong></span> <span class='ocrx_word' id='word_1_167' title='bbox 1596 1016 1674 1071; x_wconf 90' lang='lat' dir='ltr'><strong>lactis</strong></span> <span class='ocrx_word' id='word_1_168' title='bbox 1683 1016 1782 1073; x_wconf 79' lang='lat' dir='ltr'><strong>babent</strong></span> 
     </span>
     <span class='ocr_line' id='line_1_26' title="bbox 984 1099 1782 1172; baseline 0.011 -20"><span class='ocrx_word' id='word_1_169' title='bbox 984 1099 1198 1166; x_wconf 90' lang='lat' dir='ltr'><strong>similitudinem,</strong></span> <span class='ocrx_word' id='word_1_170' title='bbox 1235 1101 1413 1172; x_wconf 89' lang='lat' dir='ltr'><strong>sequentibus</strong></span> <span class='ocrx_word' id='word_1_171' title='bbox 1436 1119 1534 1159; x_wconf 92' lang='lat' dir='ltr'><strong>novem</strong></span> <span class='ocrx_word' id='word_1_172' title='bbox 1561 1113 1740 1161; x_wconf 88' lang='lat' dir='ltr'><strong>convertatur</strong></span> <span class='ocrx_word' id='word_1_173' title='bbox 1757 1107 1782 1162; x_wconf 92' lang='lat' dir='ltr'><strong>in</strong></span> 
     </span>
     <span class='ocr_line' id='line_1_27' title="bbox 984 1189 1782 1266; baseline 0.01 -24"><span class='ocrx_word' id='word_1_174' title='bbox 984 1189 1157 1260; x_wconf 79' lang='lat' dir='ltr'><strong>sanguinem,</strong></span> <span class='ocrx_word' id='word_1_175' title='bbox 1177 1189 1276 1244; x_wconf 90' lang='lat' dir='ltr'><strong>deinde</strong></span> <span class='ocrx_word' id='word_1_176' title='bbox 1299 1206 1334 1245; x_wconf 90' lang='grc' dir='ltr'><strong>ιιι</strong></span> <span class='ocrx_word' id='word_1_177' title='bbox 1358 1190 1499 1257; x_wconf 84' lang='grc' dir='ltr'>εειιιιειιιι,</span> <span class='ocrx_word' id='word_1_178' title='bbox 1515 1193 1632 1266; x_wconf 84' lang='lat' dir='ltr'><strong>reliquis</strong></span> <span class='ocrx_word' id='word_1_179' title='bbox 1647 1210 1713 1250; x_wconf 83' lang='lat' dir='ltr'><strong>xvur</strong></span> <span class='ocrx_word' id='word_1_180' title='bbox 1727 1193 1782 1250; x_wconf 88' lang='lat' dir='ltr'><strong>for·</strong></span> 
     </span>
     <span class='ocr_line' id='line_1_28' title="bbox 983 1277 1783 1348; baseline 0.011 -18"><span class='ocrx_word' id='word_1_181' title='bbox 983 1286 1072 1332; x_wconf 81' lang='lat' dir='ltr'><strong>uretur</strong></span> <span class='ocrx_word' id='word_1_182' title='bbox 1085 1294 1174 1348; x_wconf 90' lang='lat' dir='ltr'><strong>usqne</strong></span> <span class='ocrx_word' id='word_1_183' title='bbox 1189 1278 1222 1332; x_wconf 89' lang='lat' dir='ltr'><strong>ad</strong></span> <span class='ocrx_word' id='word_1_184' title='bbox 1245 1277 1367 1348; x_wconf 88' lang='lat' dir='ltr'><strong>perfecta</strong></span> <span class='ocrx_word' id='word_1_185' title='bbox 1383 1280 1538 1337; x_wconf 89' lang='lat' dir='ltr'><strong>linlsmenta</strong></span> <span class='ocrx_word' id='word_1_186' title='bbox 1560 1283 1683 1338; x_wconf 91' lang='lat' dir='ltr'><strong>omnium</strong></span> <span class='ocrx_word' id='word_1_187' title='bbox 1700 1299 1783 1339; x_wconf 90' lang='lat' dir='ltr'><strong>mem·</strong></span> 
     </span>
     <span class='ocr_line' id='line_1_29' title="bbox 985 1366 1784 1443; baseline 0.011 -24"><span class='ocrx_word' id='word_1_188' title='bbox 985 1366 1105 1432; x_wconf 92' lang='lat' dir='ltr'><strong>brorum,</strong></span> <span class='ocrx_word' id='word_1_189' title='bbox 1122 1375 1148 1421; x_wconf 90' lang='lat' dir='ltr'><strong>et</strong></span> <span class='ocrx_word' id='word_1_190' title='bbox 1160 1366 1223 1423; x_wconf 83' lang='lat' dir='ltr'><strong>lunc</strong></span> <span class='ocrx_word' id='word_1_191' title='bbox 1235 1369 1293 1437; x_wconf 82' lang='lat' dir='ltr'><strong>jem</strong></span> <span class='ocrx_word' id='word_1_192' title='bbox 1309 1368 1417 1440; x_wconf 90' lang='lat' dir='ltr'><strong>reliquo</strong></span> <span class='ocrx_word' id='word_1_193' title='bbox 1427 1378 1549 1441; x_wconf 89' lang='lat' dir='ltr'><strong>tempore</strong></span> <span class='ocrx_word' id='word_1_194' title='bbox 1563 1371 1704 1443; x_wconf 90' lang='lat' dir='ltr'><strong>usquead</strong></span> <span class='ocrx_word' id='word_1_195' title='bbox 1720 1379 1784 1428; x_wconf 89' lang='lat' dir='ltr'><strong>tem·</strong></span> 
     </span>
    </p>
   </div>
   <div class='ocr_carea' id='block_1_11' title="bbox 983 1465 1783 1625">
    <p class='ocr_par' dir='ltr' id='par_1_11' title="bbox 983 1465 1783 1625">
     <span class='ocr_line' id='line_1_30' title="bbox 983 1465 1783 1539; baseline 0.015 -24"><span class='ocrx_word' id='word_1_196' title='bbox 983 1479 1033 1532; x_wconf 78' lang='lat' dir='ltr'><strong>pus</strong></span> <span class='ocrx_word' id='word_1_197' title='bbox 1057 1472 1160 1533; x_wconf 89' lang='lat' dir='ltr'><strong>partus,</strong></span> <span class='ocrx_word' id='word_1_198' title='bbox 1184 1465 1372 1537; x_wconf 81' lang='lat' dir='ltr'><strong>magnitudine</strong></span> <span class='ocrx_word' id='word_1_199' title='bbox 1395 1476 1539 1539; x_wconf 79' lang='lat' dir='ltr'><strong>augeatur.</strong></span> <span class='ocrx_word' id='word_1_200' title='bbox 1568 1469 1627 1524; x_wconf 82' lang='lat' dir='ltr'><strong>Sex</strong></span> <span class='ocrx_word' id='word_1_201' title='bbox 1648 1480 1741 1527; x_wconf 87' lang='lat' dir='ltr'><strong>autem</strong></span> <span class='ocrx_word' id='word_1_202' title='bbox 1758 1480 1783 1527; x_wconf 89' lang='lat' dir='ltr'><strong>et</strong></span> 
     </span>
     <span class='ocr_line' id='line_1_31' title="bbox 984 1553 1783 1625; baseline 0.015 -21"><span class='ocrx_word' id='word_1_203' title='bbox 984 1568 1020 1613; x_wconf 86' lang='lat' dir='ltr'><strong>rx,</strong></span> <span class='ocrx_word' id='word_1_204' title='bbox 1038 1560 1064 1605; x_wconf 90' lang='lat' dir='ltr'><strong>et</strong></span> <span class='ocrx_word' id='word_1_205' title='bbox 1080 1567 1119 1605; x_wconf 87' lang='grc' dir='ltr'>ιιιι</span> <span class='ocrx_word' id='word_1_206' title='bbox 1133 1560 1159 1606; x_wconf 91' lang='grc' dir='ltr'><strong>ει</strong></span> <span class='ocrx_word' id='word_1_207' title='bbox 1173 1568 1249 1618; x_wconf 89' lang='lat' dir='ltr'><strong>xvur,</strong></span> <span class='ocrx_word' id='word_1_208' title='bbox 1263 1569 1314 1608; x_wconf 76' lang='grc' dir='ltr'><strong>ιιι</strong></span> <span class='ocrx_word' id='word_1_209' title='bbox 1329 1553 1444 1612; x_wconf 83' lang='lat' dir='ltr'><strong>fuciunt.</strong></span> <span class='ocrx_word' id='word_1_210' title='bbox 1473 1556 1578 1625; x_wconf 79' lang='lat' dir='ltr'><strong>Quibus</strong></span> <span class='ocrx_word' id='word_1_211' title='bbox 1594 1559 1618 1613; x_wconf 90' lang='lat' dir='ltr'><strong>si</strong></span> <span class='ocrx_word' id='word_1_212' title='bbox 1634 1576 1719 1615; x_wconf 89' lang='lat' dir='ltr'><strong>unum</strong></span> <span class='ocrx_word' id='word_1_213' title='bbox 1733 1562 1783 1616; x_wconf 86' lang='lat' dir='ltr'><strong>ad·</strong></span> 
     </span>
    </p>
   </div>
   <div class='ocr_carea' id='block_1_12' title="bbox 128 1639 1784 1823">
    <p class='ocr_par' dir='ltr' id='par_1_12' title="bbox 128 1639 1784 1823">
     <span class='ocr_line' id='line_1_32' title="bbox 130 1639 1784 1749; baseline -0.005 -31"><span class='ocrx_word' id='word_1_214' title='bbox 130 1661 248 1735; x_wconf 83' lang='lat' dir='ltr'><strong>Spiritus</strong></span> <span class='ocrx_word' id='word_1_215' title='bbox 263 1666 372 1715; x_wconf 84' lang='lat' dir='ltr'><strong>sanctus</strong></span> <span class='ocrx_word' id='word_1_216' title='bbox 387 1657 496 1714; x_wconf 89' lang='lat' dir='ltr'><strong>volebat</strong></span> <span class='ocrx_word' id='word_1_217' title='bbox 517 1666 543 1713; x_wconf 91' lang='grc' dir='ltr'><strong>ει</strong></span> <span class='ocrx_word' id='word_1_218' title='bbox 567 1665 694 1729; x_wconf 85' lang='lat' dir='ltr'><strong>operatus</strong></span> <span class='ocrx_word' id='word_1_219' title='bbox 709 1666 778 1724; x_wconf 92' lang='lat' dir='ltr'><strong>erat,</strong></span> <span class='ocrx_word' id='word_1_220' title='bbox 796 1657 929 1713; x_wconf 89' lang='lat' dir='ltr'><strong>utconci·</strong></span> <span class='ocrx_word' id='word_1_221' title='bbox 979 1639 1138 1708; x_wconf 60' lang='lat' dir='ltr'><strong>jecerimus·</strong></span> <span class='ocrx_word' id='word_1_222' title='bbox 1171 1640 1198 1696; x_wconf 67' lang='lat' dir='ltr'><strong>id</strong></span> <span class='ocrx_word' id='word_1_223' title='bbox 1227 1649 1269 1697; x_wconf 67' lang='lat'><strong>0⁸¹</strong></span> <span class='ocrx_word' id='word_1_224' title='bbox 1292 1643 1381 1713; x_wconf 68' lang='lat' dir='ltr'><strong>il)sum</strong></span> <span class='ocrx_word' id='word_1_225' title='bbox 1410 1644 1482 1699; x_wconf 61' lang='lat' dir='ltr'><strong>diem</strong></span> <span class='ocrx_word' id='word_1_226' title='bbox 1506 1645 1784 1749; x_wconf 36' lang='lat' dir='ltr'><strong>quffdiffmfemmpff&#39;</strong></span> 
     </span>
     <span class='ocr_line' id='line_1_33' title="bbox 128 1728 1782 1823; baseline -0.001 -16"><span class='ocrx_word' id='word_1_227' title='bbox 128 1757 243 1823; x_wconf 89' lang='lat' dir='ltr'><strong>peretur</strong></span> <span class='ocrx_word' id='word_1_228' title='bbox 255 1760 282 1805; x_wconf 89' lang='lat' dir='ltr'><strong>et</strong></span> <span class='ocrx_word' id='word_1_229' title='bbox 297 1754 457 1804; x_wconf 88' lang='lat' dir='ltr'><strong>nasceretur</strong></span> <span class='ocrx_word' id='word_1_230' title='bbox 472 1746 527 1813; x_wconf 92' lang='lat' dir='ltr'><strong>ille,</strong></span> <span class='ocrx_word' id='word_1_231' title='bbox 544 1746 578 1802; x_wconf 92' lang='lat' dir='ltr'><strong>de</strong></span> <span class='ocrx_word' id='word_1_232' title='bbox 593 1762 647 1818; x_wconf 92' lang='lat' dir='ltr'><strong>quo</strong></span> <span class='ocrx_word' id='word_1_233' title='bbox 663 1748 724 1816; x_wconf 88' lang='lat' dir='ltr'><strong>ipse</strong></span> <span class='ocrx_word' id='word_1_234' title='bbox 747 1746 925 1817; x_wconf 89' lang='lat' dir='ltr'><strong>procedebat,</strong></span> <span class='ocrx_word' id='word_1_235' title='bbox 942 1732 968 1791; x_wconf 83' lang='grc' dir='ltr'><strong>Β</strong></span> <span class='ocrx_word' id='word_1_236' title='bbox 983 1728 1109 1783; x_wconf 62' lang='lat' dir='ltr'><strong>messlbifl</strong></span> <span class='ocrx_word' id='word_1_237' title='bbox 1122 1744 1225 1799; x_wconf 70' lang='lat' dir='ltr'><strong>⁰0ll³l¹⁸</strong></span> <span class='ocrx_word' id='word_1_238' title='bbox 1245 1740 1412 1787; x_wconf 59' lang='lat' dir='ltr'><strong>Ciminium</strong></span> <span class='ocrx_word' id='word_1_239' title='bbox 1439 1749 1545 1789; x_wconf 58' lang='lat' dir='ltr'><strong>summ</strong></span> <span class='ocrx_word' id='word_1_240' title='bbox 1565 1745 1671 1807; x_wconf 57' lang='lat' dir='ltr'><strong>inclinis</strong></span> <span class='ocrx_word' id='word_1_241' title='bbox 1688 1746 1729 1793; x_wconf 62' lang='lat'><strong>1⁰⁸</strong></span> <span class='ocrx_word' id='word_1_242' title='bbox 1742 1755 1782 1793; x_wconf 68' lang='grc' dir='ltr'><strong>Μ·</strong></span> 
     </span>
    </p>
   </div>
   <div class='ocr_carea' id='block_1_13' title="bbox 130 1835 927 1912">
    <p class='ocr_par' dir='ltr' id='par_1_13' title="bbox 130 1835 927 1912">
     <span class='ocr_line' id='line_1_34' title="bbox 130 1835 927 1912; baseline -0.01 -17"><span class='ocrx_word' id='word_1_243' title='bbox 130 1854 216 1912; x_wconf 85' lang='lat' dir='ltr'><strong>quere</strong></span> <span class='ocrx_word' id='word_1_244' title='bbox 231 1838 265 1894; x_wconf 89' lang='lat' dir='ltr'><strong>de</strong></span> <span class='ocrx_word' id='word_1_245' title='bbox 284 1836 462 1892; x_wconf 90' lang='lat' dir='ltr'><strong>mundissima</strong></span> <span class='ocrx_word' id='word_1_246' title='bbox 491 1835 599 1907; x_wconf 88' lang='lat' dir='ltr'><strong>virgine</strong></span> <span class='ocrx_word' id='word_1_247' title='bbox 628 1836 714 1907; x_wconf 92' lang='lat' dir='ltr'><strong>potnit</strong></span> <span class='ocrx_word' id='word_1_248' title='bbox 737 1835 796 1889; x_wconf 88' lang='lat' dir='ltr'><strong>sine</strong></span> <span class='ocrx_word' id='word_1_249' title='bbox 815 1841 927 1906; x_wconf 79' lang='lat' dir='ltr'><strong>peccato</strong></span> 
     </span>
    </p>
   </div>
   <div class='ocr_carea' id='block_1_14' title="bbox 128 1930 928 2275">
    <p class='ocr_par' dir='ltr' id='par_1_14' title="bbox 128 1930 928 2275">
     <span class='ocr_line' id='line_1_35' title="bbox 131 1930 928 2008; baseline -0.01 -15"><span class='ocrx_word' id='word_1_250' title='bbox 131 1935 238 2008; x_wconf 86' lang='lat' dir='ltr'><strong>concipi</strong></span> <span class='ocrx_word' id='word_1_251' title='bbox 263 1935 346 1990; x_wconf 86' lang='lat' dir='ltr'><strong>Vilius</strong></span> <span class='ocrx_word' id='word_1_252' title='bbox 374 1932 433 2002; x_wconf 84' lang='lat' dir='ltr'><strong>Dei,</strong></span> <span class='ocrx_word' id='word_1_253' title='bbox 450 1940 476 1988; x_wconf 91' lang='lat' dir='ltr'><strong>et</strong></span> <span class='ocrx_word' id='word_1_254' title='bbox 491 1931 568 1988; x_wconf 88' lang='lat' dir='ltr'><strong>nasei</strong></span> <span class='ocrx_word' id='word_1_255' title='bbox 589 1948 639 2004; x_wconf 87' lang='lat' dir='ltr'><strong>per</strong></span> <span class='ocrx_word' id='word_1_256' title='bbox 654 1933 758 1986; x_wconf 87' lang='lat' dir='ltr'><strong>unitum</strong></span> <span class='ocrx_word' id='word_1_257' title='bbox 773 1931 824 1986; x_wconf 89' lang='lat' dir='ltr'><strong>sibi</strong></span> <span class='ocrx_word' id='word_1_258' title='bbox 840 1930 928 1986; x_wconf 88' lang='lat' dir='ltr'><strong>homi·</strong></span> 
     </span>
     <span class='ocr_line' id='line_1_36' title="bbox 131 2021 927 2095; baseline -0.009 -14"><span class='ocrx_word' id='word_1_259' title='bbox 131 2041 204 2082; x_wconf 89' lang='lat' dir='ltr'><strong>nem.</strong></span> <span class='ocrx_word' id='word_1_260' title='bbox 220 2025 343 2095; x_wconf 85' lang='lat' dir='ltr'><strong>Excepta</strong></span> <span class='ocrx_word' id='word_1_261' title='bbox 357 2028 451 2077; x_wconf 84' lang='lat' dir='ltr'><strong>sancte</strong></span> <span class='ocrx_word' id='word_1_262' title='bbox 480 2021 591 2092; x_wconf 77' lang='lat' dir='ltr'><strong>Virgine</strong></span> <span class='ocrx_word' id='word_1_263' title='bbox 619 2021 713 2086; x_wconf 84' lang='lat' dir='ltr'><strong>llario,</strong></span> <span class='ocrx_word' id='word_1_264' title='bbox 730 2021 764 2075; x_wconf 91' lang='lat' dir='ltr'><strong>de</strong></span> <span class='ocrx_word' id='word_1_265' title='bbox 783 2035 845 2092; x_wconf 87' lang='lat' dir='ltr'><strong>quo,</strong></span> <span class='ocrx_word' id='word_1_266' title='bbox 860 2035 927 2090; x_wconf 87' lang='lat' dir='ltr'><strong>pro-</strong></span> 
     </span>
     <span class='ocr_line' id='line_1_37' title="bbox 128 2108 926 2186; baseline -0.009 -16"><span class='ocrx_word' id='word_1_267' title='bbox 128 2122 188 2186; x_wconf 88' lang='lat' dir='ltr'><strong>pter</strong></span> <span class='ocrx_word' id='word_1_268' title='bbox 200 2115 334 2170; x_wconf 92' lang='lat' dir='ltr'><strong>bonorem</strong></span> <span class='ocrx_word' id='word_1_269' title='bbox 349 2109 468 2176; x_wconf 87' lang='lat' dir='ltr'><strong>Domini,</strong></span> <span class='ocrx_word' id='word_1_270' title='bbox 488 2109 587 2164; x_wconf 88' lang='lat' dir='ltr'><strong>nnllam</strong></span> <span class='ocrx_word' id='word_1_271' title='bbox 612 2124 725 2179; x_wconf 90' lang='lat' dir='ltr'><strong>prorsus</strong></span> <span class='ocrx_word' id='word_1_272' title='bbox 739 2124 802 2164; x_wconf 91' lang='lat' dir='ltr'><strong>cum</strong></span> <span class='ocrx_word' id='word_1_273' title='bbox 815 2108 849 2164; x_wconf 90' lang='lat' dir='ltr'><strong>de</strong></span> <span class='ocrx_word' id='word_1_274' title='bbox 864 2122 926 2178; x_wconf 84' lang='lat' dir='ltr'><strong>pec·</strong></span> 
     </span>
     <span class='ocr_line' id='line_1_38' title="bbox 129 2197 926 2275; baseline -0.013 -16"><span class='ocrx_word' id='word_1_275' title='bbox 129 2203 198 2260; x_wconf 88' lang='lat' dir='ltr'><strong>catis</strong></span> <span class='ocrx_word' id='word_1_276' title='bbox 212 2202 312 2275; x_wconf 83' lang='lat' dir='ltr'><strong>agitur,</strong></span> <span class='ocrx_word' id='word_1_277' title='bbox 328 2198 424 2254; x_wconf 78' lang='lat' dir='ltr'><strong>baberi</strong></span> <span class='ocrx_word' id='word_1_278' title='bbox 439 2197 501 2253; x_wconf 90' lang='lat' dir='ltr'><strong>volo</strong></span> <span class='ocrx_word' id='word_1_279' title='bbox 525 2198 716 2269; x_wconf 86' lang='lat' dir='ltr'><strong>quaestionem,</strong></span> <span class='ocrx_word' id='word_1_280' title='bbox 738 2198 839 2253; x_wconf 88' lang='lat' dir='ltr'><strong>scimus</strong></span> <span class='ocrx_word' id='word_1_281' title='bbox 855 2197 926 2251; x_wconf 91' lang='lat' dir='ltr'><strong>enirn</strong></span> 
     </span>
    </p>
   </div>
   <div class='ocr_carea' id='block_1_15' title="bbox 129 2295 928 2547">
    <p class='ocr_par' dir='ltr' id='par_1_15' title="bbox 129 2295 928 2547">
     <span class='ocr_line' id='line_1_39' title="bbox 129 2295 927 2374; baseline -0.01 -17"><span class='ocrx_word' id='word_1_282' title='bbox 129 2300 201 2374; x_wconf 90' lang='lat' dir='ltr'><strong>quod</strong></span> <span class='ocrx_word' id='word_1_283' title='bbox 217 2300 241 2355; x_wconf 90' lang='grc' dir='ltr'><strong>ει</strong></span> <span class='ocrx_word' id='word_1_284' title='bbox 256 2297 319 2370; x_wconf 93' lang='lat' dir='ltr'><strong>plns</strong></span> <span class='ocrx_word' id='word_1_285' title='bbox 333 2296 431 2370; x_wconf 79' lang='lat' dir='ltr'><strong>gretire</strong></span> <span class='ocrx_word' id='word_1_286' title='bbox 446 2296 482 2351; x_wconf 90' lang='lat' dir='ltr'><strong>sit</strong></span> <span class='ocrx_word' id='word_1_287' title='bbox 495 2296 622 2352; x_wconf 85' lang='lat' dir='ltr'><strong>collatum</strong></span> <span class='ocrx_word' id='word_1_288' title='bbox 634 2295 669 2350; x_wconf 90' lang='lat' dir='ltr'><strong>ad</strong></span> <span class='ocrx_word' id='word_1_289' title='bbox 678 2295 840 2352; x_wconf 92' lang='lat' dir='ltr'><strong>vincendum</strong></span> <span class='ocrx_word' id='word_1_290' title='bbox 854 2295 927 2350; x_wconf 91' lang='lat' dir='ltr'><strong>omni</strong></span> 
     </span>
     <span class='ocr_line' id='line_1_40' title="bbox 130 2384 928 2460; baseline -0.008 -16"><span class='ocrx_word' id='word_1_291' title='bbox 130 2405 163 2445; x_wconf 87' lang='grc' dir='ltr'><strong>ει</strong></span> <span class='ocrx_word' id='word_1_292' title='bbox 178 2396 256 2460; x_wconf 83' lang='lat' dir='ltr'><strong>perte</strong></span> <span class='ocrx_word' id='word_1_293' title='bbox 270 2393 424 2458; x_wconf 89' lang='lat' dir='ltr'><strong>peccatum.</strong></span> <span class='ocrx_word' id='word_1_294' title='bbox 442 2384 506 2439; x_wconf 92' lang='lat' dir='ltr'><strong>lnde</strong></span> <span class='ocrx_word' id='word_1_295' title='bbox 524 2384 598 2456; x_wconf 91' lang='lat' dir='ltr'><strong>quod</strong></span> <span class='ocrx_word' id='word_1_296' title='bbox 620 2384 765 2454; x_wconf 84' lang='lat' dir='ltr'><strong>concipere</strong></span> <span class='ocrx_word' id='word_1_297' title='bbox 780 2399 815 2440; x_wconf 91' lang='lat' dir='ltr'><strong>nc</strong></span> <span class='ocrx_word' id='word_1_298' title='bbox 829 2400 928 2455; x_wconf 89' lang='lat' dir='ltr'><strong>parere</strong></span> 
     </span>
     <span class='ocr_line' id='line_1_41' title="bbox 133 2470 927 2547; baseline -0.009 -14"><span class='ocrx_word' id='word_1_299' title='bbox 133 2476 245 2542; x_wconf 86' lang='lat' dir='ltr'><strong>meruit,</strong></span> <span class='ocrx_word' id='word_1_300' title='bbox 269 2491 351 2547; x_wconf 89' lang='lat' dir='ltr'><strong>quern</strong></span> <span class='ocrx_word' id='word_1_301' title='bbox 370 2481 475 2530; x_wconf 89' lang='lat' dir='ltr'><strong>constat</strong></span> <span class='ocrx_word' id='word_1_302' title='bbox 498 2471 601 2528; x_wconf 88' lang='lat' dir='ltr'><strong>nullum</strong></span> <span class='ocrx_word' id='word_1_303' title='bbox 630 2470 761 2527; x_wconf 87' lang='lat' dir='ltr'><strong>habuisse</strong></span> <span class='ocrx_word' id='word_1_304' title='bbox 786 2481 927 2543; x_wconf 82' lang='lat' dir='ltr'><strong>peccatum</strong></span> 
     </span>
    </p>
   </div>
   <div class='ocr_carea' id='block_1_16' title="bbox 130 2571 929 3001">
    <p class='ocr_par' dir='ltr' id='par_1_16' title="bbox 130 2571 929 3001">
     <span class='ocr_line' id='line_1_42' title="bbox 130 2571 927 2642; baseline -0.008 -11"><span class='ocrx_word' id='word_1_305' title='bbox 130 2577 333 2637; x_wconf 72' lang='lat' dir='ltr'><strong>{Aucusrusus</strong></span> <span class='ocrx_word' id='word_1_306' title='bbox 355 2573 392 2628; x_wconf 88' lang='lat' dir='ltr'><strong>Dc</strong></span> <span class='ocrx_word' id='word_1_307' title='bbox 406 2575 476 2626; x_wconf 80' lang='lat' dir='ltr'><strong>nat.</strong></span> <span class='ocrx_word' id='word_1_308' title='bbox 505 2573 533 2626; x_wconf 89' lang='lat' dir='ltr'><strong>et</strong></span> <span class='ocrx_word' id='word_1_309' title='bbox 558 2574 645 2640; x_wconf 76' lang='lat' dir='ltr'><strong>prat,</strong></span> <span class='ocrx_word' id='word_1_310' title='bbox 662 2585 689 2626; x_wconf 91' lang='lat' dir='ltr'><strong>o.</strong></span> <span class='ocrx_word' id='word_1_311' title='bbox 711 2573 766 2639; x_wconf 73' lang='grc'><strong><em>36).</em></strong></span> <span class='ocrx_word' id='word_1_312' title='bbox 790 2571 845 2626; x_wconf 86' lang='grc' dir='ltr'>Ηιιε</span> <span class='ocrx_word' id='word_1_313' title='bbox 859 2586 927 2642; x_wconf 86' lang='lat' dir='ltr'><strong>ergo</strong></span> 
     </span>
     <span class='ocr_line' id='line_1_43' title="bbox 131 2659 927 2735; baseline -0.005 -16"><span class='ocrx_word' id='word_1_314' title='bbox 131 2663 238 2735; x_wconf 87' lang='lat' dir='ltr'><strong>virgine</strong></span> <span class='ocrx_word' id='word_1_315' title='bbox 252 2669 382 2732; x_wconf 82' lang='lat' dir='ltr'><strong>excepta,</strong></span> <span class='ocrx_word' id='word_1_316' title='bbox 399 2660 421 2713; x_wconf 89' lang='lat' dir='ltr'><strong>si</strong></span> <span class='ocrx_word' id='word_1_317' title='bbox 436 2674 533 2715; x_wconf 92' lang='lat' dir='ltr'><strong>omues</strong></span> <span class='ocrx_word' id='word_1_318' title='bbox 550 2659 639 2715; x_wconf 89' lang='lat' dir='ltr'><strong>sancti</strong></span> <span class='ocrx_word' id='word_1_319' title='bbox 654 2667 681 2713; x_wconf 90' lang='lat' dir='ltr'><strong>et</strong></span> <span class='ocrx_word' id='word_1_320' title='bbox 697 2667 798 2715; x_wconf 81' lang='lat' dir='ltr'><strong>sanctre</strong></span> <span class='ocrx_word' id='word_1_321' title='bbox 812 2674 927 2733; x_wconf 87' lang='lat' dir='ltr'><strong>congre·</strong></span> 
     </span>
     <span class='ocr_line' id='line_1_44' title="bbox 131 2747 929 2826; baseline -0.008 -19"><span class='ocrx_word' id='word_1_322' title='bbox 131 2752 192 2826; x_wconf 88' lang='lat' dir='ltr'><strong>geri</strong></span> <span class='ocrx_word' id='word_1_323' title='bbox 207 2757 329 2823; x_wconf 86' lang='lat' dir='ltr'><strong>possent,</strong></span> <span class='ocrx_word' id='word_1_324' title='bbox 344 2748 409 2820; x_wconf 90' lang='lat' dir='ltr'><strong>quid</strong></span> <span class='ocrx_word' id='word_1_325' title='bbox 424 2747 632 2819; x_wconf 84' lang='lat' dir='ltr'><strong>responderent,</strong></span> <span class='ocrx_word' id='word_1_326' title='bbox 655 2747 707 2801; x_wconf 87' lang='lat' dir='ltr'><strong>nisi</strong></span> <span class='ocrx_word' id='word_1_327' title='bbox 725 2747 796 2818; x_wconf 87' lang='lat' dir='ltr'><strong>quod</strong></span> <span class='ocrx_word' id='word_1_328' title='bbox 811 2748 929 2802; x_wconf 81' lang='lat' dir='ltr'><strong>loannes</strong></span> 
     </span>
     <span class='ocr_line' id='line_1_45' title="bbox 133 2835 926 2908; baseline -0.008 -12"><span class='ocrx_word' id='word_1_329' title='bbox 133 2842 171 2897; x_wconf 85' lang='lat' dir='ltr'><strong>ait</strong></span> <span class='ocrx_word' id='word_1_330' title='bbox 187 2858 194 2895; x_wconf 89' lang='lat'>:</span> <span class='ocrx_word' id='word_1_331' title='bbox 211 2864 222 2887; x_wconf 73' lang='grc' dir='ltr'><strong>α</strong></span> <span class='ocrx_word' id='word_1_332' title='bbox 239 2839 267 2894; x_wconf 88' lang='lat' dir='ltr'><strong>Si</strong></span> <span class='ocrx_word' id='word_1_333' title='bbox 283 2837 435 2893; x_wconf 78' lang='lat' dir='ltr'><strong>dixerimus</strong></span> <span class='ocrx_word' id='word_1_334' title='bbox 462 2836 526 2908; x_wconf 86' lang='lat' dir='ltr'><strong>quis</strong></span> <span class='ocrx_word' id='word_1_335' title='bbox 546 2843 685 2906; x_wconf 83' lang='lat' dir='ltr'><strong>peceatum</strong></span> <span class='ocrx_word' id='word_1_336' title='bbox 707 2850 761 2891; x_wconf 95' lang='lat' dir='ltr'><strong>non</strong></span> <span class='ocrx_word' id='word_1_337' title='bbox 783 2835 926 2900; x_wconf 82' lang='lat' dir='ltr'><strong>babemus,</strong></span> 
     </span>
     <span class='ocr_line' id='line_1_46' title="bbox 133 2923 926 3001; baseline -0.005 -17"><span class='ocrx_word' id='word_1_338' title='bbox 133 2945 183 2986; x_wconf 87' lang='lat' dir='ltr'><strong>nos</strong></span> <span class='ocrx_word' id='word_1_339' title='bbox 198 2928 273 3001; x_wconf 92' lang='lat' dir='ltr'><strong>ipsos</strong></span> <span class='ocrx_word' id='word_1_340' title='bbox 288 2927 463 2984; x_wconf 86' lang='lat' dir='ltr'><strong>seducimust</strong></span> <span class='ocrx_word' id='word_1_341' title='bbox 479 2948 489 2973; x_wconf 76' lang='lat' dir='ltr'><strong>v</strong></span> <span class='ocrx_word' id='word_1_342' title='bbox 503 2925 528 2985; x_wconf 87' lang='lat' dir='ltr'><strong>fl</strong></span> <span class='ocrx_word' id='word_1_343' title='bbox 540 2927 621 2981; x_wconf 80' lang='lat' dir='ltr'><strong>toan.</strong></span> <span class='ocrx_word' id='word_1_344' title='bbox 645 2928 678 2989; x_wconf 83' lang='lat' dir='ltr'><strong>t.)</strong></span> <span class='ocrx_word' id='word_1_345' title='bbox 701 2923 848 2996; x_wconf 88' lang='lat' dir='ltr'><strong>Legimus:</strong></span> <span class='ocrx_word' id='word_1_346' title='bbox 871 2926 926 2980; x_wconf 86' lang='lat' dir='ltr'><strong>bla-</strong></span> 
     </span>
    </p>
   </div>
   <div class='ocr_carea' id='block_1_17' title="bbox 130 3021 925 3096">
    <p class='ocr_par' dir='ltr' id='par_1_17' title="bbox 130 3021 925 3096">
     <span class='ocr_line' id='line_1_47' title="bbox 130 3021 925 3096; baseline -0.008 -13"><span class='ocrx_word' id='word_1_347' title='bbox 130 3028 198 3083; x_wconf 90' lang='lat' dir='ltr'><strong>rism</strong></span> <span class='ocrx_word' id='word_1_348' title='bbox 214 3031 299 3082; x_wconf 87' lang='lat' dir='ltr'><strong>totam</strong></span> <span class='ocrx_word' id='word_1_349' title='bbox 314 3023 466 3096; x_wconf 88' lang='lat' dir='ltr'><strong>repleverat</strong></span> <span class='ocrx_word' id='word_1_350' title='bbox 484 3021 600 3093; x_wconf 86' lang='lat' dir='ltr'><strong>Spiritus</strong></span> <span class='ocrx_word' id='word_1_351' title='bbox 625 3021 709 3077; x_wconf 85' lang='lat' dir='ltr'><strong>sancti</strong></span> <span class='ocrx_word' id='word_1_352' title='bbox 724 3023 821 3092; x_wconf 88' lang='lat' dir='ltr'><strong>gratie,</strong></span> <span class='ocrx_word' id='word_1_353' title='bbox 842 3028 925 3077; x_wconf 84' lang='lat' dir='ltr'><strong>totam</strong></span> 
     </span>
    </p>
   </div>
   <div class='ocr_carea' id='block_1_18' title="bbox 980 1825 1782 2263">
    <p class='ocr_par' dir='ltr' id='par_1_18' title="bbox 980 1825 1782 1986">
     <span class='ocr_line' id='line_1_48' title="bbox 982 1825 1782 1908; baseline 0.016 -30"><span class='ocrx_word' id='word_1_354' title='bbox 982 1825 1079 1879; x_wconf 91' lang='lat' dir='ltr'><strong>mirum</strong></span> <span class='ocrx_word' id='word_1_355' title='bbox 1096 1827 1154 1881; x_wconf 88' lang='lat' dir='ltr'><strong>dies</strong></span> <span class='ocrx_word' id='word_1_356' title='bbox 1173 1827 1199 1881; x_wconf 92' lang='lat' dir='ltr'><strong>in</strong></span> <span class='ocrx_word' id='word_1_357' title='bbox 1220 1826 1401 1885; x_wconf 73' lang='lat' dir='ltr'><strong>edificatione</strong></span> <span class='ocrx_word' id='word_1_358' title='bbox 1416 1831 1540 1901; x_wconf 90' lang='lat' dir='ltr'><strong>corporis</strong></span> <span class='ocrx_word' id='word_1_359' title='bbox 1549 1832 1671 1901; x_wconf 88' lang='lat' dir='ltr'><strong>Domini,</strong></span> <span class='ocrx_word' id='word_1_360' title='bbox 1688 1851 1744 1908; x_wconf 91' lang='lat' dir='ltr'><strong>qno</strong></span> <span class='ocrx_word' id='word_1_361' title='bbox 1758 1836 1782 1891; x_wconf 89' lang='lat' dir='ltr'><strong>in</strong></span> 
     </span>
     <span class='ocr_line' id='line_1_49' title="bbox 980 1911 1548 1986; baseline 0.012 -19"><span class='ocrx_word' id='word_1_362' title='bbox 980 1911 1156 1970; x_wconf 79' lang='lat' dir='ltr'><strong>fabricatione</strong></span> <span class='ocrx_word' id='word_1_363' title='bbox 1172 1915 1264 1986; x_wconf 89' lang='lat' dir='ltr'><strong>templi</strong></span> <span class='ocrx_word' id='word_1_364' title='bbox 1280 1932 1367 1972; x_wconf 86' lang='lat' dir='ltr'><strong>annos</strong></span> <span class='ocrx_word' id='word_1_365' title='bbox 1382 1917 1548 1974; x_wconf 87' lang='lat' dir='ltr'><strong>invenimus.</strong></span> 
     </span>
    </p>

    <p class='ocr_par' dir='ltr' id='par_1_19' title="bbox 981 2011 1781 2263">
     <span class='ocr_line' id='line_1_50' title="bbox 1017 2011 1781 2089; baseline 0.016 -26"><span class='ocrx_word' id='word_1_366' title='bbox 1017 2011 1233 2082; x_wconf 75' lang='lat' dir='ltr'><strong>(Auousrm‘us.)</strong></span> <span class='ocrx_word' id='word_1_367' title='bbox 1249 2013 1308 2067; x_wconf 92' lang='lat' dir='ltr'><strong>Non</strong></span> <span class='ocrx_word' id='word_1_368' title='bbox 1332 2015 1358 2067; x_wconf 91' lang='lat' dir='ltr'><strong>in</strong></span> <span class='ocrx_word' id='word_1_369' title='bbox 1380 2022 1456 2069; x_wconf 91' lang='lat' dir='ltr'><strong>utero</strong></span> <span class='ocrx_word' id='word_1_370' title='bbox 1482 2016 1602 2088; x_wconf 90' lang='lat' dir='ltr'><strong>Virginis</strong></span> <span class='ocrx_word' id='word_1_371' title='bbox 1622 2018 1700 2089; x_wconf 90' lang='lat' dir='ltr'><strong>prius</strong></span> <span class='ocrx_word' id='word_1_372' title='bbox 1716 2035 1781 2077; x_wconf 89' lang='lat' dir='ltr'><strong>con-</strong></span> 
     </span>
     <span class='ocr_line' id='line_1_51' title="bbox 982 2101 1780 2176; baseline 0.015 -23"><span class='ocrx_word' id='word_1_373' title='bbox 982 2106 1061 2168; x_wconf 91' lang='lat' dir='ltr'><strong>cepta</strong></span> <span class='ocrx_word' id='word_1_374' title='bbox 1072 2108 1123 2165; x_wconf 89' lang='lat' dir='ltr'><strong>est,</strong></span> <span class='ocrx_word' id='word_1_375' title='bbox 1139 2108 1168 2155; x_wconf 91' lang='lat' dir='ltr'><strong>et</strong></span> <span class='ocrx_word' id='word_1_376' title='bbox 1179 2101 1351 2170; x_wconf 90' lang='lat' dir='ltr'><strong>postmodum</strong></span> <span class='ocrx_word' id='word_1_377' title='bbox 1376 2101 1504 2159; x_wconf 79' lang='lat' dir='ltr'><strong>divinitus</strong></span> <span class='ocrx_word' id='word_1_378' title='bbox 1527 2105 1645 2161; x_wconf 79' lang='lat' dir='ltr'><strong>venitin</strong></span> <span class='ocrx_word' id='word_1_379' title='bbox 1659 2124 1780 2176; x_wconf 84' lang='lat' dir='ltr'><strong>carnem,</strong></span> 
     </span>
     <span class='ocr_line' id='line_1_52' title="bbox 981 2186 1781 2263; baseline 0.019 -23"><span class='ocrx_word' id='word_1_380' title='bbox 981 2186 1030 2241; x_wconf 89' lang='lat' dir='ltr'><strong>sed</strong></span> <span class='ocrx_word' id='word_1_381' title='bbox 1046 2203 1108 2242; x_wconf 84' lang='lat' dir='ltr'><strong>mox</strong></span> <span class='ocrx_word' id='word_1_382' title='bbox 1125 2196 1153 2243; x_wconf 92' lang='lat' dir='ltr'><strong>ut</strong></span> <span class='ocrx_word' id='word_1_383' title='bbox 1169 2190 1242 2243; x_wconf 91' lang='lat' dir='ltr'><strong>venit</strong></span> <span class='ocrx_word' id='word_1_384' title='bbox 1258 2190 1375 2245; x_wconf 89' lang='lat' dir='ltr'><strong>Verbum</strong></span> <span class='ocrx_word' id='word_1_385' title='bbox 1387 2191 1413 2244; x_wconf 95' lang='lat' dir='ltr'><strong>in</strong></span> <span class='ocrx_word' id='word_1_386' title='bbox 1430 2195 1607 2263; x_wconf 76' lang='lat' dir='ltr'><strong>uterottoau.</strong></span> <span class='ocrx_word' id='word_1_387' title='bbox 1624 2197 1656 2263; x_wconf 78' lang='grc' dir='ltr'><strong>ι),</strong></span> <span class='ocrx_word' id='word_1_388' title='bbox 1673 2207 1781 2256; x_wconf 79' lang='lat' dir='ltr'><strong>servato</strong></span> 
     </span>
    </p>
   </div>
   <div class='ocr_carea' id='block_1_19' title="bbox 982 2283 1782 2529">
    <p class='ocr_par' dir='ltr' id='par_1_20' title="bbox 982 2283 1782 2529">
     <span class='ocr_line' id='line_1_53' title="bbox 982 2283 1781 2367; baseline 0.019 -30"><span class='ocrx_word' id='word_1_389' title='bbox 982 2283 1102 2354; x_wconf 83' lang='lat' dir='ltr'><strong>propriae</strong></span> <span class='ocrx_word' id='word_1_390' title='bbox 1115 2293 1218 2342; x_wconf 84' lang='lat' dir='ltr'><strong>netnrae</strong></span> <span class='ocrx_word' id='word_1_391' title='bbox 1233 2287 1372 2356; x_wconf 81' lang='lat' dir='ltr'><strong>varietate,</strong></span> <span class='ocrx_word' id='word_1_392' title='bbox 1390 2288 1491 2346; x_wconf 89' lang='lat' dir='ltr'><strong>factum</strong></span> <span class='ocrx_word' id='word_1_393' title='bbox 1515 2300 1557 2346; x_wconf 89' lang='lat' dir='ltr'><strong>est</strong></span> <span class='ocrx_word' id='word_1_394' title='bbox 1570 2307 1647 2355; x_wconf 82' lang='lat' dir='ltr'><strong>cero.</strong></span> <span class='ocrx_word' id='word_1_395' title='bbox 1671 2304 1700 2350; x_wconf 89' lang='lat' dir='ltr'><strong>et</strong></span> <span class='ocrx_word' id='word_1_396' title='bbox 1719 2312 1781 2367; x_wconf 91' lang='lat' dir='ltr'><strong>per-</strong></span> 
     </span>
     <span class='ocr_line' id='line_1_54' title="bbox 982 2368 1781 2452; baseline 0.021 -28"><span class='ocrx_word' id='word_1_397' title='bbox 982 2368 1070 2426; x_wconf 89' lang='lat' dir='ltr'><strong>fectus</strong></span> <span class='ocrx_word' id='word_1_398' title='bbox 1086 2374 1177 2439; x_wconf 87' lang='lat' dir='ltr'><strong>homo,</strong></span> <span class='ocrx_word' id='word_1_399' title='bbox 1194 2375 1220 2428; x_wconf 91' lang='lat' dir='ltr'><strong>id</strong></span> <span class='ocrx_word' id='word_1_400' title='bbox 1237 2383 1278 2431; x_wconf 89' lang='lat' dir='ltr'><strong>est</strong></span> <span class='ocrx_word' id='word_1_401' title='bbox 1293 2376 1319 2430; x_wconf 93' lang='lat' dir='ltr'><strong>in</strong></span> <span class='ocrx_word' id='word_1_402' title='bbox 1336 2377 1452 2434; x_wconf 89' lang='lat' dir='ltr'><strong>roritate</strong></span> <span class='ocrx_word' id='word_1_403' title='bbox 1468 2381 1558 2435; x_wconf 88' lang='lat' dir='ltr'><strong>carnis</strong></span> <span class='ocrx_word' id='word_1_404' title='bbox 1573 2390 1600 2437; x_wconf 90' lang='grc' dir='ltr'><strong>ει</strong></span> <span class='ocrx_word' id='word_1_405' title='bbox 1613 2383 1725 2452; x_wconf 74' lang='lat' dir='ltr'><strong>anime,</strong></span> <span class='ocrx_word' id='word_1_406' title='bbox 1741 2401 1781 2441; x_wconf 80' lang='lat' dir='ltr'><strong>ua-</strong></span> 
     </span>
     <span class='ocr_line' id='line_1_55' title="bbox 982 2462 1782 2529; baseline 0.019 -15"><span class='ocrx_word' id='word_1_407' title='bbox 982 2468 1026 2514; x_wconf 92' lang='lat' dir='ltr'><strong>tns</strong></span> <span class='ocrx_word' id='word_1_408' title='bbox 1041 2468 1082 2516; x_wconf 92' lang='lat' dir='ltr'><strong>est</strong></span> <span class='ocrx_word' id='word_1_409' title='bbox 1097 2462 1133 2517; x_wconf 91' lang='lat' dir='ltr'><strong>de</strong></span> <span class='ocrx_word' id='word_1_410' title='bbox 1147 2477 1229 2519; x_wconf 88' lang='lat' dir='ltr'><strong>carne</strong></span> <span class='ocrx_word' id='word_1_411' title='bbox 1253 2464 1308 2529; x_wconf 89' lang='lat' dir='ltr'><strong>ille,</strong></span> <span class='ocrx_word' id='word_1_412' title='bbox 1334 2465 1377 2521; x_wconf 92' lang='lat' dir='ltr'><strong>cui</strong></span> <span class='ocrx_word' id='word_1_413' title='bbox 1404 2467 1506 2522; x_wconf 91' lang='lat' dir='ltr'><strong>unitum</strong></span> <span class='ocrx_word' id='word_1_414' title='bbox 1521 2478 1563 2524; x_wconf 90' lang='lat' dir='ltr'><strong>est</strong></span> <span class='ocrx_word' id='word_1_415' title='bbox 1584 2471 1721 2527; x_wconf 89' lang='lat' dir='ltr'><strong>Verbum.</strong></span> <span class='ocrx_word' id='word_1_416' title='bbox 1737 2474 1782 2528; x_wconf 79' lang='lat' dir='ltr'><strong>list</strong></span> 
     </span>
    </p>
   </div>
   <div class='ocr_carea' id='block_1_20' title="bbox 981 2558 1781 3085">
    <p class='ocr_par' dir='ltr' id='par_1_21' title="bbox 981 2558 1781 3085">
     <span class='ocr_line' id='line_1_56' title="bbox 982 2558 1781 2643; baseline 0.02 -32"><span class='ocrx_word' id='word_1_417' title='bbox 982 2572 1092 2629; x_wconf 91' lang='lat' dir='ltr'><strong>quoque</strong></span> <span class='ocrx_word' id='word_1_418' title='bbox 1107 2558 1164 2613; x_wconf 90' lang='lat' dir='ltr'><strong>elia</strong></span> <span class='ocrx_word' id='word_1_419' title='bbox 1179 2562 1248 2615; x_wconf 91' lang='lat' dir='ltr'><strong>ratio</strong></span> <span class='ocrx_word' id='word_1_420' title='bbox 1265 2577 1271 2615; x_wconf 92' lang='lat'>:</span> <span class='ocrx_word' id='word_1_421' title='bbox 1288 2561 1395 2617; x_wconf 88' lang='lat' dir='ltr'><strong>Dictum</strong></span> <span class='ocrx_word' id='word_1_422' title='bbox 1420 2572 1461 2619; x_wconf 92' lang='grc' dir='ltr'><strong>εει</strong></span> <span class='ocrx_word' id='word_1_423' title='bbox 1483 2566 1612 2622; x_wconf 89' lang='lat' dir='ltr'><strong>nimirum</strong></span> <span class='ocrx_word' id='word_1_424' title='bbox 1636 2568 1704 2625; x_wconf 81' lang='lat' dir='ltr'><strong>slrol</strong></span> <span class='ocrx_word' id='word_1_425' title='bbox 1722 2573 1781 2643; x_wconf 85' lang='lat' dir='ltr'><strong>quit</strong></span> 
     </span>
     <span class='ocr_line' id='line_1_57' title="bbox 983 2646 1779 2726; baseline 0.02 -26"><span class='ocrx_word' id='word_1_426' title='bbox 983 2646 1034 2701; x_wconf 88' lang='lat' dir='ltr'><strong>boc</strong></span> <span class='ocrx_word' id='word_1_427' title='bbox 1049 2647 1122 2717; x_wconf 92' lang='lat' dir='ltr'><strong>quod</strong></span> <span class='ocrx_word' id='word_1_428' title='bbox 1137 2649 1283 2704; x_wconf 87' lang='lat' dir='ltr'><strong>assumitur</strong></span> <span class='ocrx_word' id='word_1_429' title='bbox 1297 2651 1331 2705; x_wconf 91' lang='lat' dir='ltr'><strong>ad</strong></span> <span class='ocrx_word' id='word_1_430' title='bbox 1350 2653 1455 2722; x_wconf 90' lang='lat' dir='ltr'><strong>prolem</strong></span> <span class='ocrx_word' id='word_1_431' title='bbox 1484 2654 1518 2709; x_wconf 90' lang='lat' dir='ltr'><strong>de</strong></span> <span class='ocrx_word' id='word_1_432' title='bbox 1544 2665 1662 2726; x_wconf 90' lang='lat' dir='ltr'><strong>parente</strong></span> <span class='ocrx_word' id='word_1_433' title='bbox 1678 2660 1779 2716; x_wconf 81' lang='lat' dir='ltr'><strong>nullam</strong></span> 
     </span>
     <span class='ocr_line' id='line_1_58' title="bbox 983 2733 1780 2821; baseline 0.023 -34"><span class='ocrx_word' id='word_1_434' title='bbox 983 2733 1064 2789; x_wconf 86' lang='lat' dir='ltr'><strong>bobet</strong></span> <span class='ocrx_word' id='word_1_435' title='bbox 1080 2736 1245 2792; x_wconf 91' lang='lat' dir='ltr'><strong>voluntatem</strong></span> <span class='ocrx_word' id='word_1_436' title='bbox 1259 2738 1391 2811; x_wconf 89' lang='lat' dir='ltr'><strong>:ideoque</strong></span> <span class='ocrx_word' id='word_1_437' title='bbox 1402 2741 1505 2796; x_wconf 90' lang='lat' dir='ltr'><strong>nullum</strong></span> <span class='ocrx_word' id='word_1_438' title='bbox 1516 2754 1676 2814; x_wconf 88' lang='lat' dir='ltr'><strong>peccatum.</strong></span> <span class='ocrx_word' id='word_1_439' title='bbox 1690 2748 1780 2821; x_wconf 71' lang='lat' dir='ltr'><strong>ltaque</strong></span> 
     </span>
     <span class='ocr_line' id='line_1_59' title="bbox 981 2833 1778 2912; baseline 0.02 -25"><span class='ocrx_word' id='word_1_440' title='bbox 981 2833 1156 2903; x_wconf 87' lang='lat' dir='ltr'><strong>perspicuum</strong></span> <span class='ocrx_word' id='word_1_441' title='bbox 1171 2844 1221 2902; x_wconf 91' lang='lat' dir='ltr'><strong>est,</strong></span> <span class='ocrx_word' id='word_1_442' title='bbox 1239 2838 1365 2908; x_wconf 83' lang='lat' dir='ltr'><strong>quonism</strong></span> <span class='ocrx_word' id='word_1_443' title='bbox 1390 2837 1419 2892; x_wconf 89' lang='grc' dir='ltr'><strong>ιιι</strong></span> <span class='ocrx_word' id='word_1_444' title='bbox 1440 2856 1473 2894; x_wconf 91' lang='lat' dir='ltr'><strong>eo</strong></span> <span class='ocrx_word' id='word_1_445' title='bbox 1493 2842 1565 2912; x_wconf 89' lang='lat' dir='ltr'><strong>quod</strong></span> <span class='ocrx_word' id='word_1_446' title='bbox 1587 2843 1674 2900; x_wconf 84' lang='lat' dir='ltr'><strong>Filius</strong></span> <span class='ocrx_word' id='word_1_447' title='bbox 1690 2847 1741 2902; x_wconf 85' lang='lat' dir='ltr'><strong>Dei</strong></span> <span class='ocrx_word' id='word_1_448' title='bbox 1755 2849 1778 2902; x_wconf 92' lang='lat' dir='ltr'><strong>iu</strong></span> 
     </span>
     <span class='ocr_line' id='line_1_60' title="bbox 981 2922 1779 3002; baseline 0.021 -32"><span class='ocrx_word' id='word_1_449' title='bbox 981 2932 1057 2971; x_wconf 90' lang='lat' dir='ltr'><strong>susm</strong></span> <span class='ocrx_word' id='word_1_450' title='bbox 1078 2934 1222 2988; x_wconf 90' lang='lat' dir='ltr'><strong>personam</strong></span> <span class='ocrx_word' id='word_1_451' title='bbox 1243 2922 1400 2990; x_wconf 82' lang='lat' dir='ltr'><strong>assumpsit,</strong></span> <span class='ocrx_word' id='word_1_452' title='bbox 1422 2925 1457 2979; x_wconf 92' lang='lat' dir='ltr'><strong>de</strong></span> <span class='ocrx_word' id='word_1_453' title='bbox 1478 2925 1591 2997; x_wconf 86' lang='lat' dir='ltr'><strong>Virgine</strong></span> <span class='ocrx_word' id='word_1_454' title='bbox 1605 2929 1682 2985; x_wconf 87' lang='lat' dir='ltr'><strong>nulla</strong></span> <span class='ocrx_word' id='word_1_455' title='bbox 1697 2933 1779 3002; x_wconf 85' lang='lat' dir='ltr'><strong>potnit</strong></span> 
     </span>
     <span class='ocr_line' id='line_1_61' title="bbox 981 3009 1778 3085; baseline 0.023 -26"><span class='ocrx_word' id='word_1_456' title='bbox 981 3021 1043 3061; x_wconf 87' lang='lat' dir='ltr'><strong>esse</strong></span> <span class='ocrx_word' id='word_1_457' title='bbox 1057 3009 1161 3063; x_wconf 87' lang='lat' dir='ltr'><strong>macula</strong></span> <span class='ocrx_word' id='word_1_458' title='bbox 1189 3011 1303 3077; x_wconf 89' lang='lat' dir='ltr'><strong>peccati.</strong></span> <span class='ocrx_word' id='word_1_459' title='bbox 1327 3012 1538 3085; x_wconf 79' lang='lat' dir='ltr'><strong>(Aucusrmrs.)</strong></span> <span class='ocrx_word' id='word_1_460' title='bbox 1560 3016 1778 3076; x_wconf 72' lang='lat' dir='ltr'><strong>iucommutabi-</strong></span> 
     </span>
    </p>
   </div>
   <div class='ocr_carea' id='block_1_21' title="bbox 132 3091 1777 3182">
    <p class='ocr_par' dir='ltr' id='par_1_22' title="bbox 132 3091 1777 3182">
     <span class='ocr_line' id='line_1_62' title="bbox 132 3091 1777 3182; baseline 0.001 -10"><span class='ocrx_word' id='word_1_461' title='bbox 132 3115 310 3172; x_wconf 89' lang='lat' dir='ltr'><strong>iucanduerat</strong></span> <span class='ocrx_word' id='word_1_462' title='bbox 323 3112 434 3168; x_wconf 87' lang='lat' dir='ltr'><strong>divinus</strong></span> <span class='ocrx_word' id='word_1_463' title='bbox 448 3127 536 3175; x_wconf 87' lang='lat' dir='ltr'><strong>arnor,</strong></span> <span class='ocrx_word' id='word_1_464' title='bbox 548 3110 584 3165; x_wconf 87' lang='lat' dir='ltr'><strong>ita</strong></span> <span class='ocrx_word' id='word_1_465' title='bbox 601 3110 674 3182; x_wconf 89' lang='lat' dir='ltr'><strong>quod</strong></span> <span class='ocrx_word' id='word_1_466' title='bbox 689 3110 715 3164; x_wconf 90' lang='grc' dir='ltr'><strong>ιιι</strong></span> <span class='ocrx_word' id='word_1_467' title='bbox 731 3126 762 3166; x_wconf 88' lang='lat' dir='ltr'><strong>ea</strong></span> <span class='ocrx_word' id='word_1_468' title='bbox 778 3110 843 3165; x_wconf 91' lang='lat' dir='ltr'><strong>nibil</strong></span> <span class='ocrx_word' id='word_1_469' title='bbox 854 3121 929 3167; x_wconf 88' lang='lat' dir='ltr'><strong>esset</strong></span> <span class='ocrx_word' id='word_1_470' title='bbox 944 3091 968 3154; x_wconf 78' lang='lat' dir='ltr'>C</span> <span class='ocrx_word' id='word_1_471' title='bbox 982 3093 1015 3148; x_wconf 58' lang='grc' dir='ltr'><strong>ΗΒ</strong></span> <span class='ocrx_word' id='word_1_472' title='bbox 1029 3097 1129 3151; x_wconf 56' lang='lat' dir='ltr'><strong>leiim</strong></span> <span class='ocrx_word' id='word_1_473' title='bbox 1145 3114 1192 3169; x_wconf 72' lang='grc' dir='ltr'><strong>ι)ΕΓ</strong></span> <span class='ocrx_word' id='word_1_474' title='bbox 1200 3099 1343 3169; x_wconf 91' lang='lat' dir='ltr'><strong>spirituum</strong></span> <span class='ocrx_word' id='word_1_475' title='bbox 1354 3101 1482 3163; x_wconf 68' lang='lat' dir='ltr'><strong>animim·</strong></span> <span class='ocrx_word' id='word_1_476' title='bbox 1495 3112 1522 3156; x_wconf 70' lang='grc' dir='ltr'><strong>θῑ</strong></span> <span class='ocrx_word' id='word_1_477' title='bbox 1532 3120 1583 3174; x_wconf 89' lang='lat' dir='ltr'><strong>per</strong></span> <span class='ocrx_word' id='word_1_478' title='bbox 1590 3106 1777 3166; x_wconf 61' lang='lat' dir='ltr'><strong>“nlmftmwl-</strong></span> 
     </span>
    </p>
   </div>
   <div class='ocr_carea' id='block_1_22' title="bbox 131 3196 927 3923">
    <p class='ocr_par' dir='ltr' id='par_1_23' title="bbox 131 3196 927 3923">
     <span class='ocr_line' id='line_1_63' title="bbox 134 3196 926 3273; baseline -0.006 -14"><span class='ocrx_word' id='word_1_479' title='bbox 134 3204 286 3262; x_wconf 79' lang='lat' dir='ltr'><strong>mundanus</strong></span> <span class='ocrx_word' id='word_1_480' title='bbox 311 3201 381 3273; x_wconf 90' lang='lat' dir='ltr'><strong>quod</strong></span> <span class='ocrx_word' id='word_1_481' title='bbox 397 3199 512 3256; x_wconf 78' lang='lat' dir='ltr'><strong>violaret</strong></span> <span class='ocrx_word' id='word_1_482' title='bbox 528 3196 651 3264; x_wconf 88' lang='lat' dir='ltr'><strong>effectos,</strong></span> <span class='ocrx_word' id='word_1_483' title='bbox 676 3199 726 3254; x_wconf 92' lang='lat' dir='ltr'><strong>sed</strong></span> <span class='ocrx_word' id='word_1_484' title='bbox 741 3199 822 3254; x_wconf 79' lang='lat' dir='ltr'><strong>ardo.-</strong></span> <span class='ocrx_word' id='word_1_485' title='bbox 836 3200 926 3254; x_wconf 90' lang='lat' dir='ltr'><strong>conti-</strong></span> 
     </span>
     <span class='ocr_line' id='line_1_64' title="bbox 132 3286 927 3360; baseline -0.006 -11"><span class='ocrx_word' id='word_1_486' title='bbox 132 3309 203 3349; x_wconf 92' lang='lat' dir='ltr'><strong>nuus</strong></span> <span class='ocrx_word' id='word_1_487' title='bbox 222 3300 249 3348; x_wconf 91' lang='lat' dir='ltr'><strong>et</strong></span> <span class='ocrx_word' id='word_1_488' title='bbox 261 3291 381 3347; x_wconf 86' lang='lat' dir='ltr'><strong>ebrietas</strong></span> <span class='ocrx_word' id='word_1_489' title='bbox 395 3287 501 3360; x_wconf 89' lang='lat' dir='ltr'><strong>profusi</strong></span> <span class='ocrx_word' id='word_1_490' title='bbox 521 3286 636 3343; x_wconf 85' lang='lat' dir='ltr'><strong>amoris.</strong></span> <span class='ocrx_word' id='word_1_491' title='bbox 662 3290 877 3357; x_wconf 76' lang='lat' dir='ltr'><strong>(deessemus).</strong></span> <span class='ocrx_word' id='word_1_492' title='bbox 899 3289 927 3344; x_wconf 92' lang='lat' dir='ltr'><strong>Si</strong></span> 
     </span>
     <span class='ocr_line' id='line_1_65' title="bbox 134 3383 926 3461; baseline -0.005 -16"><span class='ocrx_word' id='word_1_493' title='bbox 134 3389 261 3461; x_wconf 86' lang='lat' dir='ltr'><strong>Spiritum</strong></span> <span class='ocrx_word' id='word_1_494' title='bbox 278 3387 326 3442; x_wconf 89' lang='lat' dir='ltr'><strong>Dei</strong></span> <span class='ocrx_word' id='word_1_495' title='bbox 341 3385 429 3442; x_wconf 91' lang='lat' dir='ltr'><strong>omnis</strong></span> <span class='ocrx_word' id='word_1_496' title='bbox 444 3385 530 3440; x_wconf 90' lang='lat' dir='ltr'><strong>virtus</strong></span> <span class='ocrx_word' id='word_1_497' title='bbox 545 3383 703 3458; x_wconf 81' lang='lat' dir='ltr'><strong>angelorum</strong></span> <span class='ocrx_word' id='word_1_498' title='bbox 722 3388 838 3452; x_wconf 86' lang='lat' dir='ltr'><strong>constet,</strong></span> <span class='ocrx_word' id='word_1_499' title='bbox 859 3386 926 3441; x_wconf 88' lang='lat' dir='ltr'><strong>bea-</strong></span> 
     </span>
     <span class='ocr_line' id='line_1_66' title="bbox 133 3473 926 3547; baseline -0.006 -14"><span class='ocrx_word' id='word_1_500' title='bbox 133 3487 187 3533; x_wconf 90' lang='lat' dir='ltr'><strong>tam</strong></span> <span class='ocrx_word' id='word_1_501' title='bbox 202 3480 230 3533; x_wconf 90' lang='lat' dir='ltr'><strong>et</strong></span> <span class='ocrx_word' id='word_1_502' title='bbox 243 3475 392 3547; x_wconf 85' lang='lat' dir='ltr'><strong>gloriosam</strong></span> <span class='ocrx_word' id='word_1_503' title='bbox 408 3473 557 3546; x_wconf 84' lang='lat' dir='ltr'><strong>Virginem,</strong></span> <span class='ocrx_word' id='word_1_504' title='bbox 570 3474 595 3527; x_wconf 93' lang='lat' dir='ltr'><strong>in</strong></span> <span class='ocrx_word' id='word_1_505' title='bbox 607 3488 688 3545; x_wconf 90' lang='lat' dir='ltr'><strong>quam</strong></span> <span class='ocrx_word' id='word_1_506' title='bbox 701 3475 856 3545; x_wconf 75' lang='lat' dir='ltr'><strong>supervenit</strong></span> <span class='ocrx_word' id='word_1_507' title='bbox 866 3475 926 3546; x_wconf 89' lang='lat' dir='ltr'><strong>Spi-</strong></span> 
     </span>
     <span class='ocr_line' id='line_1_67' title="bbox 134 3570 925 3644; baseline -0.004 -15"><span class='ocrx_word' id='word_1_508' title='bbox 134 3575 202 3630; x_wconf 89' lang='lat' dir='ltr'><strong>ritus</strong></span> <span class='ocrx_word' id='word_1_509' title='bbox 218 3581 338 3641; x_wconf 90' lang='lat' dir='ltr'><strong>sanctus,</strong></span> <span class='ocrx_word' id='word_1_510' title='bbox 355 3580 381 3628; x_wconf 91' lang='lat' dir='ltr'><strong>et</strong></span> <span class='ocrx_word' id='word_1_511' title='bbox 403 3578 475 3626; x_wconf 91' lang='lat' dir='ltr'><strong>totus</strong></span> <span class='ocrx_word' id='word_1_512' title='bbox 486 3570 680 3641; x_wconf 88' lang='lat' dir='ltr'><strong>Densillapsus</strong></span> <span class='ocrx_word' id='word_1_513' title='bbox 691 3580 814 3644; x_wconf 89' lang='lat' dir='ltr'><strong>portetur</strong></span> <span class='ocrx_word' id='word_1_514' title='bbox 828 3588 925 3628; x_wconf 86' lang='lat' dir='ltr'><strong>norem</strong></span> 
     </span>
     <span class='ocr_line' id='line_1_68' title="bbox 132 3659 925 3733; baseline -0.001 -15"><span class='ocrx_word' id='word_1_515' title='bbox 132 3662 277 3720; x_wconf 90' lang='lat' dir='ltr'><strong>mensibus</strong></span> <span class='ocrx_word' id='word_1_516' title='bbox 292 3661 320 3715; x_wconf 94' lang='lat' dir='ltr'><strong>in</strong></span> <span class='ocrx_word' id='word_1_517' title='bbox 334 3666 423 3727; x_wconf 90' lang='lat' dir='ltr'><strong>utero,</strong></span> <span class='ocrx_word' id='word_1_518' title='bbox 439 3659 605 3715; x_wconf 89' lang='lat' dir='ltr'><strong>credendum</strong></span> <span class='ocrx_word' id='word_1_519' title='bbox 621 3669 662 3715; x_wconf 90' lang='grc' dir='ltr'><strong>εει</strong></span> <span class='ocrx_word' id='word_1_520' title='bbox 686 3660 788 3730; x_wconf 88' lang='lat' dir='ltr'><strong>majora</strong></span> <span class='ocrx_word' id='word_1_521' title='bbox 814 3677 925 3733; x_wconf 91' lang='lat' dir='ltr'><strong>prome-</strong></span> 
     </span>
     <span class='ocr_line' id='line_1_69' title="bbox 131 3748 925 3823; baseline -0.005 -15"><span class='ocrx_word' id='word_1_522' title='bbox 131 3753 220 3809; x_wconf 86' lang='lat' dir='ltr'><strong>ruisse</strong></span> <span class='ocrx_word' id='word_1_523' title='bbox 235 3751 362 3806; x_wconf 91' lang='lat' dir='ltr'><strong>virtutum</strong></span> <span class='ocrx_word' id='word_1_524' title='bbox 372 3748 524 3821; x_wconf 87' lang='lat' dir='ltr'><strong>privilegia,</strong></span> <span class='ocrx_word' id='word_1_525' title='bbox 542 3756 568 3805; x_wconf 93' lang='lat' dir='ltr'><strong>et</strong></span> <span class='ocrx_word' id='word_1_526' title='bbox 583 3749 738 3820; x_wconf 85' lang='lat' dir='ltr'><strong>percepisse</strong></span> <span class='ocrx_word' id='word_1_527' title='bbox 753 3751 878 3823; x_wconf 83' lang='lat' dir='ltr'><strong>gratiam,</strong></span> <span class='ocrx_word' id='word_1_528' title='bbox 891 3750 925 3806; x_wconf 91' lang='lat' dir='ltr'><strong>ab</strong></span> 
     </span>
     <span class='ocr_line' id='line_1_70' title="bbox 131 3847 538 3923; baseline -0.02 -15"><span class='ocrx_word' id='word_1_529' title='bbox 131 3850 237 3923; x_wconf 79' lang='lat' dir='ltr'><strong>angelis</strong></span> <span class='ocrx_word' id='word_1_530' title='bbox 252 3849 334 3905; x_wconf 88' lang='lat' dir='ltr'><strong>etiam</strong></span> <span class='ocrx_word' id='word_1_531' title='bbox 348 3847 538 3904; x_wconf 89' lang='lat' dir='ltr'><strong>collaudatam.</strong></span> 
     </span>
    </p>
   </div>
   <div class='ocr_carea' id='block_1_23' title="bbox 130 3935 925 4097">
    <p class='ocr_par' dir='ltr' id='par_1_24' title="bbox 130 3935 925 4097">
     <span class='ocr_line' id='line_1_71' title="bbox 166 3935 925 4012; baseline -0.003 -17"><span class='ocrx_word' id='word_1_532' title='bbox 166 3937 293 4012; x_wconf 85' lang='lat' dir='ltr'><strong>Suscepit</strong></span> <span class='ocrx_word' id='word_1_533' title='bbox 307 3936 429 3993; x_wconf 89' lang='lat' dir='ltr'><strong>Christus</strong></span> <span class='ocrx_word' id='word_1_534' title='bbox 445 3935 479 3991; x_wconf 89' lang='lat' dir='ltr'><strong>de</strong></span> <span class='ocrx_word' id='word_1_535' title='bbox 503 3943 576 3991; x_wconf 90' lang='lat' dir='ltr'><strong>terra</strong></span> <span class='ocrx_word' id='word_1_536' title='bbox 596 3945 706 4003; x_wconf 88' lang='lat' dir='ltr'><strong>terram,</strong></span> <span class='ocrx_word' id='word_1_537' title='bbox 723 3937 786 4009; x_wconf 91' lang='lat' dir='ltr'><strong>qnia</strong></span> <span class='ocrx_word' id='word_1_538' title='bbox 805 3937 925 3993; x_wconf 85' lang='lat' dir='ltr'><strong>deterre</strong></span> 
     </span>
     <span class='ocr_line' id='line_1_72' title="bbox 130 4024 924 4097; baseline -0.008 -11"><span class='ocrx_word' id='word_1_539' title='bbox 130 4044 195 4087; x_wconf 84' lang='lat' dir='ltr'><strong>cero</strong></span> <span class='ocrx_word' id='word_1_540' title='bbox 211 4036 261 4097; x_wconf 90' lang='lat' dir='ltr'><strong>est,</strong></span> <span class='ocrx_word' id='word_1_541' title='bbox 280 4034 307 4083; x_wconf 92' lang='grc' dir='ltr'><strong>ει</strong></span> <span class='ocrx_word' id='word_1_542' title='bbox 318 4026 352 4081; x_wconf 84' lang='grc' dir='ltr'><strong>(ιε</strong></span> <span class='ocrx_word' id='word_1_543' title='bbox 369 4039 455 4081; x_wconf 87' lang='lat' dir='ltr'><strong>carne</strong></span> <span class='ocrx_word' id='word_1_544' title='bbox 478 4024 569 4079; x_wconf 85' lang='lat' dir='ltr'><strong>llarire</strong></span> <span class='ocrx_word' id='word_1_545' title='bbox 598 4040 705 4080; x_wconf 85' lang='lat' dir='ltr'><strong>earnem</strong></span> <span class='ocrx_word' id='word_1_546' title='bbox 728 4025 841 4096; x_wconf 82' lang='lat' dir='ltr'><strong>accepit,</strong></span> <span class='ocrx_word' id='word_1_547' title='bbox 857 4033 883 4080; x_wconf 89' lang='lat' dir='ltr'><strong>et</strong></span> <span class='ocrx_word' id='word_1_548' title='bbox 898 4026 924 4080; x_wconf 90' lang='lat' dir='ltr'><strong>in</strong></span> 
     </span>
    </p>
   </div>
   <div class='ocr_carea' id='block_1_24' title="bbox 128 4119 923 4359">
    <p class='ocr_par' dir='ltr' id='par_1_25' title="bbox 128 4119 923 4359">
     <span class='ocr_line' id='line_1_73' title="bbox 130 4119 923 4198; baseline -0.008 -17"><span class='ocrx_word' id='word_1_549' title='bbox 130 4126 189 4198; x_wconf 86' lang='lat' dir='ltr'><strong>ipsa</strong></span> <span class='ocrx_word' id='word_1_550' title='bbox 205 4139 289 4182; x_wconf 84' lang='lat' dir='ltr'><strong>corne</strong></span> <span class='ocrx_word' id='word_1_551' title='bbox 304 4122 347 4179; x_wconf 89' lang='lat' dir='ltr'><strong>bic</strong></span> <span class='ocrx_word' id='word_1_552' title='bbox 360 4119 519 4186; x_wconf 88' lang='lat' dir='ltr'><strong>ambulavit,</strong></span> <span class='ocrx_word' id='word_1_553' title='bbox 535 4129 561 4175; x_wconf 89' lang='lat' dir='ltr'><strong>et</strong></span> <span class='ocrx_word' id='word_1_554' title='bbox 572 4120 659 4193; x_wconf 87' lang='lat' dir='ltr'><strong>ipsam</strong></span> <span class='ocrx_word' id='word_1_555' title='bbox 670 4136 779 4177; x_wconf 89' lang='lat' dir='ltr'><strong>carnem</strong></span> <span class='ocrx_word' id='word_1_556' title='bbox 794 4121 873 4176; x_wconf 90' lang='lat' dir='ltr'><strong>nobis</strong></span> <span class='ocrx_word' id='word_1_557' title='bbox 887 4120 923 4175; x_wconf 84' lang='lat' dir='ltr'><strong>ed</strong></span> 
     </span>
     <span class='ocr_line' id='line_1_74' title="bbox 128 4208 923 4281; baseline -0.008 -11"><span class='ocrx_word' id='word_1_558' title='bbox 128 4211 349 4270; x_wconf 84' lang='lat' dir='ltr'><strong>manducandum</strong></span> <span class='ocrx_word' id='word_1_559' title='bbox 365 4211 400 4265; x_wconf 91' lang='lat' dir='ltr'><strong>ad</strong></span> <span class='ocrx_word' id='word_1_560' title='bbox 416 4208 533 4264; x_wconf 83' lang='lat' dir='ltr'><strong>salutem</strong></span> <span class='ocrx_word' id='word_1_561' title='bbox 543 4208 626 4264; x_wconf 89' lang='lat' dir='ltr'><strong>dedit.</strong></span> <span class='ocrx_word' id='word_1_562' title='bbox 646 4208 830 4281; x_wconf 78' lang='lat' dir='ltr'><strong>»Apostolus</strong></span> <span class='ocrx_word' id='word_1_563' title='bbox 848 4209 923 4280; x_wconf 73' lang='lat' dir='ltr'><strong>«Qui</strong></span> 
     </span>
     <span class='ocr_line' id='line_1_75' title="bbox 129 4297 922 4359; baseline -0.008 0"><span class='ocrx_word' id='word_1_564' title='bbox 129 4303 267 4359; x_wconf 83' lang='lat' dir='ltr'><strong>factusest</strong></span> <span class='ocrx_word' id='word_1_565' title='bbox 296 4299 321 4354; x_wconf 89' lang='lat' dir='ltr'><strong>ei</strong></span> <span class='ocrx_word' id='word_1_566' title='bbox 350 4314 383 4354; x_wconf 86' lang='lat' dir='ltr'><strong>ex</strong></span> <span class='ocrx_word' id='word_1_567' title='bbox 413 4297 516 4353; x_wconf 84' lang='lat' dir='ltr'><strong>semine</strong></span> <span class='ocrx_word' id='word_1_568' title='bbox 544 4298 793 4354; x_wconf 82' lang='lat' dir='ltr'><strong>[tevidseeundum</strong></span> <span class='ocrx_word' id='word_1_569' title='bbox 813 4314 922 4355; x_wconf 82' lang='lat' dir='ltr'><strong>carnem</strong></span> 
     </span>
    </p>
   </div>
   <div class='ocr_carea' id='block_1_25' title="bbox 125 4393 921 4639">
    <p class='ocr_par' dir='ltr' id='par_1_26' title="bbox 125 4393 921 4639">
     <span class='ocr_line' id='line_1_76' title="bbox 129 4393 921 4466; baseline -0.001 -14"><span class='ocrx_word' id='word_1_570' title='bbox 129 4400 217 4466; x_wconf 83' lang='lat' dir='ltr'><strong>(Rom.</strong></span> <span class='ocrx_word' id='word_1_571' title='bbox 233 4398 265 4465; x_wconf 83' lang='grc' dir='ltr'><strong>ι).</strong></span> <span class='ocrx_word' id='word_1_572' title='bbox 277 4395 346 4450; x_wconf 85' lang='grc' dir='ltr'>Νειιι</span> <span class='ocrx_word' id='word_1_573' title='bbox 362 4393 432 4450; x_wconf 84' lang='lat' dir='ltr'><strong>sicut</strong></span> <span class='ocrx_word' id='word_1_574' title='bbox 444 4394 518 4448; x_wconf 87' lang='lat' dir='ltr'><strong>Deus</strong></span> <span class='ocrx_word' id='word_1_575' title='bbox 540 4411 572 4449; x_wconf 87' lang='lat' dir='ltr'><strong>ex</strong></span> <span class='ocrx_word' id='word_1_576' title='bbox 593 4394 742 4450; x_wconf 82' lang='lat' dir='ltr'><strong>substantia</strong></span> <span class='ocrx_word' id='word_1_577' title='bbox 760 4395 844 4451; x_wconf 81' lang='lat' dir='ltr'><strong>Petris</strong></span> <span class='ocrx_word' id='word_1_578' title='bbox 858 4403 921 4451; x_wconf 86' lang='lat' dir='ltr'><strong>ante</strong></span> 
     </span>
     <span class='ocr_line' id='line_1_77' title="bbox 128 4482 919 4548; baseline -0.001 -8"><span class='ocrx_word' id='word_1_579' title='bbox 128 4483 226 4540; x_wconf 76' lang='lat' dir='ltr'><strong>sucula</strong></span> <span class='ocrx_word' id='word_1_580' title='bbox 244 4490 321 4537; x_wconf 89' lang='lat' dir='ltr'><strong>natus</strong></span> <span class='ocrx_word' id='word_1_581' title='bbox 336 4491 387 4548; x_wconf 86' lang='lat' dir='ltr'><strong>est,</strong></span> <span class='ocrx_word' id='word_1_582' title='bbox 402 4483 439 4537; x_wconf 92' lang='lat' dir='ltr'><strong>ita</strong></span> <span class='ocrx_word' id='word_1_583' title='bbox 452 4482 534 4538; x_wconf 89' lang='lat' dir='ltr'><strong>homo</strong></span> <span class='ocrx_word' id='word_1_584' title='bbox 556 4499 589 4537; x_wconf 84' lang='lat' dir='ltr'><strong>ex</strong></span> <span class='ocrx_word' id='word_1_585' title='bbox 614 4484 762 4538; x_wconf 83' lang='lat' dir='ltr'><strong>substantia</strong></span> <span class='ocrx_word' id='word_1_586' title='bbox 782 4485 877 4539; x_wconf 90' lang='lat' dir='ltr'><strong>matris</strong></span> <span class='ocrx_word' id='word_1_587' title='bbox 891 4485 919 4540; x_wconf 95' lang='lat' dir='ltr'><strong>in</strong></span> 
     </span>
     <span class='ocr_line' id='line_1_78' title="bbox 125 4570 919 4639; baseline -0.001 -9"><span class='ocrx_word' id='word_1_588' title='bbox 125 4573 227 4630; x_wconf 81' lang='lat' dir='ltr'><strong>saecnlo</strong></span> <span class='ocrx_word' id='word_1_589' title='bbox 255 4578 343 4625; x_wconf 87' lang='lat' dir='ltr'><strong>natus.</strong></span> <span class='ocrx_word' id='word_1_590' title='bbox 372 4571 443 4625; x_wconf 90' lang='lat' dir='ltr'><strong>Nam</strong></span> <span class='ocrx_word' id='word_1_591' title='bbox 460 4571 482 4625; x_wconf 94' lang='lat' dir='ltr'><strong>si</strong></span> <span class='ocrx_word' id='word_1_592' title='bbox 497 4571 531 4626; x_wconf 90' lang='lat' dir='ltr'><strong>de</strong></span> <span class='ocrx_word' id='word_1_593' title='bbox 557 4570 642 4626; x_wconf 85' lang='lat' dir='ltr'><strong>nihilo</strong></span> <span class='ocrx_word' id='word_1_594' title='bbox 669 4570 758 4628; x_wconf 86' lang='lat' dir='ltr'><strong>factus</strong></span> <span class='ocrx_word' id='word_1_595' title='bbox 773 4580 858 4639; x_wconf 88' lang='lat' dir='ltr'><strong>esset,</strong></span> <span class='ocrx_word' id='word_1_596' title='bbox 873 4572 919 4629; x_wconf 89' lang='lat' dir='ltr'><strong>ifle</strong></span> 
     </span>
    </p>
   </div>
   <div class='ocr_carea' id='block_1_26' title="bbox 122 4668 918 4739">
    <p class='ocr_par' dir='ltr' id='par_1_27' title="bbox 122 4668 918 4739">
     <span class='ocr_line' id='line_1_79' title="bbox 122 4668 918 4739; baseline -0.003 -11"><span class='ocrx_word' id='word_1_597' title='bbox 122 4673 207 4727; x_wconf 91' lang='lat' dir='ltr'><strong>homo</strong></span> <span class='ocrx_word' id='word_1_598' title='bbox 223 4669 312 4724; x_wconf 89' lang='lat' dir='ltr'><strong>unitus</strong></span> <span class='ocrx_word' id='word_1_599' title='bbox 328 4669 386 4723; x_wconf 89' lang='lat' dir='ltr'><strong>Deo</strong></span> <span class='ocrx_word' id='word_1_600' title='bbox 400 4668 593 4739; x_wconf 88' lang='lat' dir='ltr'><strong>personaliter,</strong></span> <span class='ocrx_word' id='word_1_601' title='bbox 619 4669 691 4725; x_wconf 90' lang='lat' dir='ltr'><strong>sicut</strong></span> <span class='ocrx_word' id='word_1_602' title='bbox 705 4669 828 4725; x_wconf 87' lang='lat' dir='ltr'><strong>nonnulli</strong></span> <span class='ocrx_word' id='word_1_603' title='bbox 842 4686 918 4726; x_wconf 89' lang='lat' dir='ltr'><strong>asse·</strong></span> 
     </span>
    </p>
   </div>
   <div class='ocr_carea' id='block_1_27' title="bbox 122 4765 918 5016">
    <p class='ocr_par' dir='ltr' id='par_1_28' title="bbox 122 4765 918 5016">
     <span class='ocr_line' id='line_1_80' title="bbox 125 4765 918 4838; baseline -0.003 -13"><span class='ocrx_word' id='word_1_604' title='bbox 125 4777 201 4836; x_wconf 89' lang='lat' dir='ltr'><strong>runt,</strong></span> <span class='ocrx_word' id='word_1_605' title='bbox 215 4766 258 4823; x_wconf 91' lang='lat' dir='ltr'><strong>vel</strong></span> <span class='ocrx_word' id='word_1_606' title='bbox 272 4765 307 4821; x_wconf 91' lang='lat' dir='ltr'><strong>de</strong></span> <span class='ocrx_word' id='word_1_607' title='bbox 322 4765 376 4820; x_wconf 90' lang='lat' dir='ltr'><strong>alio</strong></span> <span class='ocrx_word' id='word_1_608' title='bbox 391 4781 494 4836; x_wconf 85' lang='lat' dir='ltr'><strong>genere</strong></span> <span class='ocrx_word' id='word_1_609' title='bbox 510 4782 589 4838; x_wconf 84' lang='lat' dir='ltr'><strong>quem</strong></span> <span class='ocrx_word' id='word_1_610' title='bbox 611 4768 645 4822; x_wconf 91' lang='lat' dir='ltr'><strong>de</strong></span> <span class='ocrx_word' id='word_1_611' title='bbox 668 4767 775 4822; x_wconf 76' lang='lat' dir='ltr'><strong>Adam?</strong></span> <span class='ocrx_word' id='word_1_612' title='bbox 795 4768 918 4824; x_wconf 83' lang='lat' dir='ltr'><strong>flumana</strong></span> 
     </span>
     <span class='ocr_line' id='line_1_81' title="bbox 122 4853 918 4928; baseline 0 -15"><span class='ocrx_word' id='word_1_613' title='bbox 122 4867 221 4913; x_wconf 89' lang='lat' dir='ltr'><strong>natura</strong></span> <span class='ocrx_word' id='word_1_614' title='bbox 236 4872 298 4928; x_wconf 82' lang='lat' dir='ltr'><strong>quse</strong></span> <span class='ocrx_word' id='word_1_615' title='bbox 312 4863 366 4911; x_wconf 89' lang='lat' dir='ltr'><strong>tota</strong></span> <span class='ocrx_word' id='word_1_616' title='bbox 381 4862 442 4910; x_wconf 87' lang='lat' dir='ltr'><strong>erat</strong></span> <span class='ocrx_word' id='word_1_617' title='bbox 455 4853 482 4908; x_wconf 89' lang='lat' dir='ltr'><strong>in</strong></span> <span class='ocrx_word' id='word_1_618' title='bbox 493 4854 589 4920; x_wconf 79' lang='lat' dir='ltr'><strong>Adam,</strong></span> <span class='ocrx_word' id='word_1_619' title='bbox 606 4864 633 4911; x_wconf 92' lang='lat' dir='ltr'><strong>et</strong></span> <span class='ocrx_word' id='word_1_620' title='bbox 646 4855 683 4910; x_wconf 88' lang='lat' dir='ltr'><strong>ibi</strong></span> <span class='ocrx_word' id='word_1_621' title='bbox 698 4857 832 4925; x_wconf 88' lang='lat' dir='ltr'><strong>peccavit,</strong></span> <span class='ocrx_word' id='word_1_622' title='bbox 843 4857 918 4914; x_wconf 91' lang='lat' dir='ltr'><strong>nullo</strong></span> 
     </span>
     <span class='ocr_line' id='line_1_82' title="bbox 122 4943 917 5016; baseline 0.003 -14"><span class='ocrx_word' id='word_1_623' title='bbox 122 4947 204 5002; x_wconf 90' lang='lat' dir='ltr'><strong>modo</strong></span> <span class='ocrx_word' id='word_1_624' title='bbox 219 4943 398 5000; x_wconf 80' lang='lat' dir='ltr'><strong>satisfecisset</strong></span> <span class='ocrx_word' id='word_1_625' title='bbox 425 4944 483 4999; x_wconf 88' lang='lat' dir='ltr'><strong>Deo</strong></span> <span class='ocrx_word' id='word_1_626' title='bbox 499 4959 550 5014; x_wconf 92' lang='lat' dir='ltr'><strong>pro</strong></span> <span class='ocrx_word' id='word_1_627' title='bbox 572 4953 681 5015; x_wconf 82' lang='lat' dir='ltr'><strong>percolo</strong></span> <span class='ocrx_word' id='word_1_628' title='bbox 708 4960 767 5015; x_wconf 93' lang='lat' dir='ltr'><strong>suo,</strong></span> <span class='ocrx_word' id='word_1_629' title='bbox 789 4946 851 5016; x_wconf 88' lang='lat' dir='ltr'><strong>quia</strong></span> <span class='ocrx_word' id='word_1_630' title='bbox 866 4963 917 5004; x_wconf 91' lang='lat' dir='ltr'><strong>nec</strong></span> 
     </span>
    </p>
   </div>
   <div class='ocr_carea' id='block_1_28' title="bbox 109 5039 916 5810">
    <p class='ocr_par' dir='ltr' id='par_1_29' title="bbox 109 5039 916 5810">
     <span class='ocr_line' id='line_1_83' title="bbox 120 5039 916 5116; baseline 0.003 -18"><span class='ocrx_word' id='word_1_631' title='bbox 120 5044 179 5116; x_wconf 88' lang='lat' dir='ltr'><strong>ipse</strong></span> <span class='ocrx_word' id='word_1_632' title='bbox 195 5043 293 5107; x_wconf 78' lang='lat' dir='ltr'><strong>Adam,</strong></span> <span class='ocrx_word' id='word_1_633' title='bbox 310 5056 361 5096; x_wconf 91' lang='lat' dir='ltr'><strong>nec</strong></span> <span class='ocrx_word' id='word_1_634' title='bbox 376 5039 476 5113; x_wconf 86' lang='lat' dir='ltr'><strong>aliquis</strong></span> <span class='ocrx_word' id='word_1_635' title='bbox 489 5042 523 5097; x_wconf 91' lang='lat' dir='ltr'><strong>de</strong></span> <span class='ocrx_word' id='word_1_636' title='bbox 536 5057 639 5114; x_wconf 87' lang='lat' dir='ltr'><strong>genere</strong></span> <span class='ocrx_word' id='word_1_637' title='bbox 654 5041 728 5097; x_wconf 90' lang='lat' dir='ltr'><strong>illius</strong></span> <span class='ocrx_word' id='word_1_638' title='bbox 742 5049 822 5099; x_wconf 85' lang='lat' dir='ltr'><strong>notus</strong></span> <span class='ocrx_word' id='word_1_639' title='bbox 836 5044 916 5100; x_wconf 90' lang='lat' dir='ltr'><strong>debi-</strong></span> 
     </span>
     <span class='ocr_line' id='line_1_84' title="bbox 121 5138 916 5199; baseline 0.006 -6"><span class='ocrx_word' id='word_1_640' title='bbox 121 5146 178 5194; x_wconf 91' lang='lat' dir='ltr'><strong>turn</strong></span> <span class='ocrx_word' id='word_1_641' title='bbox 193 5139 259 5194; x_wconf 92' lang='lat' dir='ltr'><strong>illud</strong></span> <span class='ocrx_word' id='word_1_642' title='bbox 275 5138 413 5194; x_wconf 85' lang='lat' dir='ltr'><strong>solvisset.</strong></span> <span class='ocrx_word' id='word_1_643' title='bbox 440 5139 474 5193; x_wconf 82' lang='lat' dir='ltr'><strong>Et</strong></span> <span class='ocrx_word' id='word_1_644' title='bbox 494 5139 516 5193; x_wconf 91' lang='lat' dir='ltr'><strong>si</strong></span> <span class='ocrx_word' id='word_1_645' title='bbox 540 5140 664 5196; x_wconf 76' lang='lat' dir='ltr'><strong>Christus</strong></span> <span class='ocrx_word' id='word_1_646' title='bbox 678 5140 782 5196; x_wconf 82' lang='lat' dir='ltr'><strong>alienus</strong></span> <span class='ocrx_word' id='word_1_647' title='bbox 796 5145 916 5199; x_wconf 88' lang='lat' dir='ltr'><strong>essetab</strong></span> 
     </span>
     <span class='ocr_line' id='line_1_85' title="bbox 120 5235 915 5311; baseline 0.009 -21"><span class='ocrx_word' id='word_1_648' title='bbox 120 5236 240 5290; x_wconf 89' lang='lat' dir='ltr'><strong>humano</strong></span> <span class='ocrx_word' id='word_1_649' title='bbox 263 5250 366 5305; x_wconf 88' lang='lat' dir='ltr'><strong>genere</strong></span> <span class='ocrx_word' id='word_1_650' title='bbox 393 5235 465 5306; x_wconf 90' lang='lat' dir='ltr'><strong>quod</strong></span> <span class='ocrx_word' id='word_1_651' title='bbox 492 5247 664 5308; x_wconf 86' lang='lat' dir='ltr'><strong>peccaverat,</strong></span> <span class='ocrx_word' id='word_1_652' title='bbox 684 5239 836 5297; x_wconf 75' lang='lat' dir='ltr'><strong>satisfactio</strong></span> <span class='ocrx_word' id='word_1_653' title='bbox 857 5243 915 5311; x_wconf 89' lang='lat' dir='ltr'><strong>ejus</strong></span> 
     </span>
     <span class='ocr_line' id='line_1_86' title="bbox 120 5331 913 5411; baseline 0.01 -23"><span class='ocrx_word' id='word_1_654' title='bbox 120 5332 194 5388; x_wconf 89' lang='lat' dir='ltr'><strong>nulla</strong></span> <span class='ocrx_word' id='word_1_655' title='bbox 204 5331 310 5386; x_wconf 81' lang='lat' dir='ltr'><strong>ratione</strong></span> <span class='ocrx_word' id='word_1_656' title='bbox 325 5331 474 5402; x_wconf 88' lang='lat' dir='ltr'><strong>pertineret</strong></span> <span class='ocrx_word' id='word_1_657' title='bbox 488 5336 520 5390; x_wconf 90' lang='lat' dir='ltr'><strong>sd</strong></span> <span class='ocrx_word' id='word_1_658' title='bbox 547 5336 640 5402; x_wconf 80' lang='lat' dir='ltr'><strong>Adam,</strong></span> <span class='ocrx_word' id='word_1_659' title='bbox 658 5345 686 5393; x_wconf 87' lang='lat' dir='ltr'><strong>et</strong></span> <span class='ocrx_word' id='word_1_660' title='bbox 700 5355 734 5395; x_wconf 90' lang='lat' dir='ltr'><strong>ex</strong></span> <span class='ocrx_word' id='word_1_661' title='bbox 749 5355 781 5396; x_wconf 92' lang='lat' dir='ltr'><strong>eo</strong></span> <span class='ocrx_word' id='word_1_662' title='bbox 796 5340 913 5411; x_wconf 89' lang='lat' dir='ltr'><strong>genitos,</strong></span> 
     </span>
     <span class='ocr_line' id='line_1_87' title="bbox 117 5428 914 5512; baseline 0.01 -24"><span class='ocrx_word' id='word_1_663' title='bbox 117 5439 144 5488; x_wconf 90' lang='grc' dir='ltr'><strong>ει</strong></span> <span class='ocrx_word' id='word_1_664' title='bbox 159 5445 213 5486; x_wconf 93' lang='lat' dir='ltr'><strong>non</strong></span> <span class='ocrx_word' id='word_1_665' title='bbox 227 5429 267 5486; x_wconf 90' lang='lat' dir='ltr'><strong>ais</strong></span> <span class='ocrx_word' id='word_1_666' title='bbox 280 5428 429 5485; x_wconf 90' lang='lat' dir='ltr'><strong>subvenire</strong></span> <span class='ocrx_word' id='word_1_667' title='bbox 443 5446 526 5501; x_wconf 86' lang='lat' dir='ltr'><strong>posse</strong></span> <span class='ocrx_word' id='word_1_668' title='bbox 540 5434 684 5492; x_wconf 90' lang='lat' dir='ltr'><strong>videretur</strong></span> <span class='ocrx_word' id='word_1_669' title='bbox 699 5438 818 5510; x_wconf 90' lang='lat' dir='ltr'><strong>amplius</strong></span> <span class='ocrx_word' id='word_1_670' title='bbox 832 5456 914 5512; x_wconf 86' lang='lat' dir='ltr'><strong>quum</strong></span> 
     </span>
     <span class='ocr_line' id='line_1_88' title="bbox 117 5528 913 5609; baseline 0.009 -25"><span class='ocrx_word' id='word_1_671' title='bbox 117 5528 255 5585; x_wconf 87' lang='lat' dir='ltr'><strong>diabolos.</strong></span> <span class='ocrx_word' id='word_1_672' title='bbox 275 5528 496 5587; x_wconf 68' lang='lat' dir='ltr'><strong>rlrcesnsrss</strong></span> <span class='ocrx_word' id='word_1_673' title='bbox 513 5532 541 5585; x_wconf 96' lang='lat' dir='ltr'><strong>ln</strong></span> <span class='ocrx_word' id='word_1_674' title='bbox 556 5532 638 5588; x_wconf 77' lang='lat' dir='ltr'><strong>vulva</strong></span> <span class='ocrx_word' id='word_1_675' title='bbox 655 5535 769 5607; x_wconf 80' lang='lat' dir='ltr'><strong>Virginis</strong></span> <span class='ocrx_word' id='word_1_676' title='bbox 786 5539 913 5609; x_wconf 77' lang='lat' dir='ltr'><strong>genitalis</strong></span> 
     </span>
     <span class='ocr_line' id='line_1_89' title="bbox 115 5622 912 5707; baseline 0.015 -26"><span class='ocrx_word' id='word_1_677' title='bbox 115 5627 230 5699; x_wconf 86' lang='lat' dir='ltr'><strong>sanguis</strong></span> <span class='ocrx_word' id='word_1_678' title='bbox 241 5632 267 5680; x_wconf 91' lang='lat' dir='ltr'><strong>et</strong></span> <span class='ocrx_word' id='word_1_679' title='bbox 282 5622 416 5679; x_wconf 82' lang='lat' dir='ltr'><strong>femineus</strong></span> <span class='ocrx_word' id='word_1_680' title='bbox 432 5626 527 5680; x_wconf 67' lang='lat' dir='ltr'><strong>laomor</strong></span> <span class='ocrx_word' id='word_1_681' title='bbox 549 5628 607 5684; x_wconf 86' lang='lat' dir='ltr'><strong>fnit.</strong></span> <span class='ocrx_word' id='word_1_682' title='bbox 638 5632 706 5688; x_wconf 89' lang='lat' dir='ltr'><strong>llulc</strong></span> <span class='ocrx_word' id='word_1_683' title='bbox 719 5635 846 5707; x_wconf 79' lang='lat' dir='ltr'><strong>sanguini</strong></span> <span class='ocrx_word' id='word_1_684' title='bbox 869 5638 912 5692; x_wconf 83' lang='lat' dir='ltr'><strong>rel</strong></span> 
     </span>
     <span class='ocr_line' id='line_1_90' title="bbox 109 5721 911 5810; baseline 0.012 -29"><span class='ocrx_word' id='word_1_685' title='bbox 109 5725 221 5784; x_wconf 88' lang='lat' dir='ltr'><strong>bumori</strong></span> <span class='ocrx_word' id='word_1_686' title='bbox 240 5722 357 5783; x_wconf 90' lang='lat' dir='ltr'><strong>l&#39;erbom</strong></span> <span class='ocrx_word' id='word_1_687' title='bbox 371 5737 402 5777; x_wconf 91' lang='lat' dir='ltr'><strong>se</strong></span> <span class='ocrx_word' id='word_1_688' title='bbox 416 5721 534 5791; x_wconf 87' lang='lat' dir='ltr'><strong>miscuit,</strong></span> <span class='ocrx_word' id='word_1_689' title='bbox 549 5734 577 5781; x_wconf 90' lang='grc' dir='ltr'><strong>ει</strong></span> <span class='ocrx_word' id='word_1_690' title='bbox 593 5727 774 5785; x_wconf 88' lang='lat' dir='ltr'><strong>substantiam</strong></span> <span class='ocrx_word' id='word_1_691' title='bbox 797 5735 911 5810; x_wconf 89' lang='lat' dir='ltr'><strong>sangui·</strong></span> 
     </span>
    </p>
   </div>
   <div class='ocr_carea' id='block_1_29' title="bbox 980 3185 1776 3262">
    <p class='ocr_par' dir='ltr' id='par_1_30' title="bbox 980 3185 1776 3262">
     <span class='ocr_line' id='line_1_91' title="bbox 980 3185 1776 3262; baseline 0.025 -26"><span class='ocrx_word' id='word_1_692' title='bbox 980 3200 1031 3254; x_wconf 90' lang='lat' dir='ltr'><strong>pus</strong></span> <span class='ocrx_word' id='word_1_693' title='bbox 1045 3185 1207 3256; x_wconf 88' lang='lat' dir='ltr'><strong>suscipiens,</strong></span> <span class='ocrx_word' id='word_1_694' title='bbox 1233 3195 1289 3242; x_wconf 90' lang='grc' dir='ltr'>ιοιο</span> <span class='ocrx_word' id='word_1_695' title='bbox 1310 3188 1419 3244; x_wconf 90' lang='lat' dir='ltr'><strong>homine</strong></span> <span class='ocrx_word' id='word_1_696' title='bbox 1439 3202 1580 3262; x_wconf 89' lang='lat' dir='ltr'><strong>assumpto</strong></span> <span class='ocrx_word' id='word_1_697' title='bbox 1596 3194 1632 3249; x_wconf 90' lang='lat' dir='ltr'><strong>ab</strong></span> <span class='ocrx_word' id='word_1_698' title='bbox 1650 3198 1776 3255; x_wconf 85' lang='lat' dir='ltr'><strong>omnibus</strong></span> 
     </span>
    </p>
   </div>
   <div class='ocr_carea' id='block_1_30' title="bbox 980 3282 1776 3446">
    <p class='ocr_par' dir='ltr' id='par_1_31' title="bbox 980 3282 1776 3446">
     <span class='ocr_line' id='line_1_92' title="bbox 980 3282 1776 3364; baseline 0.025 -29"><span class='ocrx_word' id='word_1_699' title='bbox 980 3297 1042 3336; x_wconf 90' lang='lat' dir='ltr'><strong>eum</strong></span> <span class='ocrx_word' id='word_1_700' title='bbox 1057 3282 1257 3341; x_wconf 84' lang='lat' dir='ltr'><strong>infirmitatibus</strong></span> <span class='ocrx_word' id='word_1_701' title='bbox 1282 3287 1415 3344; x_wconf 79' lang='lat' dir='ltr'><strong>liberavit.</strong></span> <span class='ocrx_word' id='word_1_702' title='bbox 1442 3289 1581 3364; x_wconf 83' lang='lat' dir='ltr'><strong>Quidquid</strong></span> <span class='ocrx_word' id='word_1_703' title='bbox 1597 3296 1674 3350; x_wconf 90' lang='lat' dir='ltr'><strong>enim</strong></span> <span class='ocrx_word' id='word_1_704' title='bbox 1690 3297 1776 3354; x_wconf 88' lang='lat' dir='ltr'><strong>bomi-</strong></span> 
     </span>
     <span class='ocr_line' id='line_1_93' title="bbox 980 3371 1775 3446; baseline 0.026 -23"><span class='ocrx_word' id='word_1_705' title='bbox 980 3371 1022 3424; x_wconf 91' lang='lat' dir='ltr'><strong>nis</strong></span> <span class='ocrx_word' id='word_1_706' title='bbox 1038 3387 1090 3427; x_wconf 89' lang='lat' dir='ltr'><strong>uon</strong></span> <span class='ocrx_word' id='word_1_707' title='bbox 1107 3373 1134 3427; x_wconf 92' lang='lat' dir='ltr'><strong>in</strong></span> <span class='ocrx_word' id='word_1_708' title='bbox 1150 3390 1179 3429; x_wconf 92' lang='lat' dir='ltr'><strong>se</strong></span> <span class='ocrx_word' id='word_1_709' title='bbox 1196 3375 1354 3446; x_wconf 89' lang='lat' dir='ltr'><strong>assumpsit,</strong></span> <span class='ocrx_word' id='word_1_710' title='bbox 1371 3393 1422 3433; x_wconf 90' lang='lat' dir='ltr'><strong>nec</strong></span> <span class='ocrx_word' id='word_1_711' title='bbox 1436 3378 1572 3436; x_wconf 88' lang='lat' dir='ltr'><strong>liberavit.</strong></span> <span class='ocrx_word' id='word_1_712' title='bbox 1595 3382 1674 3440; x_wconf 89' lang='lat' dir='ltr'><strong>Sicut</strong></span> <span class='ocrx_word' id='word_1_713' title='bbox 1689 3396 1775 3444; x_wconf 80' lang='grc' dir='ltr'>ειιιειιι</span> 
     </span>
    </p>
   </div>
   <div class='ocr_carea' id='block_1_31' title="bbox 980 3466 1774 3732">
    <p class='ocr_par' dir='ltr' id='par_1_32' title="bbox 980 3466 1774 3732">
     <span class='ocr_line' id='line_1_94' title="bbox 980 3466 1774 3551; baseline 0.024 -30"><span class='ocrx_word' id='word_1_714' title='bbox 980 3466 1006 3521; x_wconf 91' lang='grc' dir='ltr'><strong>ιιι</strong></span> <span class='ocrx_word' id='word_1_715' title='bbox 1025 3467 1150 3539; x_wconf 87' lang='lat' dir='ltr'><strong>sepulcro</strong></span> <span class='ocrx_word' id='word_1_716' title='bbox 1167 3485 1278 3526; x_wconf 89' lang='lat' dir='ltr'><strong>carnem</strong></span> <span class='ocrx_word' id='word_1_717' title='bbox 1299 3488 1378 3528; x_wconf 88' lang='lat' dir='ltr'><strong>suam</strong></span> <span class='ocrx_word' id='word_1_718' title='bbox 1404 3474 1544 3533; x_wconf 79' lang='lat' dir='ltr'><strong>mon&#39;endo</strong></span> <span class='ocrx_word' id='word_1_719' title='bbox 1568 3494 1624 3535; x_wconf 91' lang='lat' dir='ltr'><strong>non</strong></span> <span class='ocrx_word' id='word_1_720' title='bbox 1644 3482 1774 3551; x_wconf 91' lang='lat' dir='ltr'><strong>desernit,</strong></span> 
     </span>
     <span class='ocr_line' id='line_1_95' title="bbox 980 3556 1774 3632; baseline 0.025 -22"><span class='ocrx_word' id='word_1_721' title='bbox 980 3556 1062 3613; x_wconf 90' lang='lat' dir='ltr'><strong>sicin</strong></span> <span class='ocrx_word' id='word_1_722' title='bbox 1078 3566 1156 3613; x_wconf 88' lang='lat' dir='ltr'><strong>utero</strong></span> <span class='ocrx_word' id='word_1_723' title='bbox 1186 3559 1303 3632; x_wconf 87' lang='lat' dir='ltr'><strong>Virginis</strong></span> <span class='ocrx_word' id='word_1_724' title='bbox 1331 3577 1391 3618; x_wconf 90' lang='lat' dir='ltr'><strong>eam</strong></span> <span class='ocrx_word' id='word_1_725' title='bbox 1418 3567 1558 3622; x_wconf 83' lang='lat' dir='ltr'><strong>noscendo</strong></span> <span class='ocrx_word' id='word_1_726' title='bbox 1571 3568 1713 3628; x_wconf 88' lang='lat' dir='ltr'><strong>formavit.</strong></span> <span class='ocrx_word' id='word_1_727' title='bbox 1734 3573 1774 3630; x_wconf 86' lang='lat' dir='ltr'><strong>Sic</strong></span> 
     </span>
     <span class='ocr_line' id='line_1_96' title="bbox 980 3647 1774 3732; baseline 0.025 -33"><span class='ocrx_word' id='word_1_728' title='bbox 980 3661 1047 3718; x_wconf 89' lang='lat' dir='ltr'><strong>ergo</strong></span> <span class='ocrx_word' id='word_1_729' title='bbox 1062 3662 1115 3701; x_wconf 94' lang='lat' dir='ltr'><strong>non</strong></span> <span class='ocrx_word' id='word_1_730' title='bbox 1131 3647 1288 3704; x_wconf 88' lang='lat' dir='ltr'><strong>discedente</strong></span> <span class='ocrx_word' id='word_1_731' title='bbox 1302 3650 1368 3719; x_wconf 89' lang='lat' dir='ltr'><strong>vits,</strong></span> <span class='ocrx_word' id='word_1_732' title='bbox 1381 3663 1507 3709; x_wconf 85' lang='lat' dir='ltr'><strong>mortuus</strong></span> <span class='ocrx_word' id='word_1_733' title='bbox 1522 3663 1573 3724; x_wconf 90' lang='lat' dir='ltr'><strong>est,</strong></span> <span class='ocrx_word' id='word_1_734' title='bbox 1591 3657 1664 3714; x_wconf 90' lang='lat' dir='ltr'><strong>sicut</strong></span> <span class='ocrx_word' id='word_1_735' title='bbox 1678 3677 1774 3732; x_wconf 82' lang='lat' dir='ltr'><strong>passm</strong></span> 
     </span>
    </p>
   </div>
   <div class='ocr_carea' id='block_1_32' title="bbox 978 3747 1774 4088">
    <p class='ocr_par' dir='ltr' id='par_1_33' title="bbox 978 3747 1774 4088">
     <span class='ocr_line' id='line_1_97' title="bbox 979 3747 1774 3830; baseline 0.025 -34"><span class='ocrx_word' id='word_1_736' title='bbox 979 3750 1030 3810; x_wconf 89' lang='lat' dir='ltr'><strong>est,</strong></span> <span class='ocrx_word' id='word_1_737' title='bbox 1046 3759 1099 3798; x_wconf 93' lang='lat' dir='ltr'><strong>non</strong></span> <span class='ocrx_word' id='word_1_738' title='bbox 1115 3755 1247 3816; x_wconf 89' lang='lat' dir='ltr'><strong>pereunte</strong></span> <span class='ocrx_word' id='word_1_739' title='bbox 1263 3747 1324 3802; x_wconf 79' lang='lat' dir='ltr'><strong>vitre</strong></span> <span class='ocrx_word' id='word_1_740' title='bbox 1338 3751 1471 3819; x_wconf 90' lang='lat' dir='ltr'><strong>potentia.</strong></span> <span class='ocrx_word' id='word_1_741' title='bbox 1491 3749 1621 3820; x_wconf 84' lang='lat' dir='ltr'><strong>Quemvis</strong></span> <span class='ocrx_word' id='word_1_742' title='bbox 1635 3770 1706 3830; x_wconf 87' lang='lat' dir='ltr'><strong>ergo</strong></span> <span class='ocrx_word' id='word_1_743' title='bbox 1719 3774 1774 3815; x_wconf 84' lang='lat' dir='ltr'><strong>raro</strong></span> 
     </span>
     <span class='ocr_line' id='line_1_98' title="bbox 979 3831 1773 3906; baseline 0.024 -21"><span class='ocrx_word' id='word_1_744' title='bbox 979 3831 1121 3904; x_wconf 84' lang='lat' dir='ltr'><strong>reliquerit</strong></span> <span class='ocrx_word' id='word_1_745' title='bbox 1134 3835 1261 3902; x_wconf 89' lang='lat' dir='ltr'><strong>animam,</strong></span> <span class='ocrx_word' id='word_1_746' title='bbox 1274 3847 1300 3892; x_wconf 89' lang='lat' dir='ltr'><strong>et</strong></span> <span class='ocrx_word' id='word_1_747' title='bbox 1311 3839 1485 3906; x_wconf 85' lang='lat' dir='ltr'><strong>expiraverit,</strong></span> <span class='ocrx_word' id='word_1_748' title='bbox 1506 3840 1596 3896; x_wconf 82' lang='lat' dir='ltr'><strong>deltos</strong></span> <span class='ocrx_word' id='word_1_749' title='bbox 1612 3850 1773 3903; x_wconf 86' lang='lat' dir='ltr'><strong>tomennett-</strong></span> 
     </span>
     <span class='ocr_line' id='line_1_99' title="bbox 978 3922 1773 4005; baseline 0.021 -31"><span class='ocrx_word' id='word_1_750' title='bbox 978 3927 1049 3974; x_wconf 91' lang='lat' dir='ltr'><strong>trum</strong></span> <span class='ocrx_word' id='word_1_751' title='bbox 1065 3922 1225 3994; x_wconf 84' lang='lat' dir='ltr'><strong>reliquit,ex</strong></span> <span class='ocrx_word' id='word_1_752' title='bbox 1236 3941 1290 3996; x_wconf 88' lang='lat' dir='ltr'><strong>quo</strong></span> <span class='ocrx_word' id='word_1_753' title='bbox 1299 3925 1417 3980; x_wconf 88' lang='lat' dir='ltr'><strong>Verbum</strong></span> <span class='ocrx_word' id='word_1_754' title='bbox 1432 3942 1497 3984; x_wconf 84' lang='lat' dir='ltr'><strong>coro</strong></span> <span class='ocrx_word' id='word_1_755' title='bbox 1511 3928 1613 3986; x_wconf 85' lang='lat' dir='ltr'><strong>factum</strong></span> <span class='ocrx_word' id='word_1_756' title='bbox 1637 3942 1692 3989; x_wconf 85' lang='lat' dir='ltr'><strong>est.</strong></span> <span class='ocrx_word' id='word_1_757' title='bbox 1708 3934 1773 4005; x_wconf 82' lang='lat' dir='ltr'><strong>Qni-</strong></span> 
     </span>
     <span class='ocr_line' id='line_1_100' title="bbox 979 4009 1772 4088; baseline 0.023 -25"><span class='ocrx_word' id='word_1_758' title='bbox 979 4009 1042 4064; x_wconf 89' lang='lat' dir='ltr'><strong>dam</strong></span> <span class='ocrx_word' id='word_1_759' title='bbox 1056 4010 1179 4082; x_wconf 82' lang='lat' dir='ltr'><strong>flagitant</strong></span> <span class='ocrx_word' id='word_1_760' title='bbox 1193 4013 1245 4068; x_wconf 86' lang='lat' dir='ltr'><strong>sibi</strong></span> <span class='ocrx_word' id='word_1_761' title='bbox 1259 4014 1335 4069; x_wconf 86' lang='lat' dir='ltr'><strong>reddi</strong></span> <span class='ocrx_word' id='word_1_762' title='bbox 1350 4015 1481 4072; x_wconf 90' lang='lat' dir='ltr'><strong>rationem</strong></span> <span class='ocrx_word' id='word_1_763' title='bbox 1496 4020 1636 4088; x_wconf 57' lang='lat' dir='ltr'><strong>postmodo</strong></span> <span class='ocrx_word' id='word_1_764' title='bbox 1645 4022 1772 4081; x_wconf 83' lang='lat' dir='ltr'><strong>Denslro·</strong></span> 
     </span>
    </p>
   </div>
   <div class='ocr_carea' id='block_1_33' title="bbox 977 4111 1772 4366">
    <p class='ocr_par' dir='ltr' id='par_1_34' title="bbox 977 4111 1772 4366">
     <span class='ocr_line' id='line_1_101' title="bbox 978 4111 1770 4191; baseline 0.02 -26"><span class='ocrx_word' id='word_1_765' title='bbox 978 4111 1044 4166; x_wconf 92' lang='lat' dir='ltr'><strong>mini</strong></span> <span class='ocrx_word' id='word_1_766' title='bbox 1066 4114 1214 4183; x_wconf 88' lang='lat' dir='ltr'><strong>permistus</strong></span> <span class='ocrx_word' id='word_1_767' title='bbox 1236 4116 1280 4180; x_wconf 85' lang='lat' dir='ltr'><strong>sit,</strong></span> <span class='ocrx_word' id='word_1_768' title='bbox 1299 4124 1327 4170; x_wconf 92' lang='lat' dir='ltr'><strong>ut</strong></span> <span class='ocrx_word' id='word_1_769' title='bbox 1350 4133 1405 4172; x_wconf 91' lang='lat' dir='ltr'><strong>noa</strong></span> <span class='ocrx_word' id='word_1_770' title='bbox 1426 4134 1543 4189; x_wconf 91' lang='lat' dir='ltr'><strong>persona</strong></span> <span class='ocrx_word' id='word_1_771' title='bbox 1560 4120 1664 4179; x_wconf 86' lang='lat' dir='ltr'><strong>Christi</strong></span> <span class='ocrx_word' id='word_1_772' title='bbox 1689 4123 1770 4191; x_wconf 83' lang='lat' dir='ltr'><strong>fieret,</strong></span> 
     </span>
     <span class='ocr_line' id='line_1_102' title="bbox 977 4202 1771 4286; baseline 0.016 -29"><span class='ocrx_word' id='word_1_773' title='bbox 977 4215 1039 4257; x_wconf 88' lang='lat' dir='ltr'><strong>cum</strong></span> <span class='ocrx_word' id='word_1_774' title='bbox 1064 4202 1116 4257; x_wconf 91' lang='lat' dir='ltr'><strong>boo</strong></span> <span class='ocrx_word' id='word_1_775' title='bbox 1135 4205 1220 4259; x_wconf 89' lang='lat' dir='ltr'><strong>semel</strong></span> <span class='ocrx_word' id='word_1_776' title='bbox 1243 4203 1300 4259; x_wconf 80' lang='lat' dir='ltr'><strong>fieri</strong></span> <span class='ocrx_word' id='word_1_777' title='bbox 1326 4207 1452 4276; x_wconf 88' lang='lat' dir='ltr'><strong>potuerit,</strong></span> <span class='ocrx_word' id='word_1_778' title='bbox 1476 4209 1556 4278; x_wconf 88' lang='lat' dir='ltr'><strong>qutsi</strong></span> <span class='ocrx_word' id='word_1_779' title='bbox 1572 4210 1710 4270; x_wconf 87' lang='lat' dir='ltr'><strong>rationem</strong></span> <span class='ocrx_word' id='word_1_780' title='bbox 1724 4214 1771 4286; x_wconf 89' lang='lat' dir='ltr'><strong>ipsi</strong></span> 
     </span>
     <span class='ocr_line' id='line_1_103' title="bbox 977 4289 1772 4366; baseline 0.02 -23"><span class='ocrx_word' id='word_1_781' title='bbox 977 4289 1093 4344; x_wconf 89' lang='lat' dir='ltr'><strong>reddant</strong></span> <span class='ocrx_word' id='word_1_782' title='bbox 1108 4290 1141 4346; x_wconf 91' lang='lat' dir='ltr'><strong>de</strong></span> <span class='ocrx_word' id='word_1_783' title='bbox 1158 4306 1190 4346; x_wconf 90' lang='lat' dir='ltr'><strong>re</strong></span> <span class='ocrx_word' id='word_1_784' title='bbox 1206 4308 1267 4365; x_wconf 73' lang='lat' dir='ltr'><strong>quse</strong></span> <span class='ocrx_word' id='word_1_785' title='bbox 1283 4294 1403 4364; x_wconf 91' lang='lat' dir='ltr'><strong>quotidie</strong></span> <span class='ocrx_word' id='word_1_786' title='bbox 1418 4294 1455 4360; x_wconf 88' lang='lat' dir='ltr'><strong>fit,</strong></span> <span class='ocrx_word' id='word_1_787' title='bbox 1473 4298 1612 4366; x_wconf 90' lang='lat' dir='ltr'><strong>quomodo</strong></span> <span class='ocrx_word' id='word_1_788' title='bbox 1627 4302 1772 4360; x_wconf 71' lang='lat' dir='ltr'><strong>miscentur</strong></span> 
     </span>
    </p>
   </div>
   <div class='ocr_carea' id='block_1_34' title="bbox 976 4384 1770 4559">
    <p class='ocr_par' dir='ltr' id='par_1_35' title="bbox 976 4384 1770 4559">
     <span class='ocr_line' id='line_1_104' title="bbox 976 4384 1770 4461; baseline 0.021 -22"><span class='ocrx_word' id='word_1_789' title='bbox 976 4384 1067 4441; x_wconf 86' lang='lat' dir='ltr'><strong>anima</strong></span> <span class='ocrx_word' id='word_1_790' title='bbox 1081 4387 1197 4457; x_wconf 90' lang='lat' dir='ltr'><strong>corpori,</strong></span> <span class='ocrx_word' id='word_1_791' title='bbox 1218 4396 1247 4442; x_wconf 92' lang='lat' dir='ltr'><strong>ut</strong></span> <span class='ocrx_word' id='word_1_792' title='bbox 1267 4405 1320 4444; x_wconf 88' lang='lat' dir='ltr'><strong>uns</strong></span> <span class='ocrx_word' id='word_1_793' title='bbox 1346 4406 1465 4461; x_wconf 89' lang='lat' dir='ltr'><strong>persona</strong></span> <span class='ocrx_word' id='word_1_794' title='bbox 1486 4391 1533 4448; x_wconf 88' lang='lat' dir='ltr'><strong>fiat</strong></span> <span class='ocrx_word' id='word_1_795' title='bbox 1553 4394 1690 4454; x_wconf 91' lang='lat' dir='ltr'><strong>bominis.</strong></span> <span class='ocrx_word' id='word_1_796' title='bbox 1705 4399 1770 4455; x_wconf 84' lang='lat' dir='ltr'><strong>Nero</strong></span> 
     </span>
     <span class='ocr_line' id='line_1_105' title="bbox 977 4473 1770 4559; baseline 0.018 -30"><span class='ocrx_word' id='word_1_797' title='bbox 977 4473 1082 4530; x_wconf 89' lang='lat' dir='ltr'><strong>sicutin</strong></span> <span class='ocrx_word' id='word_1_798' title='bbox 1099 4476 1200 4532; x_wconf 90' lang='lat' dir='ltr'><strong>unitate</strong></span> <span class='ocrx_word' id='word_1_799' title='bbox 1228 4494 1353 4548; x_wconf 76' lang='lat' dir='ltr'><strong>personae</strong></span> <span class='ocrx_word' id='word_1_800' title='bbox 1380 4481 1469 4535; x_wconf 85' lang='lat' dir='ltr'><strong>enims</strong></span> <span class='ocrx_word' id='word_1_801' title='bbox 1494 4481 1577 4538; x_wconf 88' lang='lat' dir='ltr'><strong>utitur</strong></span> <span class='ocrx_word' id='word_1_802' title='bbox 1601 4499 1731 4559; x_wconf 87' lang='lat' dir='ltr'><strong>corpore,</strong></span> <span class='ocrx_word' id='word_1_803' title='bbox 1745 4496 1770 4544; x_wconf 88' lang='lat' dir='ltr'><strong>ot</strong></span> 
     </span>
    </p>
   </div>
   <div class='ocr_carea' id='block_1_35' title="bbox 972 4571 1770 4741">
    <p class='ocr_par' dir='ltr' id='par_1_36' title="bbox 972 4571 1770 4741">
     <span class='ocr_line' id='line_1_106' title="bbox 972 4571 1770 4646; baseline 0.02 -21"><span class='ocrx_word' id='word_1_804' title='bbox 972 4571 1054 4627; x_wconf 89' lang='lat' dir='ltr'><strong>homo</strong></span> <span class='ocrx_word' id='word_1_805' title='bbox 1069 4572 1102 4626; x_wconf 90' lang='lat' dir='ltr'><strong>sit</strong></span> <span class='ocrx_word' id='word_1_806' title='bbox 1117 4571 1152 4626; x_wconf 85' lang='lat' dir='ltr'><strong>its</strong></span> <span class='ocrx_word' id='word_1_807' title='bbox 1168 4573 1194 4627; x_wconf 94' lang='lat' dir='ltr'><strong>in</strong></span> <span class='ocrx_word' id='word_1_808' title='bbox 1223 4574 1322 4629; x_wconf 91' lang='lat' dir='ltr'><strong>unitate</strong></span> <span class='ocrx_word' id='word_1_809' title='bbox 1351 4592 1493 4646; x_wconf 78' lang='lat' dir='ltr'><strong>persone;</strong></span> <span class='ocrx_word' id='word_1_810' title='bbox 1522 4579 1596 4635; x_wconf 88' lang='lat' dir='ltr'><strong>Deus</strong></span> <span class='ocrx_word' id='word_1_811' title='bbox 1624 4583 1712 4640; x_wconf 90' lang='lat' dir='ltr'><strong>utitor</strong></span> <span class='ocrx_word' id='word_1_812' title='bbox 1730 4585 1770 4641; x_wconf 86' lang='lat' dir='ltr'><strong>bo</strong></span> 
     </span>
     <span class='ocr_line' id='line_1_107' title="bbox 972 4659 1770 4741; baseline 0.021 -28"><span class='ocrx_word' id='word_1_813' title='bbox 972 4659 1053 4724; x_wconf 89' lang='lat' dir='ltr'><strong>mine,</strong></span> <span class='ocrx_word' id='word_1_814' title='bbox 1070 4667 1099 4715; x_wconf 91' lang='lat' dir='ltr'><strong>ut</strong></span> <span class='ocrx_word' id='word_1_815' title='bbox 1113 4660 1235 4716; x_wconf 86' lang='lat' dir='ltr'><strong>Christus</strong></span> <span class='ocrx_word' id='word_1_816' title='bbox 1249 4662 1292 4718; x_wconf 91' lang='lat' dir='ltr'><strong>sit.</strong></span> <span class='ocrx_word' id='word_1_817' title='bbox 1310 4666 1338 4717; x_wconf 94' lang='lat' dir='ltr'><strong>ln</strong></span> <span class='ocrx_word' id='word_1_818' title='bbox 1354 4664 1488 4738; x_wconf 87' lang='lat' dir='ltr'><strong>illsigitur</strong></span> <span class='ocrx_word' id='word_1_819' title='bbox 1507 4682 1639 4741; x_wconf 82' lang='lat' dir='ltr'><strong>persons,</strong></span> <span class='ocrx_word' id='word_1_820' title='bbox 1658 4672 1770 4730; x_wconf 75' lang='lat' dir='ltr'><strong>mistura</strong></span> 
     </span>
    </p>
   </div>
   <div class='ocr_carea' id='block_1_36' title="bbox 966 4759 1769 5707">
    <p class='ocr_par' dir='ltr' id='par_1_37' title="bbox 966 4759 1769 5707">
     <span class='ocr_line' id='line_1_108' title="bbox 971 4759 1769 4833; baseline 0.018 -20"><span class='ocrx_word' id='word_1_821' title='bbox 971 4766 1013 4814; x_wconf 89' lang='lat' dir='ltr'><strong>est</strong></span> <span class='ocrx_word' id='word_1_822' title='bbox 1026 4759 1124 4814; x_wconf 84' lang='lat' dir='ltr'><strong>animae</strong></span> <span class='ocrx_word' id='word_1_823' title='bbox 1138 4767 1164 4814; x_wconf 87' lang='lat' dir='ltr'><strong>et</strong></span> <span class='ocrx_word' id='word_1_824' title='bbox 1176 4760 1309 4831; x_wconf 91' lang='lat' dir='ltr'><strong>corporis,</strong></span> <span class='ocrx_word' id='word_1_825' title='bbox 1322 4769 1348 4816; x_wconf 89' lang='lat' dir='ltr'><strong>et</strong></span> <span class='ocrx_word' id='word_1_826' title='bbox 1358 4761 1446 4819; x_wconf 89' lang='lat' dir='ltr'><strong>iubeo</strong></span> <span class='ocrx_word' id='word_1_827' title='bbox 1461 4778 1581 4833; x_wconf 81' lang='lat' dir='ltr'><strong>persona</strong></span> <span class='ocrx_word' id='word_1_828' title='bbox 1597 4767 1713 4825; x_wconf 80' lang='lat' dir='ltr'><strong>mistura</strong></span> <span class='ocrx_word' id='word_1_829' title='bbox 1727 4778 1769 4827; x_wconf 89' lang='grc' dir='ltr'><strong>εει</strong></span> 
     </span>
     <span class='ocr_line' id='line_1_109' title="bbox 971 4857 1768 4925; baseline 0.016 -13"><span class='ocrx_word' id='word_1_830' title='bbox 971 4857 1020 4912; x_wconf 87' lang='lat' dir='ltr'><strong>Dei</strong></span> <span class='ocrx_word' id='word_1_831' title='bbox 1031 4865 1058 4913; x_wconf 90' lang='lat' dir='ltr'><strong>et</strong></span> <span class='ocrx_word' id='word_1_832' title='bbox 1067 4858 1193 4925; x_wconf 86' lang='lat' dir='ltr'><strong>hominis,</strong></span> <span class='ocrx_word' id='word_1_833' title='bbox 1206 4859 1229 4913; x_wconf 90' lang='lat' dir='ltr'><strong>si</strong></span> <span class='ocrx_word' id='word_1_834' title='bbox 1243 4866 1335 4915; x_wconf 85' lang='lat' dir='ltr'><strong>temen</strong></span> <span class='ocrx_word' id='word_1_835' title='bbox 1362 4860 1469 4918; x_wconf 88' lang='lat' dir='ltr'><strong>recedet</strong></span> <span class='ocrx_word' id='word_1_836' title='bbox 1497 4863 1609 4920; x_wconf 78' lang='lat' dir='ltr'><strong>auditor</strong></span> <span class='ocrx_word' id='word_1_837' title='bbox 1623 4880 1642 4921; x_wconf 86' lang='lat' dir='ltr'><strong>s</strong></span> <span class='ocrx_word' id='word_1_838' title='bbox 1656 4882 1768 4925; x_wconf 80' lang='lat' dir='ltr'><strong>consuc-</strong></span> 
     </span>
     <span class='ocr_line' id='line_1_110' title="bbox 970 4954 1767 5032; baseline 0.013 -23"><span class='ocrx_word' id='word_1_839' title='bbox 970 4954 1064 5011; x_wconf 90' lang='lat' dir='ltr'><strong>tudine</strong></span> <span class='ocrx_word' id='word_1_840' title='bbox 1078 4969 1233 5027; x_wconf 92' lang='lat' dir='ltr'><strong>corporum,</strong></span> <span class='ocrx_word' id='word_1_841' title='bbox 1250 4956 1315 5025; x_wconf 89' lang='lat' dir='ltr'><strong>quin</strong></span> <span class='ocrx_word' id='word_1_842' title='bbox 1331 4955 1421 5012; x_wconf 88' lang='lat' dir='ltr'><strong>solent</strong></span> <span class='ocrx_word' id='word_1_843' title='bbox 1435 4956 1490 5013; x_wconf 90' lang='lat' dir='ltr'><strong>duo</strong></span> <span class='ocrx_word' id='word_1_844' title='bbox 1505 4956 1626 5032; x_wconf 86' lang='lat' dir='ltr'><strong>liquores</strong></span> <span class='ocrx_word' id='word_1_845' title='bbox 1651 4963 1688 5021; x_wconf 81' lang='lat' dir='ltr'><strong>tu</strong></span> <span class='ocrx_word' id='word_1_846' title='bbox 1702 4965 1767 5020; x_wconf 82' lang='lat' dir='ltr'><strong>mis·</strong></span> 
     </span>
     <span class='ocr_line' id='line_1_111' title="bbox 970 5052 1766 5135; baseline 0.015 -27"><span class='ocrx_word' id='word_1_847' title='bbox 970 5052 1039 5119; x_wconf 88' lang='lat' dir='ltr'><strong>ceri,</strong></span> <span class='ocrx_word' id='word_1_848' title='bbox 1055 5061 1083 5108; x_wconf 92' lang='lat' dir='ltr'><strong>ut</strong></span> <span class='ocrx_word' id='word_1_849' title='bbox 1096 5061 1192 5109; x_wconf 91' lang='lat' dir='ltr'><strong>neuter</strong></span> <span class='ocrx_word' id='word_1_850' title='bbox 1206 5061 1296 5109; x_wconf 90' lang='lat' dir='ltr'><strong>servet</strong></span> <span class='ocrx_word' id='word_1_851' title='bbox 1307 5053 1490 5127; x_wconf 86' lang='lat' dir='ltr'><strong>integritatem</strong></span> <span class='ocrx_word' id='word_1_852' title='bbox 1501 5072 1593 5126; x_wconf 87' lang='lat' dir='ltr'><strong>suam,</strong></span> <span class='ocrx_word' id='word_1_853' title='bbox 1615 5077 1766 5135; x_wconf 87' lang='lat' dir='ltr'><strong>quannsm</strong></span> 
     </span>
     <span class='ocr_line' id='line_1_112' title="bbox 970 5150 1763 5227; baseline 0.015 -21"><span class='ocrx_word' id='word_1_854' title='bbox 970 5158 996 5206; x_wconf 90' lang='lat' dir='ltr'><strong>et</strong></span> <span class='ocrx_word' id='word_1_855' title='bbox 1010 5150 1077 5222; x_wconf 91' lang='lat' dir='ltr'><strong>ipsis</strong></span> <span class='ocrx_word' id='word_1_856' title='bbox 1090 5150 1253 5223; x_wconf 89' lang='lat' dir='ltr'><strong>corporibus</strong></span> <span class='ocrx_word' id='word_1_857' title='bbox 1269 5151 1340 5208; x_wconf 90' lang='lat' dir='ltr'><strong>aeris</strong></span> <span class='ocrx_word' id='word_1_858' title='bbox 1351 5152 1396 5208; x_wconf 82' lang='lat' dir='ltr'><strong>lus</strong></span> <span class='ocrx_word' id='word_1_859' title='bbox 1407 5152 1572 5227; x_wconf 86' lang='lat' dir='ltr'><strong>incorporea</strong></span> <span class='ocrx_word' id='word_1_860' title='bbox 1600 5157 1763 5218; x_wconf 84' lang='lat' dir='ltr'><strong>misceatur.</strong></span> 
     </span>
     <span class='ocr_line' id='line_1_113' title="bbox 968 5249 1767 5331; baseline 0.016 -29"><span class='ocrx_word' id='word_1_861' title='bbox 968 5249 1044 5321; x_wconf 86' lang='lat' dir='ltr'><strong>Ergo</strong></span> <span class='ocrx_word' id='word_1_862' title='bbox 1059 5265 1177 5320; x_wconf 88' lang='lat' dir='ltr'><strong>persona</strong></span> <span class='ocrx_word' id='word_1_863' title='bbox 1190 5250 1308 5306; x_wconf 85' lang='lat' dir='ltr'><strong>hominis</strong></span> <span class='ocrx_word' id='word_1_864' title='bbox 1323 5251 1439 5307; x_wconf 87' lang='lat' dir='ltr'><strong>mistura</strong></span> <span class='ocrx_word' id='word_1_865' title='bbox 1454 5259 1496 5308; x_wconf 88' lang='lat' dir='ltr'><strong>est</strong></span> <span class='ocrx_word' id='word_1_866' title='bbox 1513 5252 1613 5312; x_wconf 79' lang='lat' dir='ltr'><strong>anirum</strong></span> <span class='ocrx_word' id='word_1_867' title='bbox 1628 5264 1657 5313; x_wconf 94' lang='grc' dir='ltr'><strong>ει</strong></span> <span class='ocrx_word' id='word_1_868' title='bbox 1671 5272 1767 5331; x_wconf 83' lang='lat' dir='ltr'><strong>corpo</strong></span> 
     </span>
     <span class='ocr_line' id='line_1_114' title="bbox 970 5347 1766 5422; baseline 0.015 -21"><span class='ocrx_word' id='word_1_869' title='bbox 970 5347 1015 5401; x_wconf 91' lang='lat' dir='ltr'><strong>ris.</strong></span> <span class='ocrx_word' id='word_1_870' title='bbox 1034 5347 1101 5402; x_wconf 90' lang='lat' dir='ltr'><strong>Cum</strong></span> <span class='ocrx_word' id='word_1_871' title='bbox 1117 5349 1190 5404; x_wconf 90' lang='lat' dir='ltr'><strong>enim</strong></span> <span class='ocrx_word' id='word_1_872' title='bbox 1205 5348 1321 5405; x_wconf 89' lang='lat' dir='ltr'><strong>Verbum</strong></span> <span class='ocrx_word' id='word_1_873' title='bbox 1342 5349 1392 5404; x_wconf 85' lang='lat' dir='ltr'><strong>Dei</strong></span> <span class='ocrx_word' id='word_1_874' title='bbox 1408 5350 1574 5422; x_wconf 87' lang='lat' dir='ltr'><strong>permistum</strong></span> <span class='ocrx_word' id='word_1_875' title='bbox 1602 5362 1645 5410; x_wconf 85' lang='lat' dir='ltr'><strong>est</strong></span> <span class='ocrx_word' id='word_1_876' title='bbox 1672 5355 1766 5412; x_wconf 73' lang='lat' dir='ltr'><strong>anime</strong></span> 
     </span>
     <span class='ocr_line' id='line_1_115' title="bbox 968 5445 1759 5526; baseline 0.014 -26"><span class='ocrx_word' id='word_1_877' title='bbox 968 5445 1082 5501; x_wconf 75' lang='lat' dir='ltr'><strong>haerenti</strong></span> <span class='ocrx_word' id='word_1_878' title='bbox 1096 5461 1206 5518; x_wconf 87' lang='lat' dir='ltr'><strong>corpus,</strong></span> <span class='ocrx_word' id='word_1_879' title='bbox 1221 5446 1337 5503; x_wconf 89' lang='lat' dir='ltr'><strong>simulet</strong></span> <span class='ocrx_word' id='word_1_880' title='bbox 1349 5447 1467 5504; x_wconf 89' lang='lat' dir='ltr'><strong>animem</strong></span> <span class='ocrx_word' id='word_1_881' title='bbox 1477 5449 1592 5522; x_wconf 86' lang='lat' dir='ltr'><strong>suscipit</strong></span> <span class='ocrx_word' id='word_1_882' title='bbox 1606 5460 1633 5508; x_wconf 89' lang='lat' dir='ltr'><strong>et</strong></span> <span class='ocrx_word' id='word_1_883' title='bbox 1643 5468 1759 5526; x_wconf 85' lang='lat' dir='ltr'><strong>eorpus.</strong></span> 
     </span>
     <span class='ocr_line' id='line_1_116' title="bbox 968 5542 1764 5616; baseline 0.015 -20"><span class='ocrx_word' id='word_1_884' title='bbox 968 5542 1037 5597; x_wconf 91' lang='lat' dir='ltr'><strong>lllnd</strong></span> <span class='ocrx_word' id='word_1_885' title='bbox 1054 5543 1175 5616; x_wconf 90' lang='lat' dir='ltr'><strong>quotidie</strong></span> <span class='ocrx_word' id='word_1_886' title='bbox 1186 5543 1214 5598; x_wconf 91' lang='lat' dir='ltr'><strong>lit</strong></span> <span class='ocrx_word' id='word_1_887' title='bbox 1230 5543 1460 5615; x_wconf 88' lang='lat' dir='ltr'><strong>adprocreandos</strong></span> <span class='ocrx_word' id='word_1_888' title='bbox 1475 5545 1603 5606; x_wconf 82' lang='lat' dir='ltr'><strong>homines</strong></span> <span class='ocrx_word' id='word_1_889' title='bbox 1618 5568 1626 5605; x_wconf 90' lang='lat'>:</span> <span class='ocrx_word' id='word_1_890' title='bbox 1656 5550 1711 5608; x_wconf 87' lang='lat' dir='ltr'><strong>boc</strong></span> <span class='ocrx_word' id='word_1_891' title='bbox 1724 5566 1764 5607; x_wconf 83' lang='lat' dir='ltr'><strong>sc·</strong></span> 
     </span>
     <span class='ocr_line' id='line_1_117' title="bbox 966 5638 1764 5707; baseline 0.016 -12"><span class='ocrx_word' id='word_1_892' title='bbox 966 5638 1020 5695; x_wconf 91' lang='lat' dir='ltr'><strong>mel</strong></span> <span class='ocrx_word' id='word_1_893' title='bbox 1039 5641 1140 5698; x_wconf 85' lang='lat' dir='ltr'><strong>fuctum</strong></span> <span class='ocrx_word' id='word_1_894' title='bbox 1155 5650 1195 5698; x_wconf 89' lang='lat' dir='ltr'><strong>est</strong></span> <span class='ocrx_word' id='word_1_895' title='bbox 1205 5643 1240 5698; x_wconf 87' lang='lat' dir='ltr'><strong>ed</strong></span> <span class='ocrx_word' id='word_1_896' title='bbox 1250 5642 1553 5702; x_wconf 87' lang='lat' dir='ltr'><strong>liberandosbomines.</strong></span> <span class='ocrx_word' id='word_1_897' title='bbox 1565 5646 1764 5707; x_wconf 77' lang='lat' dir='ltr'><strong>Verumtamen</strong></span> 
     </span>
    </p>
   </div>
   <div class='ocr_carea' id='block_1_37' title="bbox 968 5736 1764 5811">
    <p class='ocr_par' dir='ltr' id='par_1_38' title="bbox 968 5736 1764 5811">
     <span class='ocr_line' id='line_1_118' title="bbox 968 5736 1764 5811; baseline 0.015 -18"><span class='ocrx_word' id='word_1_898' title='bbox 968 5736 1087 5795; x_wconf 85' lang='lat' dir='ltr'><strong>duarum</strong></span> <span class='ocrx_word' id='word_1_899' title='bbox 1115 5755 1207 5796; x_wconf 89' lang='lat' dir='ltr'><strong>rerum</strong></span> <span class='ocrx_word' id='word_1_900' title='bbox 1233 5739 1460 5811; x_wconf 82' lang='lat' dir='ltr'><strong>incorporearum</strong></span> <span class='ocrx_word' id='word_1_901' title='bbox 1479 5741 1637 5802; x_wconf 78' lang='lat' dir='ltr'><strong>commistio</strong></span> <span class='ocrx_word' id='word_1_902' title='bbox 1657 5744 1764 5804; x_wconf 73' lang='lat' dir='ltr'><strong>fscr&#39;ffttt</strong></span> 
     </span>
    </p>
   </div>
   <div class='ocr_carea' id='block_1_38' title="bbox 0 0 1894 6038">
    <p class='ocr_par' dir='ltr' id='par_1_39' title="bbox 0 0 1894 6038">
     <span class='ocr_line' id='line_1_119' title="bbox 0 0 1894 6038; baseline 0 2"><span class='ocrx_word' id='word_1_903' title='bbox 0 0 1894 6038; x_wconf 95' lang='lat' dir='ltr'><strong> </strong></span> 
     </span>
    </p>
   </div>
  </div>
 </body>
</html>
