3780 6038
128 230 182 287 595
591 224 691 280 PETRI
710 221 884 279 stLPHONSl
903 222 953 281 EX
971 222 1091 281 JUDAEO
1112 222 1316 283 crtatstttttt
1734 224 1787 281 ‘olle

125 356 216 428 fiditis
226 352 299 411 celric
313 352 346 410 ia
360 350 451 409 verbis
463 349 606 407 merodacii
621 365 682 422 pua
694 364 753 406 acu
768 350 927 422 proderunt
940 350 968 412 A
1016 349 1140 407 Morsus.
1160 352 1193 407 ln
1206 352 1258 408 boc
1278 349 1363 408 verba
1378 350 1427 407 tibi
1451 349 1504 424 ipsi
1524 350 1680 408 manemus
1693 357 1788 407 oslen-

128 438 925 512 cobir‚furari,occidcrc,adaltmarip'urarcracodacitcr,
980 438 1060 506 deris,
1077 456 1138 495 eam
1153 440 1276 511 superius
1299 440 1401 497 dixeris
1424 440 1549 497 homines
1567 441 1643 496 illius
1660 439 1789 511 temporis

129 533 216 589 libare
223 530 422 598 amtimuttrc
430 527 752 601 portdcosaticoorquor
759 527 927 598 ipnorortir,
980 528 1123 600 religiosos
1136 536 1163 583 et
1178 528 1267 597 justos
1282 528 1373 595 luisse,
1388 536 1415 585 et
1430 529 1498 602 legis
1515 537 1661 602 praeeepta
1675 527 1790 583 fideliter

128 626 156 678 et
168 617 452 677 acuistiretrtctirtir
462 632 558 674 caram
567 632 612 672 mc
623 616 744 672 iadorae
754 616 817 682 iac,
830 617 861 671 iu
872 631 928 688 qua
981 617 1137 684 custodisse,
1154 633 1224 673 nunc
1238 625 1328 675 autern
1338 633 1432 675 eoram
1447 634 1532 691 opera
1544 619 1603 674 Deo
1618 617 1787 689 ‹tispticuise

128 703 929 770 inoccatumcrtuorucumcum,etdicirtis:Liberatiru·

128 792 927 869 oturccoaodsccimuromuesabomioatioocrirmsllcr.

128 880 929 955 ru).1tbominatuacstituquoDeudcperurestraotrictimus

128 990 190 1030 cum
204 974 323 1040 canticis,
340 973 496 1045 expulitque
514 987 563 1028 ros
576 971 610 1026 de
625 971 727 1041 templo
741 985 800 1035 suo,
818 979 845 1026 et
859 980 929 1026 terra

128 1064 197 1119 sicut
209 1063 292 1119 lsaius
305 1064 438 1135 propbeta
460 1060 627 1130 operbffiime
646 1060 743 1115 talibus
756 1060 846 1115 uerbis
860 1060 929 1115 insi·

128 1150 927 1220 nnat:Qurrmibimuititudiuemvictimatumrcsirorum,

129 1239 200 1297 dicit
208 1241 344 1297 Dominus
356 1239 371 1293 ‘l
383 1239 489 1294 Plenas
498 1253 573 1304 rum,
589 1236 753 1293 holocausta
764 1239 888 1294 arictum
900 1241 929 1294 ct

128 1329 240 1402 adipem
244 1328 405 1402 piaculum,
417 1330 445 1383 ct
457 1326 623 1398 sanquinem
632 1326 795 1391 uitulorum,
806 1330 834 1381 ct
845 1343 931 1398 apua

128 1421 234 1485 camut
245 1417 389 1475 hircorum
398 1414 562 1473 caluitum
568 1415 702 1471 veniretis
714 1417 783 1470 autc
794 1429 929 1487 conspec-

131 1503 619 1578 turumcuor,qutsquarieitbacdc
628 1503 759 1559 manibus
776 1504 885 1570 vestris,
897 1508 931 1560 ut

131 1592 320 1650 ambularetis
326 1595 358 1650 ia
364 1593 548 1650 atriismcir?
560 1592 746 1664 Ncccfferatir
757 1591 930 1649 ultramari-

131 1682 229 1752 ficium
242 1684 365 1753 frustm.
377 1681 527 1738 lurcorum
541 1681 761 1739 aioruiaatiocrt
777 1679 929 1738 miiitiae·
942 1705 969 1766 B

131 1773 268 1840 menum,
287 1770 653 1840 Sabbatamctscstiuitatcs
660 1771 736 1827 aliar
749 1774 923 1842 conseram.

132 1860 295 1934 iniquirant
302 1863 390 1915 catus
398 1861 494 1916 resin.
503 1858 641 1917 Kalendas
647 1859 930 1917 uestrarctrotcmni-

132 1953 204 2005 tales
214 1947 521 2007 uestruoatuttantma
531 1949 685 2019 meoJacta
699 1953 768 2004 suot
783 1949 854 2005 inibi
866 1965 928 2005 mo-

130 2036 928 2106 lermliabcracirurtiocur.QucdetHieremiasccnbrmat

129 2127 234 2183 dicens:
245 2124 538 2199 vtpaidmiiitiurdc
546 2127 775 2197 solertiarum
783 2128 926 2182 calamum

128 2214 386 2272 ruoocalsutcmdr
402 2217 480 2270 terra
493 2215 664 2286 teudiscua?
679 2215 926 2271 Holocaustomata

127 2308 221 2360 cestra
230 2320 287 2360 nan
303 2305 371 2359 suut
385 2304 666 2376 acceptactcictimoe
681 2306 781 2359 rrcrtroe
791 2321 849 2361 uou
857 2305 924 2377 pla·

125 2392 399 2461 cucruutmilriuer.
411 2394 461 2461 rr).
472 2392 538 2446 ltcm
549 2391 632 2446 alibi:
648 2393 717 2449 Cara
732 2392 924 2462 jejunaverint

125 2497 184 2538 riou
192 2479 346 2539 exaudiam
362 2494 577 2554 processurum.
594 2483 622 2537 et
634 2482 660 2537 ri
677 2481 923 2540 obtulerintltoto·

125 2573 312 2637 conclamata,
324 2569 499 2635 strictiores,
508 2585 567 2627 aaa
575 2570 767 2640 suscipiamus
778 2571 845 2639 (der.
854 2572 921 2640 xiv).

123 2657 163 2712 De
174 2659 226 2713 hcc
235 2657 315 2712 etiam
326 2660 409 2711 ituros
425 2659 557 2729 propbeta
566 2657 616 2713 eit:
627 2657 712 2715 Odict
724 2658 831 2730 projeci
840 2660 921 2730 serti·

120 2746 345 2811 eltatcrrertrar,
354 2746 682 2818 oignoncoptomoaorem
691 2750 921 2804 caluaruocstro

118 2850 193 2891 rum.
216 2833 293 2904 Quod
311 2834 336 2890 ri
359 2834 519 2891 attuleritis
529 2835 601 2891 milli
616 2835 871 2903 holocaustomata,
892 2840 921 2893 ct

116 2938 240 2980 munera
250 2928 342 2980 uestra
350 2937 406 2978 oon
415 2923 581 2992 suscipiam,
589 2927 618 2979 et
631 2927 695 2979 cota
706 2926 858 2997 piceatum
866 2940 922 2980 ricr-

117 3015 227 3068 trcrum
242 3011 472 3083 uourucpiciau.
490 3012 627 3082 Auferam
644 3012 804 3068 tumultum
814 3013 919 3069 carmi·

115 3115 186 3156 num
195 3104 321 3166 tuorum,
330 3099 479 3156 etcuutica
486 3099 554 3171 lyra·
565 3102 621 3155 tua
629 3117 687 3157 nou
696 3100 813 3157 audiam
823 3102 917 3172 (toras

114 3194 154 3259 ιι.)
170 3190 209 3245 Dc
220 3191 271 3245 hoc
281 3189 376 3243 iterum
387 3187 533 3243 italaebius
542 3188 580 3244 uit
590 3206 599 3244 .·
610 3190 671 3245 Non
681 3193 724 3246 cri
733 3189 805 3246 miii
815 3191 917 3247 volun-

113 3281 157 3334 tur
166 3279 197 3335 iu
208 3277 292 3343 voitu
302 3276 702 3345 dicitllcoiourccrrcttuum,
712 3282 918 3337 etruuuuruou

114 3367 268 3439 rurciptom
286 3365 319 3421 tic
334 3379 425 3421 mauu
436 3366 638 3435 ccrtrclldalac.
650 3367 680 3434 ι).
703 3367 736 3422 Et
755 3368 916 3425 Psalmista:

113 3452 504 3523 Sacrificiumctoblatloucm
513 3454 644 3521 noluisti,
659 3471 742 3512 aures
750 3460 847 3513 autem
857 3473 921 3531 per.

113 3542 210 3616 secuit
219 3541 388 3611 micili’ral.
400 3542 509 3611 xxxix).
520 3543 571 3598 Per
584 3541 654 3599 Osce
671 3560 778 3615 quoque
798 3546 920 3616 Prophe·

118 3639 174 3686 tam
190 3629 229 3685 sic
247 3630 299 3686 ait:
320 3629 434 3687 Cessare
450 3631 559 3702 faciam
582 3647 666 3688 omae
681 3634 818 3704 caudium
845 3636 917 3706 eius.

116 3720 325 3776 soltmoitatem
335 3734 407 3790 epus,
418 3720 598 3776 neomeniam
606 3722 677 3794 ejus,
686 3720 837 3779 Sabbatum
845 3725 919 3795 ejas,

118 3809 503 3880 stomuialcrtalcmporum
513 3808 655 3879 ciceides.
665 3812 707 3879 ιι),
717 3811 837 3867 etmulta
848 3812 920 3881 ulia,

120 3914 180 3968 quar
194 3913 352 3953 enumerare
369 3897 481 3970 longam
504 3905 557 3952 est.
585 3898 649 3954 liae
662 3907 724 3953 sunt
746 3900 882 3972 precipua
896 3909 922 3956 et

120 3986 225 4058 maiora
238 3987 306 4060 legis
319 3994 416 4042 restrae
431 3993 576 4058 precepta,
592 4002 661 4058 qaae,
679 3986 747 4043 sieut
765 3990 922 4061 prophetica

121 4077 265 4134 auctoritas
294 4083 321 4132 et
342 4075 515 4146 presentem
541 4083 692 4146 ternpcrum
718 4077 818 4132 indicat
845 4086 920 4145 artus,

123 4166 196 4222 Deus
209 4180 379 4236 nequaquam
395 4165 453 4221 ruit
466 4164 499 4218 de
514 4180 597 4219 manu
611 4165 748 4235 suscipere
762 4174 858 4221 restra.

160 4308 283 4363 blaesus.
292 4306 402 4380 Omnia,
415 4323 475 4377 quon
485 4306 611 4363 induxisti
627 4312 817 4382 prophetarum
828 4312 920 4381 rerba,

981 703 1135 762 confirmas.

1017 852 1135 909 Pennas.
1153 851 1306 909 Secundum
1330 852 1402 926 quod
1418 853 1556 927 legislator
1576 856 1684 927 bloyses
1699 870 1716 910 a
1731 854 1786 911 Deo

982 940 1070 1015 legam
1085 949 1235 1011 acceperut,
1261 950 1287 997 el
1300 942 1339 999 eis
1352 951 1539 1015 proposuerat,
1565 958 1613 999 eos
1628 942 1715 1016 digne
1728 960 1787 997 ser-

981 1046 1059 1087 vasse
1075 1046 1128 1086 non
1145 1029 1261 1103 denego.
1286 1030 1340 1087 Sed
1363 1040 1505 1105 postquam
1520 1031 1642 1088 Christus
1667 1031 1784 1100 advenit,

983 1118 1028 1190 qni
1051 1121 1241 1191 prophetarum
1260 1137 1359 1177 areuna
1378 1121 1518 1181 revolavit.
1541 1128 1569 1176 et
1588 1121 1659 1193 legis
1681 1121 1786 1177 subluto

982 1207 1124 1273 velamine,
1150 1208 1314 1278 spiritualem
1346 1209 1390 1279 qui
1419 1209 1520 1264 latebat
1544 1225 1656 1264 sensnm
1683 1209 1786 1281 aperuit

982 1298 1062 1365 (Luc.
1078 1302 1166 1365 xxiv),
1181 1313 1214 1350 ex
1231 1305 1294 1352 tunc
1304 1313 1357 1353 noa
1375 1297 1522 1353 meandum
1533 1297 1650 1353 littorum
1663 1298 1785 1354 occiden-

983 1393 1046 1450 tem,
1069 1385 1117 1439 sed
1143 1385 1290 1440 meandum
1318 1385 1440 1458 spiritum
1462 1384 1645 1441 ririticantem
1665 1387 1705 1454 (ll
1717 1388 1779 1443 Cor.

981 1478 1023 1537 ιιι)
1039 1473 1138 1546 legalia
1151 1474 1300 1528 debuerunt
1314 1474 1434 1530 instituta
1452 1491 1571 1541 serrare,
1593 1477 1726 1546 quoniam
1742 1476 1784 1547 qui

983 1562 1071 1633 legem
1087 1561 1208 1630 dederat,
1224 1563 1321 1618 melius
1335 1580 1396 1619 eam
1419 1581 1501 1634 quum
1519 1567 1662 1636 prophete
1677 1566 1724 1636 qui
1739 1582 1783 1620 cu·

982 1647 1082 1704 ditores
1096 1648 1202 1705 luerunt
1215 1649 1392 1721 intelligebat.
1409 1650 1488 1720 Quod
1503 1652 1568 1722 quia
1588 1652 1678 1708 lacera
1695 1653 1783 1726 negle-

983 1745 1087 1807 xerunt,
1116 1737 1177 1794 ideo
1204 1754 1297 1793 corium
1325 1740 1449 1811 antiquas
1476 1740 1683 1797 obseruationes
1715 1741 1783 1797 Deus

980 1827 1114 1898 suscipere
1141 1827 1238 1893 renuit,
1269 1828 1498 1898 quomadmodum
1528 1837 1555 1885 et
1583 1837 1690 1885 ueteres
1720 1831 1782 1885 ritus

982 1932 1050 1985 quos
1063 1923 1125 1972 ante
1139 1923 1290 1988 susceptam
1305 1934 1355 1988 per
1370 1933 1481 1974 manum
1495 1918 1581 1990 llcysi
1596 1919 1689 1992 legem
1705 1934 1782 1974 erro

981 2002 1073 2059 lebant
1087 2004 1162 2073 (lor.
1178 2010 1268 2071 urin),
1290 2012 1352 2075 post
1374 2006 1499 2063 eumdem
1518 2014 1672 2078 susceptum
1696 2006 1784 2078 probi·

980 2091 1039 2147 buit
1051 2108 1187 2160 exercere,
1215 2093 1283 2149 duas
1297 2093 1423 2150 uidelicet
1448 2110 1553 2150 sorores
1578 2095 1660 2150 dmul
1687 2095 1781 2151 ducere

980 2196 1086 2248 axona,
1103 2181 1145 2237 rol
1159 2181 1270 2237 amitam
1291 2197 1403 2239 uxorem
1427 2183 1559 2254 accipere,
1579 2183 1709 2240 omnibus
1722 2183 1781 2239 ani-

980 2268 1096 2325 malibus
1109 2270 1181 2326 rosei
1197 2271 1290 2339 (Daui.
1307 2274 1375 2342 ιιι).
1390 2272 1455 2327 lime
1469 2272 1604 2328 etsimilia
1617 2280 1680 2328 anta
1694 2272 1780 2346 legem

980 2366 1100 2431 ugentes,
1116 2359 1155 2415 rai
1175 2374 1229 2414 non
1252 2359 1429 2430 habebuntur,
1444 2359 1491 2416 sed
1513 2368 1608 2433 postea
1625 2376 1708 2418 neme
1724 2361 1779 2417 sinc

978 2454 1089 2519 peccato
1100 2447 1188 2505 lacere
1202 2448 1298 2522 potuit.

1012 2608 1134 2665 blorsas.
1160 2609 1261 2682 Legem
1286 2617 1404 2667 noscam
1423 2619 1503 2682 prout
1525 2611 1633 2682 Moyses
1654 2610 1739 2678 dedit,
1753 2620 1779 2668 et

977 2704 1066 2761 artinis
1080 2714 1185 2778 potrum
1204 2714 1356 2764 nostrorum
1370 2708 1509 2781 generatio
1524 2708 1672 2778 antiquitus
1685 2708 1776 2775 coluit,

975 2810 1001 2858 et
1015 2803 1053 2858 sio
1067 2805 1148 2860 etium
1163 2821 1178 2861 a
1193 2805 1272 2862 nobis
1293 2822 1342 2878 per
1364 2806 1456 2862 cannia
1469 2805 1630 2862 servandum
1645 2813 1673 2863 et
1696 2806 1776 2864 credo

974 2909 1000 2957 et
1014 2918 1120 2959 censeo.

933 3062 958 3128 C
1009 3054 1130 3109 Parcus.
1156 3054 1184 3111 Si
1212 3062 1316 3111 reteoes
1330 3054 1398 3127 legis
1425 3054 1630 3112 observationes
1657 3056 1773 3113 Domino

976 3143 1156 3214 acceptabiles
1184 3142 1305 3209 luissent,
1322 3143 1388 3198 dum
1414 3160 1459 3198 eos
1481 3160 1562 3216 opera
1591 3145 1774 3216 compleretis,

974 3246 1144 3302 nequaquam
1160 3247 1209 3288 vas
1222 3231 1255 3287 de
1271 3232 1372 3304 templo
1387 3239 1413 3289 et
1425 3232 1512 3304 potriu
1525 3232 1666 3302 eiecisset.
1683 3233 1738 3291 Sed
1751 3241 1778 3289 ut

975 3321 1025 3375 tuis
1052 3321 1221 3392 acquiescam
1249 3321 1428 3389 aerlnonibus,
1460 3329 1504 3377 tuo
1519 3329 1544 3377 te
1558 3321 1776 3396 redarguendum

974 3425 1032 3464 eme
1042 3410 1182 3465 ostendum
1193 3408 1308 3479 judicio,
1323 3426 1384 3465 cum
1395 3410 1464 3466 sieut
1473 3410 1539 3478 dixi,
1552 3410 1620 3467 nihil
1630 3411 1684 3468 nisi
1693 3426 1777 3484 pauca

973 3497 1009 3553 dc
1023 3498 1091 3570 legis
1118 3497 1266 3556 obsecretis
1293 3498 1444 3570 praeceptis,
1459 3507 1486 3554 et
1499 3514 1550 3555 nec
1563 3500 1624 3572 ipsa
1641 3509 1724 3573 prout
1736 3501 1777 3557 lex

973 3585 1097 3659 precipit
1122 3603 1156 3643 ex
1171 3594 1226 3643 toto
1253 3587 1417 3654 custodietis,
1444 3588 1667 3659 quandoquidem
1688 3588 1778 3647 necin

975 3675 1111 3743 Sabbatis,
1128 3691 1177 3731 nec
1199 3674 1227 3730 in
1249 3675 1473 3743 solemnitatibus,
1489 3684 1534 3732 aut
1544 3676 1658 3747 jejuniis
1686 3678 1779 3735 reatris

975 3771 1021 3818 aut
1039 3763 1163 3821 victimas
1190 3771 1236 3819 aul
1263 3763 1316 3819 aliu
1338 3780 1398 3835 quae
1426 3765 1577 3821 neeesmria
1592 3775 1654 3821 sunt
1671 3774 1699 3823 et
1711 3782 1779 3839 pre·

975 3851 1197 3924 ceptahabeulis.
1227 3851 1369 3910 Orationes
1396 3853 1477 3909 etium
1493 3870 1560 3924 quus
1586 3854 1647 3911 loce
1673 3855 1777 3913 sacrifi·

975 3940 1078 3996 ciorum
1094 3940 1211 3997 Domino
1226 3940 1346 4008 funditis,
1362 3956 1415 3996 non
1431 3948 1460 3997 ut
1473 3941 1653 3998 exaudiantur
1672 3943 1708 3999 ad
1722 3944 1778 4016 ejus

976 4044 1054 4084 aures
1067 4028 1228 4085 ascendunt.
1246 4030 1303 4084 Nec
1325 4031 1377 4085 hoe
1400 4030 1597 4087 malevolentiae
1613 4046 1683 4089 meae
1705 4041 1778 4103 potes

976 4124 1021 4172 alit
1040 4117 1124 4173 audes
1151 4118 1294 4184 asenberc,
1328 4135 1390 4173 culn
1418 4118 1527 4190 ipsimet
1553 4120 1636 4177 cesai
1658 4120 1778 4178 doctores

978 4214 1105 4262 testentur
1120 4206 1207 4262 Deam
1223 4206 1257 4262 ab
1278 4206 1323 4262 illc
1349 4215 1470 4279 tempore
1494 4224 1589 4279 preces
1609 4217 1714 4267 rostras
1728 4226 1778 4267 non

979 4294 1136 4364 suscepisse,
1153 4309 1206 4364 quo
1222 4293 1350 4365 templum
1366 4292 1527 4350 destructum
1544 4303 1593 4351 ast.
1605 4295 1686 4366 Quod
1701 4298 1777 4354 etiam

126 4405 160 4461 de
187 4402 339 4475 Babylonica
367 4403 519 4473 captivitate
547 4412 575 4459 et
601 4405 716 4462 dicimus
743 4416 768 4464 et
789 4409 963 4475 eredimnsl)
983 4378 1125 4434 Hiemmiae
1156 4380 1296 4448 ”mmmm
1322 4376 1431 4433 firmam
1466 4380 1623 4435 mmmmm
1651 4380 1777 4438 ‘ficem

127 4503 209 4558 luisse
237 4499 373 4573 praeliata,
389 4507 415 4555 et
442 4500 581 4557 incudem
608 4505 752 4576 completa.
772 4508 842 4564 Num
864 4518 926 4579 post

128 4602 215 4675 ipsam
230 4607 257 4656 et
270 4598 395 4655 divinitus
421 4613 470 4655 nos
497 4600 624 4671 respexit,
644 4610 669 4657 el
684 4603 812 4661 sacrificiu
836 4617 925 4664 nostm

129 4700 254 4775 antecepit.

169 4829 277 4883 rannus
292 4821 480 4896 Explanuticni
501 4831 552 4878 luce
567 4840 643 4880 mem
656 4827 758 4896 optirne
778 4829 928 4886 intellectus

132 4922 287 4982 eonconlat'
302 4922 368 4977 Cum
384 4920 456 4976 enim
470 4920 542 4975 Deus
556 4937 604 4978 ros
613 4922 646 4977 de
655 4926 809 4997 captivitate
821 4928 931 4985 eductos

135 5022 169 5076 ud
184 5019 314 5091 templum
328 5017 496 5090 pauiomque
519 5018 633 5089 retinxit,
649 5029 723 5092 putet
736 5023 798 5094 quia
819 5028 931 5097 prophe·

135 5124 221 5173 tarum
242 5116 330 5171 minus
356 5115 510 5186 eoinplerit,
527 5123 553 5171 et
566 5117 652 5189 culpis
678 5119 787 5175 indultis
809 5121 931 5178 victimas

138 5224 239 5271 restrae
252 5211 429 5284 acceptabiles
453 5212 555 5267 babuit.
572 5214 625 5270 Sed
644 5232 705 5272 cum
720 5225 813 5290 postea
828 5220 856 5275 in
879 5221 932 5291 pri-

137 5312 206 5368 stina
219 5308 321 5365 scelera
339 5308 483 5376 redissetis,
500 5309 616 5380 pristinis
639 5312 727 5369 demo
750 5317 836 5387 prorius
858 5319 931 5372 incil-

139 5410 184 5465 luti
198 5409 271 5476 estis,
293 5414 319 5462 et
343 5412 441 5477 quanto
468 5408 585 5464 meando
611 5412 752 5483 eaptivitas
765 5415 932 5491 rriujcrgtu·

138 5510 249 5580 riorque
275 5504 334 5574 icit,
364 5518 444 5574 quum
467 5504 565 5576 primu
594 5514 667 5564 lanto
695 5511 826 5583 mojorem
842 5514 868 5569 in
883 5516 932 5570 lme

137 5627 218 5682 quom
243 5606 272 5663 in
299 5604 345 5661 illa
372 5601 421 5659 Dei
443 5617 525 5674 super
552 5619 601 5662 ros
615 5607 697 5683 liquet
720 5609 933 5686 indignationem

129 5709 222 5768 laissa.

980 4466 1779 4538 Cumclamaveroctrocaver0,ccclusitoratioucrumcam

979 4556 1094 4627 (Yiron.
1111 4555 1163 4621 ιιι).
1180 4555 1213 4610 Et
1229 4555 1325 4610 iurum
1342 4574 1348 4611 :
1368 4554 1529 4628 opposuisti
1551 4558 1657 4615 nutem
1671 4560 1733 4626 iiii,
1746 4574 1780 4616 nr

981 4648 1111 4702 transcat
1122 4645 1212 4702 oratio
1228 4644 1342 4714 (Tbrcu.
1351 4652 1403 4705 ιιι).
1418 4645 1556 4702 Etlsaias:
1566 4647 1781 4705 Etcumcatcu·

981 4732 1083 4790 deritir
1093 4748 1196 4787 manus
1207 4735 1322 4797 cestrae,
1337 4735 1466 4788 avertam
1480 4732 1574 4790 oculm
1584 4749 1662 4794 mcor
1671 4734 1780 4799 aeolia

983 4827 1087 4879 etcum
1104 4820 1367 4893 multiplicaveritis
1376 4821 1544 4886 orationem,
1560 4837 1619 4878 uon
1629 4824 1782 4881 exaudiam

983 4911 1049 4983 (Ira.
1066 4910 1096 4980 i).
1112 4910 1244 4964 Praeterea
1257 4924 1352 4965 onrnes
1366 4924 1414 4965 ros
1427 4908 1575 4965 seeundum
1590 4912 1677 4984 Moysi
1691 4912 1778 4987 legem

984 4999 1116 5055 immundi
1132 4997 1203 5053 estis
1227 4997 1322 5052 Nullus
1335 4998 1407 5052 enim
1431 4997 1458 5053 in
1483 4999 1562 5055 robis
1576 5006 1627 5071 est,
1647 5001 1695 5072 qui
1710 5016 1782 5058 mor-

986 5097 1090 5145 tuorum
1107 5093 1205 5142 ullaelu
1219 5085 1337 5155 pollutus
1364 5100 1417 5141 ncn
1445 5087 1478 5142 sil
1502 5088 1598 5157 (Num.
1624 5093 1696 5159 ιιιιι).
1719 5088 1784 5159 Qua

985 5177 1086 5233 scilieet
1100 5174 1214 5240 uincula,
1231 5174 1281 5229 nisi
1293 5173 1483 5249 conspersione
1499 5174 1598 5232 cineris
1612 5194 1705 5237 racem
1718 5177 1784 5235 ruia

987 5282 1040 5322 ncn
1055 5265 1158 5321 ‹teletur
1171 5260 1247 5332 (Leo.
1262 5272 1321 5333 ιιι),
1337 5280 1417 5334 quum
1428 5280 1489 5320 eum
1504 5264 1538 5320 ud
1553 5266 1784 5338 praecostensa

987 5371 1041 5411 non
1056 5353 1171 5426 possitis,
1187 5353 1222 5409 ab
1250 5352 1420 5407 immunditia
1441 5352 1549 5409 libemri
1578 5355 1706 5427 nequitis.
1723 5356 1783 5411 ilu-

987 5444 1065 5500 lieres
1078 5441 1158 5498 etium
1174 5449 1269 5499 restra
1292 5456 1387 5496 omnes
1400 5440 1474 5496 lluuu
1496 5442 1608 5511 polluta
1630 5442 1782 5509 armanda,

987 5548 1048 5589 euin
1077 5531 1181 5602 pristini
1205 5530 1291 5585 desint
1318 5528 1479 5597 sacerdotes,
1495 5546 1610 5601 quorum
1641 5540 1700 5591 erat
1723 5530 1784 5589 utt-

987 5629 1060 5678 ctum
1076 5619 1179 5691 judicic
1205 5620 1274 5675 inter
1296 5626 1460 5676 menstruum
1487 5629 1513 5676 et
1535 5620 1678 5695 maginnis
1697 5620 1784 5679 buxus

988 5709 1118 5784 pollutam
1144 5708 1305 5780 discemere,
1334 5706 1422 5768 attilii
1435 5707 1470 5768 de
1495 5708 1659 5783 pedatiam
1684 5708 1785 5771 Onu
