3780 6038
109 211 177 273 1115Ι
612 218 779 281 comatur
799 218 942 284 scutris
962 224 1248 288 VINDOCINENSIS.
1708 232 1757 291 tte

110 335 221 397 Simone
238 339 326 414 tngo,
342 341 387 419 qni
403 343 454 405 hoc
469 362 557 422 genos
571 346 720 422 iniquitatis
733 349 840 422 primus
863 351 905 406 iu·
920 353 948 416 A
962 353 1023 410 Nou
1038 355 1110 412 enim
1126 354 1253 414 diabolus
1268 361 1344 414 tauta
1357 353 1456 429 poterit
1467 352 1574 415 auferre
1590 364 1693 432 quanta
1708 374 1757 415 ro-

110 429 194 496 renit,
210 446 260 487 nos
277 433 418 491 babituros
432 437 596 508 portionem,
611 439 683 512 quod
699 440 775 495 Deus
796 440 906 507 abnuat,
962 442 1004 498 bis
1020 454 1114 517 potens
1127 455 1168 502 est
1181 447 1253 502 Dens
1269 456 1431 503 restaurare.
1443 444 1516 504 Nihil
1529 454 1620 504 tamen
1636 463 1685 520 pro
1707 448 1758 508 hac

110 519 263 574 nullatenus
278 522 512 582 dubitemusllam
523 528 587 599 quid
597 529 695 600 podest
710 528 792 584 nobis
808 529 909 586 oraret
962 550 1045 594 causa
1061 535 1198 604 amittetis,
1215 544 1241 592 et
1253 536 1288 592 de
1300 553 1380 593 mauu
1408 535 1459 594 Dei
1487 536 1646 594 mercedem
1679 539 1757 608 176

111 607 176 678 quid
190 610 303 680 prodest
317 613 463 686 aliqnando
475 616 604 688 jejunare
619 617 633 671 ‘l
654 616 720 689 quid
736 617 818 673 etiam
833 634 904 689 pau·
961 623 1111 695 recipietis,
1125 625 1148 680 si
1162 641 1213 697 pro
1236 625 1297 696 ejus
1325 625 1378 682 tide
1405 634 1432 683 at
1460 625 1570 682 nomine
1599 634 1759 684 constanter

110 712 190 768 peres
206 715 331 756 recreare
346 703 360 759 1
376 703 418 759 rel
441 706 568 776 qiraelilset
594 705 648 761 slis
672 706 800 762 bonitatis
827 723 908 778 opera
962 711 1091 786 egeritis.

111 801 252 854 exercere,
269 791 290 844 si
308 793 491 850 simoniacam
508 796 666 852 lueresima
687 795 785 852 linibus
809 798 909 853 nostris

110 875 315 934 dissimulamus
331 882 465 953 repellere
481 884 495 938 1
509 884 621 952 Quaem
634 885 908 959 B.Gregoriusdicit‚
1048 944 1054 957 ⁸
1241 829 1411 888 EPISTOLA
1431 832 1468 890 X·

110 973 172 1021 ante
186 981 280 1023 omnes
296 969 366 1026 alias
380 970 407 1025 in
422 981 517 1029 sancia
533 973 656 1029 Ecclesia
678 974 790 1030 subdol,
814 975 910 1031 fraude
964 942 1758 1016 611111111111111111111111111111116111111111111111,

999 1033 1101 1091 dilecto
1124 1037 1156 1091 in
1184 1037 1293 1093 Christo
1310 1039 1390 1094 Patri
1409 1038 1610 1095 Arcbembalda
1630 1036 1707 1108 (295)
1725 1037 1755 1092 S.

999 1123 1099 1179 Albini
1110 1125 1213 1189 abbati,
1226 1129 1333 1197 fratres
1344 1124 1399 1182 sibi
1409 1127 1571 1184 cominissos
1580 1126 1711 1200 diligere,
1731 1129 1759 1182 cl

999 1227 1096 1268 eoram
1107 1214 1177 1269 uitia
1188 1214 1249 1271 odio
1260 1215 1373 1272 labere.

110 1051 229 1124 irrepsit,
246 1065 272 1112 et
288 1059 367 1130 qussi
383 1060 469 1130 prime
485 1071 512 1116 et
526 1063 645 1117 maxima
672 1063 804 1120 Ecclesiae
827 1064 909 1120 casti-

110 1147 193 1198 tatem
210 1144 281 1200 foeda
295 1147 408 1203 nimium
424 1149 572 1220 pollutione
584 1152 769 1207 contaminare
780 1168 910 1225 praesum-

110 1232 173 1302 psit.
191 1234 277 1305 Igitur
291 1236 319 1290 in
336 1237 433 1303 fretun,
450 1248 476 1294 et
491 1248 602 1311 propter
617 1241 702 1296 Deum
720 1257 849 1315 rogamus
861 1257 909 1298 vos

111 1328 138 1375 et
152 1321 332 1391 obtestamur,
349 1326 374 1380 si
390 1326 489 1383 babere
504 1339 610 1398 partem
634 1329 661 1383 iu
686 1331 796 1386 Christo
818 1330 908 1399 vultis,
998 1327 1037 1382 Ex
1050 1329 1204 1385 testimonio
1217 1330 1315 1386 dirinae
1329 1331 1493 1388 auctoritatis
1518 1331 1667 1389 didicimus
1690 1345 1761 1401 quo·

111 1425 163 1463 unu
179 1411 321 1468 nobiscum
337 1431 514 1474 summouere
536 1418 675 1485 laboretis,
701 1428 730 1474 ut
754 1428 807 1474 tam
837 1434 910 1476 saera
963 1415 1038 1472 niam
1053 1417 1088 1472 de
1102 1417 1224 1489 profectu
1240 1421 1368 1491 proximi,
1385 1421 1453 1477 sicut
1465 1422 1499 1476 de
1514 1427 1619 1485 nostro,
1630 1419 1762 1477 debemus

111 1497 207 1566 pestis,
223 1517 283 1571 quir
298 1518 432 1574 persepe
448 1505 549 1560 dictum
560 1507 694 1564 haereticae
705 1508 845 1578 pravitatis
855 1508 909 1562 mi·
963 1505 1105 1577 gratulari,
1122 1507 1197 1562 etde
1212 1510 1271 1577 eius
1288 1508 1409 1577 defectu,
1425 1517 1555 1582 tanquam
1579 1509 1614 1565 de
1638 1509 1760 1580 proprio,

113 1584 226 1641 nistrum
241 1588 268 1642 in
292 1591 413 1661 partibus
440 1595 540 1649 uostris
568 1596 703 1652 diabolica
732 1597 909 1670 suggestione
964 1594 1097 1649 tribulari.
1114 1597 1192 1652 Unde
1208 1598 1241 1653 de
1256 1598 1373 1670 quodam
1387 1598 1469 1654 fratre
1493 1607 1595 1663 restro,
1624 1598 1763 1654 loscelino

113 1675 233 1742 emersit,
251 1694 304 1733 non
322 1680 430 1751 quidem
441 1680 534 1754 gladio
546 1683 619 1751 ferri,
632 1685 681 1740 sed
691 1684 783 1757 gladio
794 1684 909 1756 Spiritus
924 1715 949 1776 B
965 1682 1083 1751 nomine,
1102 1686 1276 1743 vehementer
1288 1687 1451 1743 tribulamur
1466 1707 1473 1756 ;
1489 1687 1516 1743 in
1532 1704 1586 1760 quo
1601 1703 1657 1743 non
1673 1687 1762 1742 solum

113 1767 198 1820 sancti
212 1767 320 1837 penitus
335 1775 518 1841 computetur,
535 1789 569 1828 ne
585 1773 664 1828 nobis
686 1774 840 1830 tacentibus
864 1774 908 1829 in·
964 1771 1056 1827 leesnm
1072 1789 1133 1829 csse
1148 1775 1308 1831 charitatem
1323 1776 1514 1850 cognovimus,
1530 1776 1579 1832 sed
1595 1773 1762 1831 defunctam.

113 1851 242 1923 Spiritum
256 1866 379 1913 sunctum
395 1868 533 1929 peccetur,
548 1862 620 1933 quod
636 1879 724 1935 neque
741 1863 794 1931 uic,
821 1880 909 1936 neque
964 1860 993 1914 ln
1009 1861 1107 1916 diebus
1121 1862 1190 1930 istis,
1207 1881 1270 1918 cum
1286 1865 1448 1920 monasterii
1473 1867 1576 1920 uostris
1600 1864 1763 1920 necessitate

112 1941 140 1996 in
156 1942 246 2000 futuro
261 1946 361 2002 seeculo
375 1949 526 2005 remittetur
540 1951 652 2022 (llaltlt.
679 1966 729 2018 xu,
752 1952 908 2023 32).1.75
964 1959 1090 2023 cogente,
1100 1951 1175 2019 juxta
1190 1952 1340 2009 llairoucm
1361 1957 1446 2025 (116),
1472 1955 1518 2009 ubi
1541 1953 1675 2010 obediens
1699 1952 1761 2017 sibi,

113 2041 207 2098 Valere
222 2044 248 2098 in
264 2045 380 2101 Domino
394 2063 505 2118 semper
520 2067 527 2113 3
544 2048 641 2104 iterum
656 2049 718 2105 (1100
736 2050 860 2106 :valere
876 2051 911 2105 Er
965 2047 1058 2094 elnon
1074 2040 1133 2096 Deo
1148 2040 1192 2096 ille
1207 2051 1399 2108 commoratur,
1422 2043 1564 2098 transitum
1589 2041 1762 2106 fecissemus,

113 2139 257 2188 contumax
272 2134 327 2201 ille,
342 2134 378 2189 da
393 2152 447 2208 quo
462 2137 564 2209 agitur,
579 2139 680 2193 sentiat
703 2154 754 2194 nos
777 2138 829 2194 Dei
859 2139 912 2194 rir-
964 2122 1088 2179 ¹¹¹1⁸5¹1¹¹¹⁸
1102 2125 1137 2180 ad
1147 2142 1218 2191 eum,
1235 2139 1263 2182 ut
1278 2127 1305 2182 in
1319 2128 1432 2183 d⁰mum
1448 2128 1477 2182 B·
1494 2128 1588 2183 Albini
1602 2136 1629 2183 el
1645 2136 1761 2183 vestram

114 2225 168 2274 tute
183 2220 245 2292 plus
261 2238 341 2293 posse
356 2240 435 2296 quam
451 2225 537 2296 possit
551 2226 610 2298 ipsc
626 2227 747 2282 Simonis
764 2227 835 2299 llagi
857 2226 910 2282 irn-
965 2228 1015 2268 ¹¹⁰⁵
1029 2213 1153 2285 h⁰⁸i¹5⁸t³⁸
1175 2215 1337 2287 susciperet,
1361 2217 1551 2289 dssplecafliffi·
1577 2216 1676 2284 verb&
1702 2230 1762 2287 ί11ιὶιέ

114 2307 160 2380 pia
175 2317 246 2364 arte.
965 2300 1017 2367 bis,
1035 2302 1081 2374 qui
1094 2318 1111 2359 a
1124 2303 1203 2359 nobis
1225 2304 1302 2360 missi
1327 2304 1448 2370 fuerant,
1475 2304 1661 2377 responderit,
1691 2303 1763 2359 mala

966 2390 1078 2462 quidem
1093 2400 1119 2447 et
1134 2392 1245 2449 omnino
1259 2393 1453 2465 indiscipliuita
1469 2394 1577 2450 fuerunt
1593 2412 1600 2457 ;
1620 2393 1670 2449 scd
1693 2391 1765 2448 facta

395 2472 563 2529 aristosa
585 2475 633 2529 lx.
965 2480 1032 2535 satis
1047 2481 1151 2551 peiora.
1168 2480 1264 2537 Omnia
1280 2499 1340 2554 quae
1355 2483 1400 2539 ille
1415 2498 1565 2539 conversus
1593 2497 1708 2538 aversus
1737 2481 1765 2534 in

965 2585 1016 2624 nos
1031 2570 1187 2640 protulerit,
1203 2571 1281 2627 vobis
1297 2572 1416 2628 scribere
1439 2572 1586 2638 noluimus,
1615 2570 1680 2643 quia
1702 2569 1765 2625 lon·

965 2674 1031 2732 gum
1045 2666 1128 2725 esset,
1145 2667 1171 2716 et
1185 2659 1213 2715 iu
1235 2660 1309 2716 nullo
1331 2662 1473 2717 veritatem
1500 2659 1600 2716 loedere
1627 2658 1764 2724 volumus,

966 2763 1026 2819 quac
1040 2747 1082 2802 rix
1098 2747 1125 2802 in
1139 2747 1310 2821 longiloquio
1325 2749 1411 2806 illaesa
1425 2756 1564 2805 servatur.
1584 2748 1656 2805 lltud
1670 2747 1765 2802 firmis·

151 2791 190 2848 ’ξε
205 2794 371 2849 mmmm
385 2794 520 2866 mmm
535 2810 642 2864 ‘mm’
660 2810 795 2868 mmm
812 2795 913 2850 mundi
966 2836 1034 2892 sime
1050 2844 1175 2892 tenemur
1190 2837 1253 2908 guia
1267 2837 1334 2893 dixit
1347 2839 1420 2911 quod
1437 2838 1590 2894 nullatenus
1606 2854 1657 2893 uos
1671 2836 1763 2893 susci·

150 2880 301 2952 despicere,
318 2886 346 2938 et
356 2884 439 2938 nulla
454 2885 514 2954 ejus
529 2885 646 2941 aduersa
661 2883 826 2956 formidare.

965 2933 1043 2996 peret
1061 2943 1068 2988 ;
1083 2932 1110 2980 et
1124 2934 1221 2996 postea
1234 2941 1289 2981 non
1303 2927 1373 2982 bene
1387 2927 1501 2983 deuotus
1520 2925 1681 3000 complevit.
1697 2927 1765 2982 lisso

151 3023 363 3097 Rogamusvog,
380 3033 405 3080 gl
421 3027 711 3099 pervepjlgtquuae
721 3025 909 3092 Chrisiusest,
966 3021 1063 3069 VeSilae
1078 3013 1217 3071 dilectioni
1233 3014 1266 3070 de
1288 3031 1369 3072 86110
1396 3015 1517 3071 8181111ἃῖ
1545 3015 1764 3080 conscribentes,

115 3111 292 3178 obtestamur,
308 3129 344 3167 na
359 3113 385 3167 in
402 3129 486 3170 causa
502 3113 561 3182 Dei,
577 3129 658 3186 quarn
680 3123 776 3170 contre
800 3114 912 3170 1111111-
928 3075 952 3139 ⁰
966 3117 1020 3158 11⁰n
1035 3110 1168 3170 ¹¹⁰⁸tffl¹¹¹s
1188 3106 1268 3174 177
1287 3103 1335 3159 ⁵0⁶
1351 3104 1490 3160 thiiillliss
1512 3103 1645 3173 issiffl'iflm
1675 3102 1767 3160 lindi·

115 3198 179 3255 dum
195 3200 342 3271 inspirante
358 3201 458 3272 Spiritu
474 3211 567 3258 sancto
592 3202 791 3272 assumpsistis,
822 3202 913 3274 aliquo
967 3191 1024 3248 0811
1039 3192 1227 3262 119105θῖ1116

115 3289 197 3343 modo
211 3288 354 3344 deficiatis.
371 3288 449 3359 Quod
466 3291 488 3344 si
504 3289 634 3354 feceritis,
650 3291 798 3356 Christum,
811 3291 856 3363 qui
872 3299 913 3346 est

116 3377 226 3444 veritas,
242 3376 323 3447 plane
339 3378 509 3449 abnegastis,
526 3385 553 3433 et
567 3378 719 3435 Ecclesiam
739 3395 826 3443 sunm,
852 3395 913 3450 quae

116 3465 228 3520 omnino
240 3473 317 3521 casta
331 3467 414 3521 debet
429 3483 490 3522 csse
505 3475 531 3521 ct
544 3467 639 3534 libero,
651 3467 840 3523 secularitatis
850 3484 913 3524 con·

119 3553 246 3608 cubinam
262 3562 288 3609 et
303 3555 429 3611 ancillam
445 3571 506 3611 crim
534 3555 656 3626 periculo
682 3557 835 3611 animarum
864 3573 912 3613 ve·

120 3648 238 3697 strarnm
253 3643 440 3699 constituistis.
460 3645 594 3700 l‘raeterea
608 3643 690 3699 etiam
706 3645 832 3700 omnibus
843 3645 913 3701 ami-

119 3730 158 3786 cis
174 3731 280 3798 restris,
298 3732 369 3804 quod
385 3732 496 3788 evenire
512 3747 567 3788 non
589 3733 740 3802 credimus,
765 3735 914 3791 mendaces

117 3817 179 3876 facti
194 3820 269 3887 estis,
285 3828 419 3877 eteorum
451 3821 596 3878 inimicitas
623 3822 720 3879 merito
748 3822 912 3879 incurristis.

116 3908 177 3962 Nun
193 3917 234 3964 est
248 3910 328 3965 vobis
343 3911 503 3976 timendum,
519 3911 586 3983 quis
611 3911 714 3968 multos
742 3920 804 3984 post
827 3915 913 3968 Deum

117 2611 267 2671 Gaitlclmo
281 2617 372 2671 sancti
387 2616 525 2672 l'loreutii
536 2616 639 2682 abbati,
656 2619 684 2672 et
699 2615 848 2672 Gaillclmo
863 2633 911 2672 ar-

151 2701 315 2760 chidiacouo
326 2704 399 2774 (293)
408 2704 485 2774 fideli
494 2721 552 2771 suo,
565 2704 710 2776 dostridus
724 2705 910 2762 1111111111-

1239 3317 1415 3374 EPISTOLA
1435 3318 1487 3373 xl.

968 3432 1111 3506 Golfridas
1129 3434 1514 3491 l'indocinensis‘monaslerii
1528 3434 1648 3490 humilis
1658 3449 1766 3500 seruas,

1001 3523 1103 3580 dilecto
1118 3523 1148 3579 iu
1158 3523 1267 3580 Clndsto
1276 3520 1660 3595 confratriArcltcmbalduS.
1670 3521 1768 3578 Albini

1003 3612 1106 3676 abbati,
1119 3616 1236 3685 peccata
1248 3613 1475 3684 delinquentium
1490 3625 1548 3667 non
1567 3610 1765 3677 dissimulare,

1003 3702 1049 3757 sed
1059 3718 1127 3759 mon
1137 3705 1169 3757 ut
1184 3702 1253 3757 oriri
1268 3701 1403 3775 ceperint
1417 3700 1556 3758 radicitus
1567 3703 1727 3772 amputare.

1004 3818 1044 3873 De
1059 3826 1149 3874 vestro
1163 3817 1302 3875 loscelino
1316 3816 1767 3889 (1911111111111111116111111-

967 3906 1083 3978 psimns,
1100 3915 1127 3963 et
1141 3915 1168 3962 ul
1182 3908 1217 3964 de
1230 3907 1276 3963 illo
1300 3907 1471 3962 manifestam
1492 3905 1623 3974 justitiam
1654 3906 1711 3962 Deo
1739 3912 1768 3961 ct

116 3997 488 4068 bonosadjutoreslrabetis.
506 4000 580 4054 luter
609 4015 677 4070 quos
705 4015 748 4056 me
776 4009 802 4055 ot
831 4000 915 4056 obba·
967 3995 1055 4051 ordini
1071 4000 1164 4053 vestro
1178 3995 1309 4063 faceritis,
1323 3997 1369 4052 diu
1384 3994 1607 4060 auscultavimus,
1624 4002 1651 4050 et
1673 3994 1765 4051 adbuc

115 4093 168 4142 tem
184 4087 258 4157 (eut)
275 4088 302 4143 S.
320 4086 411 4161 Sergii
426 4088 557 4144 veraciter
572 4096 698 4160 reputare
719 4089 843 4160 potestis,
869 4091 914 4161 qni
968 4084 1154 4141 auscultamus
1169 4103 1176 4153 ;
1193 4094 1218 4141 et
1232 4085 1299 4141 nihil
1313 4099 1330 4141 a
1345 4084 1421 4140 robis
1434 4092 1524 4140 actum
1539 4098 1622 4154 super
1639 4083 1692 4139 boc
1716 4098 1765 4137 au·

115 4175 259 4231 mallemus
278 4176 332 4232 vivi
360 4176 506 4244 excoriari,
535 4192 615 4248 qrram
645 4177 708 4232 huic
735 4185 817 4233 tante
845 4192 915 4233 con·
968 4173 1027 4228 dire
1055 4175 1204 4245 potuimus.
1235 4174 1313 4231 Unde
1339 4173 1512 4228 manifestum
1540 4181 1581 4227 est
1617 4172 1682 4243 quia
1718 4175 1767 4227 aui

115 4264 277 4319 sentiremus
292 4265 498 4320 abominationi.
529 4265 645 4328 valele;
673 4274 701 4321 et
734 4266 915 4321 substantiam
967 4272 1159 4321 auresnostree
1173 4263 1351 4329 surdescunt,
1367 4271 1393 4318 et
1408 4262 1502 4317 audire
1517 4267 1767 4332 nonpossuut,aut

115 4352 294 4423 temporalem
310 4352 463 4409 nullatcnus
487 4354 522 4408 ob
550 4355 603 4408 hoc
630 4353 747 4409 timeatis
776 4355 911 4411 amittere.
967 4370 1064 4410 manus
1079 4362 1175 4408 restrae
1189 4359 1343 4418 contracte,
1358 4358 1385 4406 et
1400 4351 1436 4406 ad
1450 4349 1605 4407 exercenda
1630 4351 1691 4418 jnra
1706 4349 1767 4418 jus-

926 4430 954 4493 D

151 4529 225 4599 (aas)
241 4530 613 4591 Guillelmoarcltidiacouo.
631 4533 838 4606 denegaveras
856 4533 910 4588 Ec-

115 4598 214 4666 clasiae,
230 4603 274 4674 qui
290 4619 352 4658 cum
367 4603 507 4674 Stephano
521 4605 626 4661 decano
640 4605 765 4661 Rainaldi
786 4604 910 4661 electioni

115 4672 253 4742 praecipue
268 4674 454 4736 refrasabntur
469 4694 475 4729 :
492 4684 605 4748 uterque
618 4684 713 4745 postea
729 4675 818 4730 eidem
829 4675 910 4730 amici

116 4758 148 4798 ex
167 4742 349 4800 infestissimis
366 4744 439 4811 facti,
456 4763 508 4816 quc
524 4746 632 4800 nornine
648 4754 782 4809 taxautur,
800 4745 826 4798 in
848 4746 909 4815 epi-

115 4813 182 4869 stola
199 4816 321 4872 lter-bodi
334 4834 340 4870 :
353 4817 557 4891 rnultiplcxest
567 4817 772 4884 scarponensis
782 4817 908 4881 millitia,

114 4887 221 4942 multos
235 4888 390 4960 Stephanos
402 4887 606 4953 dubet,ntultos
627 4889 789 4944 Wittetmos.

151 4959 226 5025 sitit)
241 4960 411 5015 litaibutem
421 4962 448 5016 S.
460 4960 559 5032 Sergii.
586 4959 764 5024 lteruardum,
794 4961 829 5015 de
856 4960 908 5015 lrac

114 5026 244 5082 abbatum
259 5039 352 5085 contra
368 5030 528 5086 llaincldum
548 5030 760 5102 conspiratione,
786 5031 909 5086 lideber-

116 5104 158 5149 tus
172 5097 254 5164 epist.
277 5101 303 5152 ll
323 5100 356 5153 ad
373 5101 536 5157 Ruinafdum
551 5103 639 5172 ipsum
657 5103 729 5156 :Pro
740 5116 770 5156 eo
792 5103 908 5172 retipt'o·

116 5168 288 5235 sosarinus,
300 5173 439 5242 etintepri
449 5173 573 5229 cornicis
584 5187 716 5244 personas
727 5171 824 5227 audiri
833 5177 910 5228 stare

115 5238 263 5320 aduersam
272 5245 298 5295 11
308 5257 373 5296 curn
388 5243 488 5313 quitus
505 5247 581 5298 tento
591 5243 777 5315 periculosius
787 5248 830 5298 est
840 5259 909 5298 con·

116 5307 205 5380 preda,
220 5316 328 5382 quanto
339 5328 435 5367 corum
444 5319 523 5382 torua
538 5315 684 5377 sincerior,
700 5330 786 5369 sousa
790 5314 908 5384 justior,

116 5381 239 5450 dignitus
254 5384 357 5452 rnujor.
378 5383 450 5437 luter
465 5384 515 5438 lios
529 5393 586 5438 erat
599 5384 763 5439 etBencrius
774 5383 910 5440 bonaeval-

117 5451 151 5504 lis
164 5451 250 5506 abbas
265 5454 344 5523 epist.
364 5452 409 5506 16.

152 5524 226 5591 (196)
241 5523 440 5579 rlrclterubaldo
453 5523 480 5578 S.
495 5524 744 5581 Atalantiades
760 5541 813 5597 quo
828 5525 874 5580 lib.
889 5541 908 5590 1,

117 5592 197 5660 epist.
214 5599 229 5649 6
245 5594 408 5651 Chronicum
423 5595 454 5650 S.
475 5594 569 5648 Albini
587 5612 593 5648 :
611 5599 691 5652 luno
707 5597 852 5652 ficecclu
868 5597 912 5652 Gi·

116 5664 310 5722 sardusabbus
319 5668 346 5722 S.
355 5667 459 5731 Albini,
472 5665 559 5722 vldus
569 5668 687 5732 terraer,
719 5668 747 5722 ui
759 5669 910 5738 1111111111

114 5737 201 5799 curiis
216 5739 232 5794 9
245 5737 347 5796 Eodem
360 5754 435 5796 arina
455 5737 603 5795 ordinatus
626 5740 668 5794 est
688 5684 906 5796 irrisernlrutdas

963 4531 1056 4595 abbas,
1074 4546 1123 4586 vin
1141 4532 1202 4587 ldus
1214 4530 1350 4586 Februcr.

998 4603 1353 4684 (196)]1111111111111.
1387 4598 1572 4655 vetustissima
1602 4597 1765 4654 monasterii

965 4674 993 4729 S.
1009 4673 1099 4728 Albini
1114 4673 1255 4743 possessio
1269 4672 1352 4726 curtis
1368 4670 1497 4725 lluironis
1521 4669 1546 4724 in
1573 4685 1645 4743 pago
1674 4669 1765 4724 Picta-

964 4743 1059 4810 viensi,
1075 4759 1137 4800 cum
1153 4745 1212 4811 rins
1227 4751 1330 4812 partem
1346 4757 1362 4796 a
1377 4741 1472 4822 primis
1487 4741 1700 4813 ludegarornm
1711 4754 1764 4795 co-

964 4815 1072 4869 mitibus
1086 4822 1255 4885 usurpatam,
1271 4828 1287 4867 a
1301 4812 1425 4868 Golirido
1440 4812 1517 4883 grisa
1527 4812 1628 4877 tunica,
1641 4811 1765 4866 Widonc

963 4886 1044 4940 fratre
1060 4887 1185 4957 ejusdem
1201 4884 1322 4940 coenobii
1336 4883 1447 4947 abbate,
1466 4882 1617 4938 restitutam
1644 4881 1765 4952 antiquae

964 4957 1062 5012 tabulae
1078 4964 1218 5020 testentur,
1232 4954 1389 5027 indagaris
1403 4955 1472 5010 datie
1487 4969 1559 5009 auno
1576 4953 1684 5009 Darnini
1699 4956 1763 5008 (166.

963 5028 1083 5083 Letharii
1099 5028 1172 5097 regis
1187 5041 1236 5081 xv.
1253 5026 1382 5081 llaironis
1397 5025 1479 5079 etiarn
1493 5025 1600 5081 castelli
1613 5021 1643 5078 tit
1662 5024 1766 5079 mentio

963 5099 990 5153 in
1006 5098 1135 5154 chronico
1150 5099 1182 5154 S.
1200 5097 1300 5164 Albini,
1316 5097 1360 5152 ubi
1376 5096 1409 5151 de
1432 5095 1504 5151 bello
1519 5096 1577 5166 agit
1590 5095 1661 5149 inter
1676 5094 1765 5150 Ludo·

964 5170 1053 5225 vicum
1071 5168 1125 5234 Vll,
1143 5185 1238 5240 regern
1252 5174 1277 5222 et
1292 5168 1419 5223 comitem
1436 5165 1587 5222 Goffridum
1607 5182 1655 5221 en.
1677 5166 1761 5220 1161.

966 5242 1195 5297 donosleriolum
1207 5240 1377 5296 destruitur.
1391 5239 1531 5294 llaironus
1540 5238 1672 5309 pristinae
1684 5237 1767 5293 liber·

965 5312 1018 5367 tati
1030 5312 1206 5367 restituitur.
1223 5313 1282 5366 lica
1292 5314 1320 5365 et
1335 5326 1426 5366 comes
1441 5309 1642 5378 pacificantur.
1656 5308 1767 5378 611111-

964 5383 1016 5438 dus
1032 5397 1129 5438 comes
1143 5381 1219 5437 obiit.

1000 5454 1242 5525 (611101111111
1265 5452 1417 5510 tescelino.
1450 5449 1571 5521 Epistola
1597 5448 1767 5520 praeredenti

963 5523 1134 5580 tescelinum
1155 5531 1182 5581 el
1210 5523 1385 5578 Goscelinnm
1414 5522 1568 5594 promiscue
1595 5520 1765 5586 scribebant,

964 5604 994 5650 ut
1021 5593 1163 5652 tetfridum
1192 5603 1218 5651 et
1247 5592 1408 5660 Goffridum,
1446 5591 1523 5666 quod
1557 5598 1620 5648 ante
1654 5590 1793 5648 monui-·

964 5680 1039 5723 mus.
