3780 6038
57 246 106 302 'llll

524 244 815 303 oartontttONtas
833 244 886 302 SS.
907 242 1068 303 Paruum.
1082 275 1117 287 —
1136 245 1200 302 ΗΒ.
1221 245 1242 302 l.

1654 251 1708 307 le

58 371 174 443 accepit.
193 372 383 428 Verumtamen
396 370 489 427 omnia
504 386 565 442 quae
580 369 609 425 in
622 369 775 437 divinitate,
794 369 855 425 ideo
870 370 898 430 A
914 370 976 441 quia
991 371 1045 425 alia
1060 379 1142 427 esset.
1160 372 1238 427 Nune
1263 379 1355 429 autem
1382 381 1407 428 et
1436 373 1546 441 eadem,
1568 382 1595 431 et
1610 376 1706 433 eodem

57 460 133 515 solus
148 476 203 516 non
218 459 291 529 feeit,
315 462 380 533 quia
408 460 435 515 in
463 459 605 515 divinitate
628 459 703 514 solus
727 474 782 514 non
797 457 855 524 luit,

58 550 107 605 sed
124 549 196 604 idem
212 565 273 606 eum
289 550 350 620 ipso
374 549 448 614 lecit,
479 549 544 621 quia
560 563 621 605 cum
636 548 696 618 ipso
711 548 783 603 idem
797 546 855 601 luit.

95 646 123 701 Si
139 661 208 719 ergo
224 645 308 701 Filius
324 645 505 701 indivinitate
534 644 729 699 humanitatom
749 659 856 698 assum-

60 735 126 805 psit,
144 734 281 806 quomodo
297 733 324 788 in
335 735 431 789 eedem
446 733 588 788 divinitate
609 733 689 787 Peter
707 732 780 786 idem
795 747 857 787 eum

61 824 123 895 ipso
139 838 194 878 non
211 822 284 888 lecit,
312 823 358 895 qui
380 838 440 879 eum
463 823 523 893 ipso
543 822 616 878 idem
638 820 697 875 luit.
716 824 759 876 dn
776 821 856 885 lorte,

61 928 127 968 oum
139 912 238 967 dieitur
253 912 337 966 Filius
352 928 462 967 carnem
492 910 642 980 assumpsit
662 927 693 965 er
710 909 736 965 ui
751 910 858 964 relatio·

60 1003 172 1073 nisque
189 1000 352 1073 intelligitur
372 1000 435 1071 quia
449 999 501 1053 sibi
525 999 620 1065 univit,
642 999 713 1053 idem
728 998 763 1053 de
780 1000 857 1053 l'utre

63 1107 117 1146 non
134 1089 244 1156 dieitur,
260 1090 324 1161 quia
339 1090 362 1143 si
376 1089 447 1143 idem
468 1088 614 1151 diceretur,
635 1102 688 1141 nou
709 1087 792 1153 idem,
810 1087 858 1142 sed

59 1189 136 1244 eliud
151 1188 352 1260 intelligeretur
365 1188 379 1240 ‘l
394 1186 422 1241 Si
439 1185 510 1240 enim
526 1185 682 1241 diceretur:
701 1186 778 1240 l‘ater
792 1199 857 1240 oar-

58 1295 122 1333 nem
138 1276 295 1347 assumpsit,
311 1274 512 1346 intelligeretur
540 1274 664 1329 similiter
687 1274 762 1346 quod
782 1276 859 1328 Peter

60 1366 113 1421 sibi
133 1381 245 1422 earnem
261 1363 358 1430 univit,
375 1364 447 1436 quod
468 1365 525 1434 jam
547 1362 619 1418 idem
634 1378 688 1418 non
707 1368 794 1429 esset,
810 1361 859 1417 sed

61 1454 151 1510 aliud.
172 1452 251 1509 ttind
265 1452 365 1525 quippe
381 1459 464 1517 esset,
483 1451 507 1505 si
522 1452 593 1506 Patri
615 1466 680 1508 caro
696 1451 767 1506 uerita
782 1451 858 1506 dice-

63 1562 152 1618 retur,
167 1568 248 1624 quarn
265 1567 324 1607 oum
340 1550 409 1606 Filio
429 1551 504 1605 unita
528 1550 635 1618 dieitur,
658 1549 720 1621 quia
735 1549 805 1605 siout
819 1556 859 1604 est

60 1642 134 1697 alius
147 1642 175 1695 in
191 1642 409 1711 personal’ater,
424 1647 450 1693 et
464 1639 533 1693 alius
546 1638 637 1705 Filius,
653 1639 692 1695 sio
707 1637 781 1693 aliud
794 1636 860 1693 diei-

911 460 994 515 modo
1008 467 1148 531 operatur,
1164 468 1191 515 ut
1207 459 1277 515 nibil
1302 461 1336 517 sit
1357 469 1404 517 aut
1418 460 1502 529 aliud,
1525 471 1569 518 eut
1583 463 1664 520 aliter
1678 466 1705 519 in

911 547 1071 618 operatione
1086 547 1170 603 illius.
1191 547 1312 605 Ostende
1340 550 1407 606 mihi
1434 550 1537 623 aliquid
1552 552 1624 623 quod
1643 551 1710 608 feeit

912 636 1002 701 Pater,
1019 636 1043 690 si
1053 643 1141 691 temen
1158 637 1333 709 quarendum
1347 645 1389 694 est
1405 638 1468 711 quid
1484 638 1548 697 lacit
1563 641 1706 713 quitatum

912 730 983 787 lacit.
1000 733 1073 789 Pone
1087 742 1175 789 tamen
1192 737 1307 808 exempli
1332 753 1416 793 causa
1442 754 1525 794 unum
1552 739 1654 811 aliquid
1672 757 1705 795 ex

911 821 1038 876 omnibus
1067 838 1126 894 quae
1156 824 1219 880 lacit
1246 826 1335 881 Pater.
1369 827 1436 884 Deo
1464 827 1529 900 quie
1557 828 1639 884 Filius
1654 830 1708 886 hoo

911 910 1000 981 ipsum
1024 909 1098 967 lauit.
1121 913 1217 984 Neque
1243 913 1336 985 utique
1362 915 1414 972 boe
1434 916 1522 988 ipsum
1545 917 1608 974 dioo
1629 918 1708 989 quasi

912 999 1004 1054 simile
1019 999 1074 1066 ille,
1088 1000 1139 1056 sed
1154 1000 1226 1057 idem
1241 1001 1347 1073 ipsum.
1362 1002 1433 1059 Cum
1443 1005 1514 1061 enim
1527 1005 1589 1063 dieo
1606 1024 1612 1060 z
1629 1006 1705 1062 ldem

913 1094 983 1151 lucio
997 1096 1070 1168 qnod
1080 1104 1108 1151 tu
1121 1096 1197 1163 lacis,
1215 1097 1277 1170 quia
1292 1097 1362 1155 lorte
1379 1101 1488 1157 domurn
1503 1101 1620 1173 aediboo,
1636 1105 1707 1160 siout

912 1192 940 1238 tn
954 1184 1075 1240 aedillcas
1088 1184 1209 1253 domum,
1226 1195 1253 1242 et
1267 1204 1327 1242 oum
1339 1186 1392 1243 alia
1408 1189 1443 1244 sit
1455 1191 1553 1246 domus
1567 1199 1612 1247 tua
1623 1208 1705 1265 quam

913 1281 940 1327 tu
955 1272 1086 1339 aedilleas,
1103 1290 1183 1347 quarn
1199 1274 1244 1330 illa
1257 1275 1356 1331 domus
1383 1293 1445 1332 mea
1474 1295 1555 1348 quam
1570 1295 1623 1354 ego
1640 1281 1706 1337 adi-

913 1359 972 1427 lleo,
990 1370 1080 1418 tamen
1110 1362 1183 1418 idem
1210 1380 1253 1419 me
1277 1363 1366 1422 faeere
1395 1365 1456 1423 dieo
1482 1368 1555 1439 quod
1578 1373 1606 1424 lu
1628 1369 1705 1438 lenis,

913 1457 1041 1527 quoniam
1056 1458 1084 1514 id
1098 1459 1171 1530 quod
1195 1459 1265 1516 laeio
1293 1476 1355 1531 eqo,
1384 1462 1535 1519 seeundum
1555 1464 1657 1537 aliquid
1671 1466 1708 1521 si-

912 1545 976 1601 mile
990 1556 1031 1601 est
1046 1546 1084 1600 illi
1101 1548 1174 1619 quod
1199 1557 1225 1603 tu
1249 1547 1325 1617 lacis,
1355 1566 1408 1606 non
1436 1550 1476 1607 sie
1499 1552 1624 1625 intelligo
1646 1570 1708 1610 ouen

912 1635 974 1691 dico
990 1634 1054 1707 quia
1069 1636 1152 1691 Filius
1168 1636 1220 1693 boo
1235 1637 1323 1708 ipsum
1335 1638 1399 1696 laoit
1410 1639 1483 1711 quod
1493 1639 1573 1696 Pater
1585 1640 1658 1698 lacit.
1676 1640 1708 1698 Si

63 1739 118 1798 tur,
134 1746 197 1785 oum
212 1727 299 1783 Filius
323 1728 479 1783 incarnatus
502 1727 611 1794 dieitur,
627 1743 706 1799 quem
725 1726 859 1783 dicoretur
874 1724 901 1783 B
915 1731 1004 1779 autem
1016 1740 1068 1796 ego
1080 1725 1191 1781 domum
1201 1725 1377 1794 mdiliearem,
1389 1735 1415 1783 et
1423 1735 1450 1783 tu
1466 1728 1589 1786 eamdem
1601 1746 1709 1788 mecum

61 1829 84 1884 si
101 1830 182 1884 Peter
209 1827 369 1883 incarnatus
394 1824 734 1895 dioe1·etur.Nunoipitur
759 1840 859 1880 eonse-
914 1821 1062 1878 aedilicares
1077 1821 1197 1889 domum,
1227 1823 1288 1880 dieo
1315 1825 1388 1896 quod
1416 1825 1488 1881 idem
1516 1826 1711 1901 lacerasquod

62 1933 153 1988 quens
169 1924 222 1980 est,
238 1915 260 1970 si
277 1915 361 1970 Filius
376 1930 490 1970 earnem
506 1913 662 1985 assumpsit,
683 1912 786 1969 ideireo
801 1929 861 1970 cer·
915 1925 980 1983 ego.
1014 1911 1103 1966 Etiam
1132 1912 1223 1968 verius
1257 1929 1353 1982 unum,
1387 1915 1448 1985 quia
1473 1914 1591 1987 idipsum
1605 1926 1632 1973 et
1656 1934 1710 1975 nou

64 2023 129 2062 nem
145 2004 328 2077 assumpsisse
344 2012 370 2060 et
390 2005 510 2069 Patrem,
535 2003 605 2058 siout
621 2018 793 2073 consequens
808 2019 863 2058 non
915 1997 1009 2069 aliud;
1026 2015 1076 2056 nee
1087 2007 1178 2056 tamen
1193 2017 1258 2057 vere
1273 2000 1363 2059 adbuo
1386 2020 1469 2058 unum
1485 2003 1546 2077 quia
1562 2013 1590 2061 tu
1604 2014 1711 2077 partera

61 2106 114 2157 est.
134 2096 156 2150 si
174 2095 258 2150 Filius
273 2094 324 2147 sibi
340 2109 449 2148 carnem
464 2092 559 2161 univit,
574 2108 682 2147 carnem
703 2092 755 2146 sibi
770 2092 863 2148 unisse
917 2112 1010 2165 unam,
1026 2104 1053 2154 et
1067 2114 1133 2172 ergo
1148 2099 1276 2167 alterem;
1293 2107 1320 2154 tu
1335 2099 1521 2157 instrumentis
1540 2103 1604 2171 tuis,
1619 2112 1647 2160 et
1659 2121 1713 2179 ego

62 2194 89 2241 el
104 2186 228 2240 Palteffl·
250 2184 428 2254 Consequens
444 2188 535 2236 wilm
566 2189 616 2249 0⁸2⁵
643 2181 707 2253 <luia
731 2181 753 2236 ⁸³
777 2180 866 2237 Filius
916 2203 994 2258 meis.
1012 2205 1137 2278 Denique
1151 2214 1179 2261 tu
1196 2205 1299 2264 viribus
1311 2206 1374 2275 tuis,
1390 2222 1443 2281 eqo
1451 2208 1538 2265 meis:
1555 2211 1642 2281 etjam
1657 2226 1714 2268 non

62 2283 117 2339 Slbl
132 2298 246 2339 carnem
262 2281 359 2346 univit,
376 2280 502 2335 eamdem
527 2294 639 2335 081Ἢοῐῦ
655 2279 706 2350 lPSl
720 2278 788 2335 FlllO
801 2278 864 2334 ttni·
916 2309 983 2349 pepe
997 2310 1091 2359 unum,
1108 2293 1157 2350 spd
1171 2294 1200 2350 jn
1214 2295 1268 2351 2110
1279 2302 1364 2367 elpes
1378 2297 1442 2352 alja,
1455 2298 1584 2370 quuid
1594 2299 1637 2357 gio
1651 2300 1715 2358 (1100

63 2372 141 2427 visse
155 2379 182 2425 et
199 2372 322 2434 Patrem,
347 2368 411 2439 quia
435 2368 500 2423 dum
515 2383 566 2422 nna
589 2366 730 2439 utriusque
743 2367 865 2439 operatio
918 2397 979 2437 cum
993 2382 1072 2446 diem
1088 2383 1153 2456 quiq
1168 2383 1251 2440 {tilius
1276 2385 1328 2440 1100
1356 2384 1447 2455 ipsum
1471 2385 1534 2443 sapit
1547 2388 1622 2460 quod
1637 2389 1716 2445 pater

68 2468 232 2533 ostenditur,
249 2483 300 2523 nee
316 2466 400 2520 Filius
410 2464 469 2520 sine
485 2466 577 2531 l'atre,
594 2480 647 2520 nee
658 2466 737 2521 Pater
751 2465 809 2521 sine
824 2464 866 2520 Fi·
920 2470 1005 2527 laeit‘t
1019 2472 1093 2543 Ergo
1107 2472 1159 2526 alia
1173 2480 1215 2528 est
1238 2488 1339 2528 manus
1356 2473 1426 2541 Filii,
1441 2480 1469 2530 et
1482 2475 1535 2531 alia
1554 2484 1596 2532 est
1611 2477 1714 2547 Petris,

66 2559 104 2616 lio
120 2564 248 2629 operatus
263 2557 475 2612 demonstretur.
492 2554 521 2608 Si
535 2559 622 2608 autem
639 2554 718 2609 taur
739 2553 790 2609 sibi
805 2569 867 2610 car·
920 2568 994 2623 struo
1010 2569 1150 2625 oracutum
1166 2569 1237 2634 riter,
1252 2577 1280 2626 ee
1294 2569 1367 2625 attur
1381 2571 1527 2628 tarentum
1542 2573 1646 2639 ratem
1663 2574 1717 2631 etta

66 2646 336 2713 nemissduissstleel
361 2643 444 2699 filius
468 2643 531 2709 sibi,
557 2642 865 2710 ¹¹⁰⁰h⁰⁰il¹0m0⁵⁵0²2
920 2664 1092 2730 virtusFilii,
1117 2666 1170 2722 alia
1200 2667 1288 2724 virtus
1316 2668 1414 2734 Patris,
1444 2671 1579 2742 cumipse
1593 2671 1676 2728 Filius
1690 2680 1718 2729 et

68 2744 121 2801 sed
135 2744 219 2809 aliud,
236 2740 456 2813 ttu⁰1tiflml¹1⁰⁰
480 2740 540 2810 ll)-lo
565 2754 620 2792 ”⁰¹¹
636 2737 732 2793 eadem
747 2736 866 2792 d0m0n‘
919 2776 1026 2827 manus,
1043 2763 1070 2816 el
1086 2760 1238 2828 brachium,
1254 2769 1281 2817 et
1295 2761 1381 2819 virtus
1395 2762 1430 2818 eit
1445 2764 1717 2822 l‘atrislSieutidem

67 2838 204 2889 slreretur
218 2831 352 2903 operatio,
370 2829 444 2901 quod
459 2844 512 2884 non
529 2827 562 2881 nd
578 2826 701 2881 eumdem
721 2831 867 2923 utrumque
921 2849 1146 2920 equ,10dh0m0
1161 2848 1328 2915 mammon,
1345 2858 1372 2906 eq
1386 2850 1460 2923 quod
1484 2867 1582 2908 manu,
1600 2853 1720 2912 bomini,

66 2924 141 2979 lacta
156 2923 319 2994 probaretur
334 2919 444 2974 relatio.
460 2919 538 2972 Nune
549 2924 639 2971 autem
654 2923 866 2984 assumptionem
920 2936 1002 3005 facin
1027 2945 1054 2993 ep
1082 2937 1154 3010 quod
1183 2938 1264 2995 homo
1291 2938 1406 2995 brachio
1432 2938 1505 3007 saep,
1521 2942 1718 3010 etquodbm,

67 3024 128 3077 site
152 3020 281 3076 unionem
312 3017 403 3073 carnis
431 3023 458 3071 θῑ
485 3016 564 3069 Pal&
591 3018 788 3084 ⁰ll⁰s⁸¹¹¹⁸e⁶¹r
804 3010 868 3080 ‘1¹¹ia
921 3034 1143 3091 chiumhominis
1159 3035 1282 3105 laoit;et
1309 3037 1381 3108 quod
1408 3037 1491 3094 bomo
1506 3039 1664 3097 fortitudine
1679 3042 1719 3098 la-

66 3126 151 3168 earne
181 3108 267 3163 induit
296 3106 407 3170 Filium,
437 3112 463 3159 el
490 3104 572 3158 Filius
592 3107 786 3172 oporatusest‚
803 3082 904 3171 quiuC
922 3125 966 3190 eit,
983 3132 1010 3180 et
1029 3123 1243 3196 quodlortitudo
1270 3126 1388 3181 bominis
1418 3126 1494 3184 leoit.
1527 3129 1573 3186 Sia
1587 3129 1659 3186 idem
1676 3138 1719 3187 est

66 3215 151 3256 carne
166 3196 251 3251 induit
266 3194 442 3259 semetipsum
456 3200 500 3255 ,et
510 3191 557 3246 luii
569 3207 620 3245 urta
630 3188 692 3244 unio
707 3196 734 3243 et
744 3186 864 3257 operatio

68 3304 133 3343 uua.
152 3288 298 3357 Propterea
325 3284 388 3337 unio
417 3296 481 3346 una,
508 3279 573 3351 quia
599 3278 672 3350 qood
694 3277 864 3341 unitumest,

67 3377 116 3434 uni
131 3376 239 3432 unitum
255 3382 313 3435 est;
329 3379 477 3444 propterea
490 3368 613 3440 operatio
628 3381 690 3431 una,
713 3367 779 3436 quia
793 3363 865 3434 quod

67 3476 169 3532 laetum
184 3479 226 3529 est
242 3473 268 3526 in
284 3487 339 3525 uno
358 3472 456 3525 laetum
473 3475 523 3523 est.
538 3467 606 3520 Tres
625 3463 822 3535 operabantur,
839 3468 865 3517 et

65 3582 124 3622 non
139 3564 210 3627 t1·ia;
227 3563 276 3617 sed
292 3576 374 3615 rrnrun
390 3557 583 3629 operabantur,
606 3562 633 3608 et
648 3553 720 3623 quod
743 3551 825 3607 tiebat
838 3560 865 3605 et

67 3665 150 3719 unius
165 3669 237 3727 erat,
254 3666 383 3731 quantum
398 3656 434 3708 ud
450 3653 526 3708 illum
541 3653 630 3708 solum
653 3650 754 3705 laetum
770 3657 821 3718 est,
838 3657 865 3705 et

66 3763 149 3817 trium
166 3767 233 3827 erat,
250 3763 380 3827 (quantum
396 3753 431 3807 ab
446 3752 499 3807 illis
514 3752 623 3806 laetum.

102 3877 214 3951 legitur
242 3874 270 3929 in
298 3872 368 3926 libro
396 3869 522 3925 ludieum
550 3867 611 3939 (pria
636 3866 732 3920 llanue
748 3879 862 3920 uxorem

67 3966 175 4039 aceepit
189 3964 245 4020 lilio
256 3978 305 4017 suo
317 3962 432 4016 Samson
445 3958 549 4027 tlutlie.
566 3957 635 4025 xiii),
651 3970 701 4010 neo
712 3963 801 4008 tamen
812 3952 863 4007 sibi

65 4072 183 4114 uxorem
211 4052 327 4123 aooepit,
344 4050 405 4121 qnia
421 4047 476 4102 tilio
496 4061 607 4102 uxorem
631 4044 746 4114 aceepit.
764 4044 797 4096 lit
810 4055 862 4112 po-

64 4152 183 4209 stulabat
199 4149 273 4203 filius
287 4155 402 4218 patrem,
415 4153 443 4198 ut
454 4142 505 4197 sibi
518 4158 635 4197 uxorem
647 4140 776 4211 accipiat,
786 4137 863 4211 quasi

63 4257 117 4315 per
131 4255 162 4295 se
175 4237 252 4294 solus
265 4237 316 4290 boe
331 4234 422 4290 lacere
437 4248 491 4287 non
509 4232 604 4302 possit,
620 4238 646 4285 et
661 4244 741 4285 nemo
760 4235 802 4282 est
817 4227 863 4298 qui

66 4344 274 4413 argumentetur
286 4343 313 4389 ut
324 4333 407 4389 dieat.
423 4332 451 4386 Si
464 4339 542 4403 pater
552 4330 607 4385 lilio
618 4342 733 4385 uxorem
746 4327 861 4399 aceepit,

65 4452 137 4511 ergo
150 4449 264 4491 uxorem
279 4432 385 4501 aceepit
400 4436 490 4500 pater,
506 4438 533 4482 et
550 4426 698 4483 contendat
717 4433 858 4481 uxoratum
875 4446 901 4506 D

66 4541 129 4583 esse
144 4532 259 4597 putrem,
272 4521 336 4593 quia
347 4518 401 4574 snio
416 4517 521 4587 accepit
540 4531 667 4571 uxorem.
688 4514 778 4584 Quare
792 4528 862 4585 ergo

66 4617 225 4672 incarnatus
240 4611 344 4666 dicatur
365 4623 427 4664 esse
454 4608 542 4671 Pater,
572 4605 636 4676 quia
660 4604 787 4659 Filiosuo
801 4619 863 4659 ear-

66 4728 131 4769 nem
159 4710 257 4775 unitit,
287 4709 357 4763 sieut
385 4706 443 4777 ipse
470 4704 554 4759 Filius
580 4703 736 4759 incarnatus
751 4701 859 4761 dieitur,

66 4803 133 4877 quia
147 4800 198 4855 sibi
214 4814 322 4854 earnem
343 4794 479 4866 copulavit
497 4796 511 4847 l
530 4793 638 4863 Sponsa
652 4792 762 4863 quippe,
780 4790 861 4845 Verbi

65 4915 134 4959 caro
149 4907 202 4965 est,
217 4905 245 4953 et
260 4893 409 4964 assumpsit
424 4892 496 4946 illem
522 4889 640 4945 Verbum
664 4887 726 4953 sibi,
744 4895 771 4941 et
786 4888 863 4942 Pater

66 4989 152 5047 Verbi
167 4986 291 5042 similiter
307 4982 397 5039 Verbo
425 4997 475 5036 suo
503 4978 588 5034 univit
615 4992 687 5042 earn,
716 4984 742 5030 et
757 4975 862 5046 operati

64 5095 128 5144 sunt
150 5086 206 5141 duo
232 5099 327 5150 unum,
358 5088 384 5135 et
413 5079 461 5134 luit
484 5078 511 5131 in
525 5091 579 5131 uno
600 5073 725 5145 operatio
746 5072 861 5127 duorum

63 5194 128 5233 una.
144 5175 293 5245 Propterea
305 5171 343 5227 ait
355 5186 361 5225 :
375 5194 386 5217 e
405 5167 580 5238 Quaecunque
592 5166 671 5219 l‘ater
681 5161 756 5226 lucit,
766 5162 825 5218 lineo
835 5171 862 5218 et

63 5276 150 5331 F'rlius
164 5271 291 5329 similiter
304 5268 380 5327 lecit.
397 5291 409 5316 r
426 5268 499 5333 Haeo,
515 5264 611 5336 inquit,
635 5270 662 5318 et
676 5260 759 5316 Filius
769 5260 860 5318 simill-

63 5374 106 5423 ter
119 5362 201 5421 lauit.
222 5382 233 5413 e
250 5358 322 5429 Quid
335 5367 377 5414 est
398 5380 409 5406 a
431 5355 521 5412 bae?
538 5378 548 5403 e
573 5354 634 5409 Non
653 5349 717 5405 alia.
734 5348 806 5420 Quid
821 5358 862 5406 eet

64 5480 76 5503 e
95 5452 221 5511 similiter
235 5450 249 5504 ‘t
266 5473 278 5497 ι
295 5448 358 5505 Non
372 5446 463 5504 aliter.
485 5445 546 5502 Non
561 5448 669 5514 poteret
685 5438 775 5495 unitas
796 5454 863 5511 ope·

61 5552 177 5612 rationis
188 5547 336 5623 perfectius
342 5541 537 5605 demonstrari.
548 5542 609 5597 Non
620 5539 684 5595 elie.
696 5538 759 5595 Non
766 5537 861 5594 aliter:

60 5650 160 5709 eadem
175 5657 203 5705 et
214 5647 311 5705 eodem
327 5644 423 5701 modo.
442 5642 471 5697 Si
485 5639 580 5697 eadem
590 5647 760 5713 operaretur,
771 5644 798 5695 et
808 5652 862 5693 oen

57 5748 164 5808 eodem
188 5744 272 5803 modo
298 5746 464 5817 operaretur.
494 5736 624 5811 Operatio
638 5750 694 5793 une
716 5749 773 5793 non
789 5742 864 5791 esset

918 3223 992 3294 quod
1007 3224 1089 3278 Pater
1103 3222 1174 3292 lacit,
1191 3232 1218 3279 et
1233 3225 1305 3296 quod
1335 3224 1417 3280 lilius
1445 3227 1523 3290 laeit;
1554 3228 1618 3299 qnia
1637 3244 1719 3284 omne

919 3312 993 3383 quod
1010 3313 1090 3367 l‘ater
1105 3312 1178 3377 laeit,
1202 3328 1252 3384 per
1275 3312 1374 3368 Filium
1397 3312 1472 3372 laoit.
1488 3314 1518 3371 Si
1532 3316 1650 3372 essentie
1664 3332 1720 3372 una

920 3419 971 3476 est,
983 3410 1006 3464 si
1022 3417 1118 3465 natura
1132 3425 1196 3476 una,
1213 3412 1236 3465 si
1248 3410 1378 3467 tortitudo
1393 3428 1456 3477 una,
1477 3414 1500 3468 si
1515 3414 1641 3471 voluntas
1652 3430 1717 3479 une,

919 3499 1055 3572 quomodo
1071 3515 1124 3554 non
1139 3507 1181 3554 est
1196 3515 1250 3555 una
1259 3500 1381 3571 operatio
1393 3503 1407 3554 ‘l
1421 3501 1496 3558 Dicis
1510 3505 1575 3575 quia
1589 3502 1719 3560 lraelaeit

920 3590 1011 3643 Pater.
1028 3590 1087 3660 Ego
1095 3588 1174 3646 dieo:
1191 3590 1250 3645 lloe
1257 3589 1345 3661 ipsum
1362 3590 1454 3658 Pater,
1464 3592 1516 3647 boe
1523 3591 1612 3663 ipsum
1623 3592 1717 3663 Filius,

920 3692 1004 3739 totum
1019 3687 1099 3740 Peter
1113 3694 1140 3740 et
1156 3692 1239 3741 totum
1263 3685 1356 3741 Filius.
1384 3688 1477 3758 ipsum
1505 3687 1596 3745 lacere
1620 3688 1715 3757 Patris,

920 3773 978 3828 Filii
993 3782 1046 3829 eet.
1065 3774 1128 3829 Noli
1144 3790 1261 3845 pensare
1289 3775 1366 3848 quasi
1390 3776 1458 3832 duas
1482 3777 1614 3844 actiones,
1631 3793 1717 3834 unam

918 3883 1060 3951 majorem,
1078 3896 1159 3936 unam
1175 3881 1327 3951 minorem
1344 3890 1389 3938 aut
1404 3882 1472 3939 torte
1500 3883 1600 3939 similis
1613 3886 1716 3956 ponda·

919 3981 955 4034 ris
969 3979 1088 4051 aequales
1103 3978 1185 4046 duas;
1201 3979 1289 4034 unitas
1305 3979 1359 4035 sibi
1375 3987 1425 4047 est,
1442 3979 1511 4034 nibil
1532 3980 1714 4053 multiplices:

919 4094 970 4134 une
987 4086 1027 4133 est
1039 4077 1110 4134 aetio
1125 4079 1239 4133 duarum
1254 4077 1282 4133 in
1297 4091 1360 4147 uno,
1383 4077 1474 4144 trium,
1489 4078 1560 4135 aetio
1575 4094 1639 4146 nna,
1657 4080 1715 4136 sio·

918 4188 946 4234 ut
960 4179 1048 4235 deitas
1063 4194 1136 4247 nna,
1153 4187 1177 4234 et
1192 4179 1219 4233 in
1232 4194 1286 4234 una
1296 4178 1402 4235 actione
1413 4186 1478 4247 tres,
1492 4195 1550 4235 non
1562 4188 1618 4236 tres
1630 4195 1714 4254 egen·

918 4283 958 4331 tes
972 4282 1047 4341 sunt,
1064 4274 1112 4330 sed
1125 4291 1196 4329 unns
1210 4290 1307 4347 agens,
1324 4274 1394 4331 sieut
1418 4274 1445 4331 in
1459 4275 1561 4334 deitate
1574 4293 1628 4333 una
1643 4284 1709 4346 tres,

918 4388 972 4428 noo
987 4381 1043 4428 tres
1057 4372 1095 4427 dii
1109 4380 1181 4438 suut,
1197 4372 1244 4427 sed
1260 4389 1341 4429 unus.
1355 4372 1449 4442 Pater,
1464 4383 1491 4430 et
1502 4374 1595 4442 Filius,
1612 4379 1638 4432 el
1649 4375 1713 4451 Spi-

918 4471 987 4526 ritus
1001 4478 1120 4537 sanetus,
1147 4479 1202 4527 tres
1226 4487 1352 4543 persona
1375 4481 1447 4541 sunt,
1465 4474 1514 4530 sed
1530 4483 1585 4532 tres
1600 4474 1638 4532 dii
1658 4492 1714 4533 noa

916 4575 989 4637 sunt,
1005 4583 1057 4624 nee
1072 4576 1128 4623 tres
1143 4575 1292 4635 oreatorea,
1309 4585 1360 4626 neo
1384 4578 1441 4626 tres
1464 4569 1594 4639 faetores,
1607 4572 1669 4645 quia
1683 4573 1712 4630 in

917 4666 1037 4738 eoquod
1053 4682 1135 4722 unum
1151 4674 1223 4735 sunt,
1239 4666 1324 4723 dividi
1339 4683 1394 4723 non
1416 4677 1544 4739 possunt.
1565 4669 1712 4738 Quarum-

916 4781 969 4836 que
983 4780 1050 4837 ergo
1066 4766 1150 4820 Peter
1164 4763 1236 4830 laeit,
1261 4766 1320 4821 bare
1335 4773 1362 4821 et
1380 4766 1464 4822 Filius
1478 4764 1539 4824 lacit
1561 4768 1654 4835 (loon.
1669 4772 1709 4842 r),

915 4861 1055 4931 Similiter,
1070 4861 1139 4935 quid
1152 4862 1240 4934 magis
1254 4862 1342 4918 simile
1370 4878 1432 4919 esse
1445 4871 1534 4934 potest
1552 4879 1635 4936 quarn
1648 4865 1712 4922 uui·

915 4967 956 5013 tas
970 4959 984 5013 l
998 4957 1142 5026 Quomodo
1157 4958 1244 5014 dividi
1263 4967 1351 5030 potest
1373 4959 1446 5031 quod
1462 4958 1637 5031 multiplioari
1656 4977 1710 5018 non

915 5059 1014 5123 potest,
1028 5061 1074 5107 aut
1087 5051 1253 5124 quomodoa
1267 5070 1297 5109 se
1308 5052 1437 5109 recedere
1447 5060 1535 5124 potest
1545 5054 1617 5126 quod
1627 5071 1710 5113 unum

915 5152 980 5206 est‘t
994 5152 1035 5207 Ne
1050 5166 1118 5223 ergo
1133 5150 1253 5217 mireris,
1269 5151 1292 5206 si
1307 5150 1520 5223 assumptionem
1547 5153 1636 5209 earnis
1651 5172 1712 5228 quae

915 5240 950 5294 ed
965 5240 1054 5295 solum
1073 5239 1168 5295 Filium
1179 5239 1306 5308 retertur,
1323 5255 1377 5296 non
1394 5239 1469 5297 selue
1483 5240 1569 5297 Filius
1583 5253 1712 5316 operatus

915 5350 967 5410 est,
983 5342 1033 5399 sed
1046 5358 1108 5398 eum
1123 5341 1191 5399 Filio
1206 5342 1290 5399 Pater
1303 5341 1386 5399 etiarn
1407 5350 1433 5399 et
1447 5342 1568 5416 Spiritus
1582 5354 1706 5405 sanetus.

914 5440 1010 5512 Neque
1023 5437 1127 5496 ideireo
1141 5445 1196 5495 tres
1210 5439 1368 5498 incarnatos
1381 5438 1492 5508 dixeris,
1504 5440 1569 5515 quie
1580 5442 1711 5503 inearna·

915 5536 1016 5595 tionem
1030 5536 1112 5594 unius
1126 5545 1180 5593 tres
1195 5537 1301 5606 operati
1310 5546 1384 5606 eunt,
1401 5537 1464 5612 quie
1476 5538 1594 5597 Trinitas
1608 5549 1713 5601 natura

916 5636 1126 5707 inseparebilem
1151 5635 1213 5694 lacit
1227 5634 1427 5709 operationem,
1439 5644 1468 5693 et
1482 5638 1634 5711 proprietas
1649 5656 1713 5712 per·

916 5749 992 5793 sonae
1005 5732 1174 5809 singularem
1188 5732 1415 5809 assumptionem.
