3780 6044
92 255 150 314 285

450 251 576 308 Tnact.
596 250 642 305 DE
655 246 822 304 otttttn'at.
845 247 958 303 uetsc.
974 249 1020 304 ET
1036 250 1082 305 DE
1099 247 1269 305 lNVESTlT.
1286 248 1376 307 tate.

1695 248 1746 303 286

94 380 220 440 notitiam
235 379 412 439 scandalizati
428 386 576 453 negarent.
596 378 730 435 Fecemnt
740 377 792 432 boc
810 375 897 433 sancti
911 376 938 437 Α
954 377 1186 433 consecrationem
1201 375 1294 433 babet.
1312 375 1388 432 illum
1404 375 1537 449 siquidem
1553 373 1629 446 prius
1643 378 1750 445 oportet

95 472 215 545 apostoli
227 470 402 529 misericordi
413 479 439 527 et
454 470 499 540 pia
513 468 713 540 compassione,
739 483 793 522 non
810 466 896 521 simu·

95 558 199 613 latione
212 556 304 612 lallaei
317 572 323 611 ε
340 554 465 626 quamvis
479 554 568 625 legem
580 562 641 624 post
650 551 832 624 Evangelium
842 566 896 605 noa

96 662 160 701 esse
174 661 278 701 servan
288 645 350 699 dam
366 642 476 698 minime
491 643 656 698 dubitarent.
673 644 723 700 Ubi
735 640 898 696 beatissimae

96 737 161 791 vitre
176 734 229 789 viri
257 733 447 804 intelliguntur
461 747 514 786 non
540 740 724 788 commutasse
743 728 895 795 consilium,

95 823 147 880 sed
162 825 198 879 ed
225 824 322 880 boram
347 838 396 893 pro
425 820 540 876 aliorum
568 819 657 876 salute
681 836 739 875 saca
765 817 899 875 doctrinae

95 920 271 977 sententiam.
282 921 352 976 Nam
367 934 450 990 super
472 918 524 975 boc
539 917 612 991 quod
640 916 693 989 ipsi
708 926 735 973 ει
757 917 803 972 alii
818 915 898 972 aliter

94 1008 229 1077 lecerunt,
245 1019 273 1065 et
287 1025 318 1064 se
332 1017 359 1064 ct
369 1008 439 1063 alios
454 1017 550 1079 postea
570 1012 762 1063 correxerunt.
783 1007 898 1060 Possunt

95 1098 180 1154 etiam
195 1106 223 1153 et
240 1097 343 1154 debent
353 1097 413 1153 lieri
428 1096 659 1167 dispensationes,
684 1095 786 1168 quibus
801 1094 897 1151 Eccle-

96 1185 897 1254 siarum,etmonasteriorumconsuetudinesimmutentur3

96 1276 148 1331 sed
163 1276 209 1331 ubi
236 1275 409 1348 postponitur
439 1275 531 1330 minus
557 1274 668 1344 bonam,
698 1282 727 1328 ut
754 1273 827 1345 quod
857 1280 899 1328 est

95 1363 195 1420 melius
205 1365 380 1419 instituatur.
400 1366 429 1419 ln
445 1363 521 1419 nullo
533 1370 625 1418 autem
636 1363 737 1418 malam
749 1361 808 1417 tieri
816 1360 899 1418 debet

95 1453 142 1508 vel
184 1452 316 1524 permitti,
358 1452 410 1506 nisi
443 1467 476 1507 ea
510 1460 615 1508 tantum
659 1451 822 1507 necessitate
851 1448 898 1505 ubi

95 1542 207 1597 timetur
233 1558 267 1597 ne
294 1541 465 1613 periclitetur
484 1540 563 1605 sales,
580 1549 607 1596 et
622 1540 688 1596 illud
718 1538 898 1612 postmodum

96 1638 265 1709 corrigatur.
283 1639 354 1695 Nam
370 1638 415 1711 qui
431 1637 628 1705 malefaciunt,
645 1646 673 1694 ut
691 1638 801 1695 veniant
815 1638 896 1707 bona,

951 465 1230 532 consecrari,deinde
1255 481 1322 520 vero
1348 472 1478 535 tanquam
1508 480 1602 535 regem
1617 461 1749 519 Ecclesiae

951 555 1040 611 sacris
1054 555 1208 625 insignibus
1223 555 1360 611 decorari.
1394 555 1497 627 Siquis
1524 562 1614 608 certem
1638 551 1748 607 cuilibet

952 645 1076 701 saeculari
1090 644 1217 715 potestati
1231 643 1283 698 iste
1307 644 1390 700 licere
1417 651 1506 714 putat,
1523 649 1616 708 errat;
1638 639 1708 713 quod
1725 639 1748 694 si

951 734 1100 790 defendere
1112 732 1213 800 nititur,
1239 733 1424 804 apostolorum
1445 729 1599 788 doctrinam
1615 738 1641 785 et
1661 727 1749 784 sancti

952 823 1067 895 Spiritus
1077 837 1189 877 sensum
1203 821 1343 876 adnullare
1357 821 1508 877 desiderat.
1529 820 1588 878 Und
1600 818 1746 874 haretieus

952 938 1014 978 esse
1028 920 1183 976 nullatenus
1199 918 1350 974 dubitatur.
1372 919 1538 974 investitura
1553 919 1643 989 itaque
1659 915 1747 971 laico·

952 1027 1022 1076 rum,
1039 1026 1099 1081 quae
1111 1007 1140 1062 itt
1154 1024 1204 1079 per
1219 1009 1321 1080 virgam
1337 1016 1364 1062 et
1374 1007 1516 1071 annulum,
1527 1006 1623 1061 merito
1633 1003 1748 1060 haeresis

952 1099 1112 1171 appellatur.
1127 1099 1196 1153 Nam
1212 1097 1281 1154 sicut
1296 1112 1313 1151 ε
1327 1097 1437 1153 Simone
1461 1096 1618 1151 Simoniaca
1634 1092 1745 1148 haeresis

952 1190 1060 1256 dicitur,
1077 1187 1160 1242 itaab
1174 1202 1206 1241 eo
1221 1187 1268 1258 qui
1279 1185 1398 1252 investit,
1415 1193 1441 1241 ct
1456 1185 1490 1239 ab
1505 1184 1552 1239 illo
1567 1183 1613 1256 qui
1634 1181 1747 1237 iuvesti-

952 1286 1003 1345 tur,
1020 1276 1148 1349 quoniam
1164 1283 1280 1347 uterque
1293 1275 1320 1329 in
1335 1274 1380 1329 illa
1395 1289 1445 1329 sue
1474 1274 1589 1339 actione,
1607 1271 1749 1343 exagitare

952 1375 1042 1431 claves
1057 1373 1197 1440 Ecclesiae,
1213 1382 1240 1428 et
1253 1373 1312 1442 ejus
1326 1373 1434 1428 unicum
1445 1387 1479 1426 ao
1495 1370 1635 1443 singulare
1649 1368 1747 1423 ostium

952 1464 1055 1520 violare
1070 1473 1192 1531 conatur,
1206 1470 1283 1518 recto
1293 1462 1401 1517 nomine
1417 1460 1528 1516 haeresis
1542 1459 1576 1514 de
1591 1456 1750 1513 investitura

952 1560 1074 1610 vocatur.
1092 1553 1160 1607 Haec
1183 1559 1317 1622 praeterea
1344 1549 1458 1604 haeresis
1472 1549 1512 1621 jde
1540 1546 1708 1611 investitura,
1725 1545 1750 1600 si

953 1650 1027 1698 recte
1042 1641 1233 1713 perspiciatur,
1250 1640 1332 1695 etium
1354 1638 1467 1695 haeresis
1490 1635 1647 1693 Simoninca
1675 1648 1747 1699 esse,

93 1727 303 1796 h⁰fflfflju⁵¹⁸m
318 1744 380 1783 &⁵⁵¹³
409 1727 615 1784 d⁸ffl¹¹³ll0⁰0ffl
631 1726 733 1783 Paulus
755 1727 897 1799 ⁸P⁰S¹⁰lt¹³
917 1735 941 1795 Β
955 1738 1018 1795 νινε
1033 1746 1059 1793 et
1069 1753 1137 1793 vera
1151 1736 1256 1792 ratione
1284 1735 1424 1807 probatur.
1439 1735 1510 1789 Nam
1526 1749 1587 1805 quae
1609 1728 1749 1787 saecularis

94 1822 276 1887 protestatur.
291 1815 319 1871 Si
334 1816 395 1888 quis
415 1832 482 1872 vero
498 1816 577 1872 aliter
598 1817 625 1870 in
640 1816 767 1873 Ecclesia
784 1816 898 1887 dispen-

95 1902 219 1960 sationes
233 1903 308 1969 laoit,
324 1904 423 1960 rationi
435 1905 515 1960 simul
528 1910 556 1960 et
571 1904 677 1961 veritati
693 1903 776 1981 425
793 1913 901 1962 contra·

94 1999 172 2069 dicit,
185 2016 235 2058 nec
245 2000 332 2057 solum
344 2001 483 2058 lucernam
501 2003 641 2059 ardentem
652 2004 791 2059 nonhabet
804 2018 900 2059 verum

94 2088 326 2146 etiammaliorum
336 2091 463 2147 ardentes
479 2093 643 2165 exstinguit.
655 2093 901 2148 Etidcononrecte

94 2177 197 2234 dicitur
221 2179 321 2235 Christi
334 2178 461 2248 sicarius,
479 2181 530 2237 sed
553 2182 607 2236 dux
636 2188 677 2236 est
692 2196 827 2237 caecorum
841 2181 900 2252 ipse

100 2282 205 2323 caecus.

132 2356 172 2410 De
186 2355 353 2411 investitura
387 2365 477 2413 autem
510 2357 653 2425 laicorum,
677 2358 701 2412 si
715 2358 777 2420 εειε
799 2374 901 2431 cogno·

94 2468 177 2509 scere
192 2453 311 2510 soluerit
333 2454 400 2526 quid
413 2454 546 2512 catholica
561 2464 588 2512 et
615 2455 764 2527 apostolica
778 2456 901 2513 Ecclesia

95 2542 226 2609 senserit,
246 2542 311 2615 qaid
326 2543 459 2612 docuerit,
491 2545 558 2616 quid
575 2544 737 2613 judicaverit
756 2553 783 2601 et
797 2546 901 2602 consti·

95 2631 189 2697 tuerit,
206 2630 280 2702 legat
294 2632 323 2688 iu
337 2631 426 2703 primo
441 2632 559 2704 capitulo
587 2633 659 2688 illius
684 2634 791 2690 concilii
813 2633 898 2707 (att),

95 2718 172 2791 quod
199 2728 323 2791 tompore
352 2720 480 2792 Gregorii
509 2722 618 2793 septimi
641 2738 719 2793 papae
744 2724 844 2778 lactum
859 2731 902 2778 est

95 2817 125 2864 et
139 2807 180 2863 ibi
194 2824 290 2865 omnes
319 2808 446 2877 clericos,
475 2810 522 2883 qui
552 2810 586 2868 de
602 2827 683 2866 manu
711 2810 771 2868 laici
787 2810 901 2868 investi·

93 2905 185 2952 turam
227 2897 387 2970 suscipiunt,
429 2899 574 2956 haereticos
615 2908 737 2966 vocatos,
780 2909 806 2955 et
838 2900 900 2956 ideo

93 2985 243 3041 damnatos
258 3001 320 3042 esse
343 2994 370 3042 ει
400 2988 651 3044 excommunicatos
666 2989 810 3044 invenerit.
826 2989 901 3045 Licet

95 3074 152 3129 alia
178 3075 291 3131 haeresis
320 3075 359 3131 de
382 3075 545 3131 investitura
573 3078 688 3144 dicatur,
718 3078 774 3133 alia
807 3079 899 3134 Simo·
915 3109 938 3170 (s

94 3163 176 3219 nisce
187 3177 194 3232 ;
207 3163 258 3218 ista
274 3181 334 3236 quae
355 3164 390 3220 de
413 3164 576 3221 investitura
590 3166 698 3233 dicitur,
728 3174 823 3222 contra
839 3184 901 3222 san-

95 3259 169 3308 ctem
181 3252 336 3309 Ecclesiam
350 3251 446 3308 lortius
457 3253 605 3322 jnculatur.
626 3255 781 3312 Simoniaca
801 3256 901 3312 etenim

95 3340 219 3413 pravitas
246 3340 385 3398 multoties
406 3340 434 3397 tit
462 3343 600 3410 latenter;
632 3345 744 3400 haeresis
772 3362 838 3402 vero
866 3345 901 3403 de

97 3425 261 3481 investitura
269 3425 492 3497 semperpablice
507 3428 606 3499 agitur.
619 3426 659 3482 lbi
675 3428 758 3484 etism
768 3430 795 3484 iu
806 3429 901 3501 primis

98 3522 191 3578 omnis
204 3521 408 3580 ecclesiasticus
424 3523 492 3580 ordo
508 3522 693 3592 confunditur,
723 3527 834 3597 quaudo
849 3526 902 3583 boc

99 3618 175 3690 quud
190 3618 334 3693 unicuique
349 3620 433 3677 asolo
451 3636 504 3676 suo
518 3630 709 3678 consecratore
734 3620 760 3676 in
776 3622 902 3678 Ecclesia

99 3722 162 3762 cum
178 3708 361 3776 orationibus,
375 3726 435 3781 quae
451 3709 487 3764 ibi
504 3710 680 3777 conveniunt,
697 3710 757 3767 dari
779 3710 871 3780 debet,
887 3727 902 3766 a

100 3804 227 3859 saeculari
268 3813 406 3877 potestate
433 3806 506 3878 prius
529 3808 673 3880 accipitur.
709 3807 790 3877 Quod
818 3808 903 3865 sancti

101 3900 221 3972 apostoli
227 3918 281 3959 non
290 3903 381 3959 solum
392 3904 600 3972 interdixerunt,
612 3922 705 3961 verum
716 3905 797 3961 etiem
807 3920 903 3961 omnes

100 3998 175 4068 illos,
192 3998 240 4071 εει
255 4015 304 4070 per
318 4001 482 4057 secularem
498 4009 657 4073 potestatem
668 4000 821 4057 Ecclesium
835 4000 904 4057 obti-

102 4104 177 4163 nent,
195 4097 330 4154 aCbristo
345 4099 398 4153 sibi
417 4100 517 4157 tradita
537 4108 669 4172 potestate
690 4101 899 4156 damnaverunt.

101 4185 140 4239 Et
166 4187 263 4242 merito
292 4187 407 4259 apostoli
426 4188 529 4257 judicio
558 4189 677 4262 Spiritus
718 4189 804 4244 sancti
833 4188 904 4244 hanc

103 4283 233 4338 baeresim
247 4284 274 4339 in
291 4284 351 4355 ipso
366 4286 497 4343 Ecclesia
512 4287 647 4360 principio
662 4288 792 4344 damnare
805 4287 903 4344 decre·

104 4380 214 4439 verunt,
231 4388 310 4444 quam
326 4374 409 4447 longo
424 4384 485 4447 post
509 4385 632 4448 tempore
652 4393 683 4432 ex
703 4385 780 4449 patre
796 4375 903 4432 diabolo

104 4472 274 4527 nascituram
289 4488 351 4530 esse
370 4475 571 4545 praeviderunt.
601 4478 668 4531 Cum
692 4477 777 4547 igitur
791 4475 862 4532 laico
877 4483 903 4531 et
918 4469 944 4528 D

103 4570 278 4641 investitura,
296 4579 323 4628 ει
337 4573 425 4628 omnis
435 4573 758 4645 etiamdisponendarum
768 4572 907 4631 Ecclesia-

104 4683 168 4721 rum
191 4667 234 4723 vel
264 4667 348 4744 426
364 4670 611 4727 ecclesiasticorum
637 4688 729 4727 rerum
754 4671 870 4729 facultas
890 4687 906 4727 a

105 4765 209 4836 Spiritu
224 4774 329 4833 sancto,
342 4768 387 4838 qui
411 4766 437 4821 in
460 4767 592 4839 apostolis
608 4768 780 4842 loquebatur,
808 4779 907 4844 negata

105 4856 142 4908 sit
155 4853 265 4926 penitus
294 4862 320 4910 et
346 4855 499 4919 interdicta,
524 4858 569 4928 qui
596 4856 816 4914 investiturama
836 4859 907 4916 laico

104 4944 229 5014 suscipit,
254 4958 309 4998 non
335 4943 390 5013 iana
420 4953 515 5000 contra
534 4947 673 5016 apostolos
702 4953 817 5015 tantum,
853 4949 907 5003 imo

104 5050 202 5096 contra
217 5041 360 5097 Dominum
389 5042 586 5112 apostolorum,
616 5044 688 5115 quod
719 5053 846 5101 sanctum
863 5051 905 5102 est

103 5140 221 5197 canibus
236 5140 358 5212 exponit.
371 5141 624 5208 investituraenim,
635 5144 670 5198 de
686 5159 740 5214 qua
758 5143 906 5216 loquimur,

105 5246 310 5295 sacramentum
326 5246 376 5305 εει,
391 5239 419 5294 id
434 5247 475 5294 εει
490 5255 597 5296 sacrum
612 5242 730 5314 signum,
753 5258 807 5314 quo
834 5244 909 5314 prin-

106 5326 323 5399 cepslicclesiae,
331 5327 476 5398 episcopus
484 5328 601 5395 scilicet,
610 5344 626 5383 a
636 5329 742 5385 caeteris
754 5330 908 5386 bominibus

106 5425 263 5482 secernitur
276 5424 380 5497 pariter
404 5433 486 5497 atque
514 5426 686 5499 dignoscitur
700 5436 727 5483 et
754 5446 808 5500 εεο
825 5445 909 5500 super

108 5513 294 5569 Christianum
313 5530 427 5587 gregem
458 5529 521 5570 cura
549 5516 697 5586 pastoralis
720 5517 743 5572 ci
773 5517 906 5571 tribuitur·

109 5601 909 5679 Hancinvestituramabillosolosusciperedebetaquoet

146 5764 223 5838 (ali)
236 5766 279 5825 Dc
292 5780 347 5839 quo
360 5772 388 5825 et
402 5780 496 5839 supra,
508 5765 589 5840 epist.
604 5766 649 5838 ll,
664 5766 715 5825 lib.
735 5784 780 5824 m.

955 1848 1075 1912 potestas
1090 1841 1142 1896 sibi
1153 1840 1292 1896 vindicare
1314 1838 1408 1893 nititur
1435 1836 1633 1901 investituram,
1656 1832 1708 1887 nisi
1721 1840 1750 1888 ut

954 1947 1004 2002 per
1026 1932 1079 1987 boc
1101 1933 1241 2001 pecliniam
1257 1935 1428 1999 extorqueat,
1452 1934 1498 1981 εει
1520 1925 1594 1996 quod
1609 1921 1693 1999 427
1708 1928 1751 1976 εει

954 2029 1076 2102 gravius,
1093 2028 1145 2083 sibi
1159 2027 1311 2083 inordinate
1326 2025 1476 2094 subjectam
1491 2022 1590 2078 efficiat
1612 2017 1751 2091 pontilicis

955 2118 1125 2190 personam?
1152 2117 1249 2172 Nullus
1264 2123 1305 2170 est
1326 2115 1417 2187 utique
1446 2112 1588 2177 laicorum,
1605 2106 1711 2164 etiamsi
1727 2105 1752 2163 ει

955 2208 1057 2272 liceret,
1074 2207 1120 2278 qui
1136 2214 1210 2261 tanta
1238 2203 1386 2259 intentione
1413 2200 1545 2257 annulum
1574 2198 1617 2254 vel
1643 2198 1750 2269 virgam

955 2297 1021 2353 darc
1037 2296 1185 2361 desideret,
1201 2294 1252 2349 nisi
1266 2310 1318 2366 per
1340 2293 1399 2348 haec
1412 2306 1472 2364 quae
1495 2297 1557 2345 sunt
1578 2290 1748 2344 sacramenta

954 2394 1095 2460 Ecclesia,
1111 2391 1305 2465 temporalibus
1319 2390 1403 2445 lucris
1427 2388 1555 2443 inhiaret.
1586 2383 1676 2440 Laicis
1686 2381 1749 2455 qui·

955 2484 1202 2539 demsacramentu
1222 2481 1257 2536 ab
1280 2478 1404 2536 Ecclesia
1432 2476 1571 2548 suscipere
1599 2474 1669 2538 licet,
1696 2486 1750 2527 non

956 2572 1085 2629 Ecclesia
1096 2571 1222 2643 quaelibet
1238 2576 1413 2625 sacramenta
1427 2567 1505 2622 dare.
1532 2565 1647 2635 Semper
1661 2561 1747 2617 laicus

955 2672 989 2726 de
1004 2669 1176 2735 investitura,
1193 2674 1221 2722 ut
1236 2666 1363 2733 diximus,
1378 2672 1424 2720 aut
1440 2662 1583 2736 pecuniam
1599 2660 1649 2716 sibi
1666 2658 1752 2715 vindi·

954 2767 1006 2826 cat,
1022 2765 1076 2825 aut,
1091 2756 1163 2828 quod
1173 2764 1215 2811 est
1230 2754 1357 2825 amplius,
1371 2752 1492 2824 episcopi
1507 2750 1549 2807 vel
1567 2748 1669 2805 abbatis
1688 2762 1751 2818 per-

955 2872 1061 2911 sonam.
1083 2856 1140 2910 llao
1154 2870 1208 2908 non
1218 2861 1272 2907 tam
1286 2853 1403 2906 humana
1418 2866 1499 2922 quam
1515 2847 1648 2905 diabolica
1669 2844 1752 2900 mali-

954 2944 1066 3018 gnitate,
1082 2943 1204 2999 Ecclesia
1220 2941 1385 2998 catholicam
1408 2938 1501 3005 fidem,
1532 2937 1697 3000 libertatem,
1722 2939 1750 2988 et

955 3045 1107 3101 castitatem
1123 3043 1232 3109 amittit,
1262 3043 1321 3098 sine
1349 3042 1448 3115 quibus
1476 3038 1550 3094 nulla
1565 3037 1667 3092 ratione
1685 3033 1752 3089 sub-

954 3135 1033 3191 sistit.
1049 3137 1124 3190 llanc
1138 3134 1239 3206 agitur,
1270 3147 1353 3205 quam
1381 3128 1612 3201 supradiximus,
1637 3123 1751 3180 investi-

955 3247 1044 3294 turam
1073 3238 1227 3310 quicunque
1265 3236 1316 3290 sub
1345 3234 1438 3305 specie
1466 3230 1584 3304 pastoris
1610 3227 1753 3297 suscipere

954 3335 1103 3408 presumit,
1120 3335 1149 3390 lit
1163 3333 1339 3407 paralyticus,
1356 3342 1382 3389 et
1394 3327 1748 3403 hereticsleprapollutus.

954 3441 1032 3496 lllum
1048 3455 1102 3495 non
1117 3447 1255 3511 pastorem
1271 3435 1430 3492 liducialiter
1458 3434 1530 3499 dico,
1541 3448 1593 3489 nec
1607 3431 1681 3486 illius
1698 3429 1752 3485 Pa·

956 3543 1038 3599 storis
1052 3542 1096 3615 qui
1112 3541 1233 3597 estimem
1254 3555 1331 3594 suam
1357 3537 1447 3610 posuit
1472 3552 1522 3607 pro
1549 3534 1646 3591 ovibus
1673 3531 1750 3598 suis,

956 3639 1096 3713 quoblibet
1108 3640 1271 3704 membrum,
1286 3637 1335 3692 sed
1349 3636 1403 3703 lur,
1420 3644 1445 3691 et
1461 3641 1553 3705 raptor
1563 3636 1590 3688 et
1603 3631 1683 3702 lupus
1698 3636 1751 3684 est.

955 3730 1024 3785 Nam
1040 3728 1074 3783 ad
1094 3729 1147 3784 lroc
1161 3727 1234 3782 venit
1249 3733 1278 3781 ut
1302 3725 1416 3791 iuretur,
1443 3730 1470 3780 ει
1497 3721 1585 3794 rapiat
1601 3724 1628 3774 et
1652 3724 1754 3773 mactet

956 3838 1049 3908 (loon,
1066 3851 1094 3901 x,
1110 3836 1169 3906 to).
1189 3834 1266 3889 lianc
1280 3840 1370 3888 autem
1385 3828 1576 3886 detestabilem
1585 3826 1752 3899 impietatem

956 3949 1012 3989 non
1028 3932 1114 3988 solum
1130 3932 1175 4004 εει
1190 3930 1302 3998 iaciunt,
1319 3930 1367 3987 sed
1382 3929 1428 4001 qui
1442 3925 1615 3984 consentiunt
1630 3924 1666 3990 ei,
1678 3923 1752 3979 dam·

956 4038 1012 4093 neti
1027 4046 1100 4093 suat.
1120 4037 1169 4092 llle
1180 4052 1245 4095 vero
1258 4034 1393 4092 consentit
1408 4033 1453 4105 qui
1469 4047 1531 4088 eam
1544 4038 1625 4095 tacet,
1638 4028 1684 4100 qni
1694 4043 1753 4083 eam

957 4154 1011 4192 raon
1035 4136 1158 4209 corrigit,
1184 4144 1209 4190 et
1237 4135 1284 4207 εει
1309 4135 1335 4190 ei
1358 4133 1448 4205 palam
1466 4146 1521 4187 non
1541 4126 1709 4192 contradicit,
1725 4132 1755 4182 ει

957 4250 1038 4289 nomo
1053 4235 1156 4306 estqui
1180 4232 1373 4289 contradicere
1393 4230 1486 4302 palam
1509 4244 1563 4285 noa
1587 4225 1694 4290 debeat,
1724 4231 1753 4279 et

958 4333 1055 4403 possit.
1074 4333 1145 4387 Nam
1160 4331 1183 4386 si
1192 4330 1298 4401 prelati
1309 4345 1364 4385 non
1378 4328 1462 4383 habet
1488 4326 1686 4387 auctoritatem,
1704 4322 1753 4376 ba·

958 4420 1003 4476 bet
1018 4429 1109 4475 tamen
1136 4418 1281 4475 Caristiani
1309 4434 1413 4474 vocem.
1444 4418 1478 4472 Et
1507 4415 1645 4485 Scriptura
1674 4410 1748 4477 dicit,

960 4519 1129 4574 etneminem
1139 4517 1238 4589 excipit
1249 4518 1424 4573 :lluledictus
1434 4517 1482 4587 εει
1488 4514 1615 4586 probibet
1629 4510 1757 4583 gladium

959 4634 1042 4674 suum
1052 4617 1226 4689 osurrpuine.
1239 4618 1307 4687 (lor.
1317 4629 1409 4676 xsvrrr,
1420 4614 1474 4678 lb),
1487 4613 1565 4666 idest
1576 4622 1755 4666 vocemsuam

960 4707 994 4760 ab
1010 4705 1195 4777 increpatione
1210 4705 1326 4774 peccati.
1355 4702 1424 4757 lllud
1439 4702 1521 4756 etiam
1547 4700 1647 4754 lactum
1663 4694 1758 4750 aremi-

961 4804 1041 4869 nerit,
1054 4802 1127 4875 quod
1139 4803 1217 4857 asina
1232 4802 1334 4858 fatuum
1352 4801 1514 4873 prophetam
1529 4797 1595 4853 olim
1607 4792 1757 4851 correxerit

961 4902 1055 4971 tll'unr.
1073 4916 1140 4966 xxrr,
1154 4901 1213 4964 28).
1232 4896 1310 4966 Quod
1326 4896 1445 4952 siluerit
1472 4896 1596 4955 vitiosus,
1624 4891 1668 4948 vel
1689 4906 1757 4962 quo·

960 5003 1025 5058 libet
1040 5002 1093 5059 alio
1104 5001 1219 5058 crimine
1233 4997 1341 5055 intentis
1358 4998 1452 5063 lactus,
1469 5014 1523 5053 non
1538 4996 1600 5052 ideo
1615 4993 1696 5049 silere
1712 4992 1759 5048 de·

962 5102 1016 5168 bet,
1032 5100 1160 5174 quoniam
1174 5099 1319 5170 uuicuique
1334 5097 1420 5173 428
1437 5095 1575 5168 peccatori
1586 5106 1759 5150 communem

961 5199 1094 5255 Ecclesiae
1109 5197 1201 5266 fidem,
1218 5213 1297 5269 quam
1312 5211 1389 5250 suam
1408 5209 1469 5250 esse
1483 5190 1580 5255 credit,
1597 5196 1623 5245 et
1642 5187 1757 5245 confite·

962 5297 1013 5353 tur,
1036 5287 1194 5350 detendere.
1224 5294 1251 5341 et
1279 5294 1373 5342 contra
1392 5285 1450 5354 ejus
1474 5280 1646 5338 adversarios
1669 5278 1757 5333 libere

962 5392 1086 5449 pugnare
1101 5375 1176 5431 licet.
1190 5376 1262 5431 Nam
1275 5374 1312 5430 illi
1328 5374 1391 5440 duo,
1409 5373 1495 5446 quiin
1510 5370 1638 5442 passione
1649 5366 1758 5424 Domini

962 5473 1083 5531 crucifixi
1099 5481 1162 5529 sunt
1176 5488 1237 5528 cum
1253 5488 1286 5528 eo
1300 5472 1411 5528 omnino
1439 5472 1555 5525 inlames
1571 5476 1668 5532 erant;
1693 5482 1757 5522 nam

963 5562 1065 5635 publici
1078 5563 1210 5628 latrones,
1240 5577 1356 5634 quorum
1385 5577 1457 5616 unus
1478 5575 1532 5614 non
1561 5562 1666 5614 tantam
1694 5557 1758 5629 quia

963 5659 1087 5725 credidit,
1104 5659 1152 5714 sed
1168 5658 1231 5730 qais
1246 5675 1303 5714 suae
1318 5657 1381 5714 fidei
1409 5657 1550 5712 veritatem
1573 5663 1668 5710 contra
1692 5654 1758 5707 alte·

962 5783 1024 5824 rum
1038 5765 1187 5826 defendere
1214 5763 1306 5838 coepit,
1331 5765 1432 5823 bonum
1446 5763 1515 5820 illud
1544 5769 1570 5818 et
1598 5756 1756 5817 delectabile
