<?xml version="1.0" encoding="UTF-8"?>
<!DOCTYPE html PUBLIC "-//W3C//DTD XHTML 1.0 Transitional//EN"
    "http://www.w3.org/TR/xhtml1/DTD/xhtml1-transitional.dtd">
<html xmlns="http://www.w3.org/1999/xhtml" xml:lang="en" lang="en">
 <head>
  <title>
</title>
<meta http-equiv="Content-Type" content="text/html;charset=utf-8" />
  <meta name='ocr-system' content='tesseract 3.04.00' />
  <meta name='ocr-capabilities' content='ocr_page ocr_carea ocr_par ocr_line ocrx_word'/>
</head>
<body>
  <div class='ocr_page' id='page_1' title='image "./patrologiaecurs60unkngoog_0297.png"; bbox 0 0 3780 6038; ppageno 0'>
   <div class='ocr_carea' id='block_1_1' title="bbox 182 210 234 270">
    <p class='ocr_par' dir='ltr' id='par_1_1' title="bbox 182 210 234 270">
     <span class='ocr_line' id='line_1_1' title="bbox 182 210 234 270; baseline 0 0"><span class='ocrx_word' id='word_1_1' title='bbox 182 210 234 270; x_wconf 79' lang='lat' dir='ltr'>att</span> 
     </span>
    </p>
   </div>
   <div class='ocr_carea' id='block_1_2' title="bbox 647 206 1368 266">
    <p class='ocr_par' dir='ltr' id='par_1_2' title="bbox 647 206 1368 266">
     <span class='ocr_line' id='line_1_2' title="bbox 647 206 1368 266; baseline 0.003 -2"><span class='ocrx_word' id='word_1_2' title='bbox 647 206 748 266; x_wconf 79' lang='lat' dir='ltr'>PliTiil</span> <span class='ocrx_word' id='word_1_3' title='bbox 766 207 941 266; x_wconf 76' lang='lat' dir='ltr'>ALPHONSI</span> <span class='ocrx_word' id='word_1_4' title='bbox 959 208 1010 264; x_wconf 74' lang='lat' dir='ltr'>lix</span> <span class='ocrx_word' id='word_1_5' title='bbox 1027 207 1148 264; x_wconf 75' lang='lat' dir='ltr'>JUDAEO</span> <span class='ocrx_word' id='word_1_6' title='bbox 1168 206 1368 266; x_wconf 78' lang='lat' dir='ltr'>ClililSTlslNl</span> 
     </span>
    </p>
   </div>
   <div class='ocr_carea' id='block_1_3' title="bbox 1780 212 1836 268">
    <p class='ocr_par' dir='ltr' id='par_1_3' title="bbox 1780 212 1836 268">
     <span class='ocr_line' id='line_1_3' title="bbox 1780 212 1836 268; baseline 0.036 -2"><span class='ocrx_word' id='word_1_7' title='bbox 1780 212 1836 268; x_wconf 78' lang='lat' dir='ltr'>att</span> 
     </span>
    </p>
   </div>
   <div class='ocr_carea' id='block_1_4' title="bbox 182 332 1837 431">
    <p class='ocr_par' dir='ltr' id='par_1_4' title="bbox 182 332 1837 431">
     <span class='ocr_line' id='line_1_4' title="bbox 182 332 1837 431; baseline -0.004 -11"><span class='ocrx_word' id='word_1_8' title='bbox 182 371 209 421; x_wconf 91' lang='lat' dir='ltr'>et</span> <span class='ocrx_word' id='word_1_9' title='bbox 222 379 238 419; x_wconf 87' lang='lat' dir='ltr'>a</span> <span class='ocrx_word' id='word_1_10' title='bbox 252 368 356 417; x_wconf 77' lang='lat' dir='ltr'>natura</span> <span class='ocrx_word' id='word_1_11' title='bbox 370 376 423 416; x_wconf 91' lang='lat' dir='ltr'>usu</span> <span class='ocrx_word' id='word_1_12' title='bbox 436 358 603 424; x_wconf 89' lang='lat' dir='ltr'>dissentit,et</span> <span class='ocrx_word' id='word_1_13' title='bbox 623 358 676 430; x_wconf 91' lang='lat' dir='ltr'>ipsi</span> <span class='ocrx_word' id='word_1_14' title='bbox 697 360 839 431; x_wconf 79' lang='lat' dir='ltr'>propbetae</span> <span class='ocrx_word' id='word_1_15' title='bbox 863 367 977 416; x_wconf 84' lang='lat' dir='ltr'>contra·</span> <span class='ocrx_word' id='word_1_16' title='bbox 992 335 1020 395; x_wconf 76' lang='grc' dir='ltr'>Α</span> <span class='ocrx_word' id='word_1_17' title='bbox 1034 332 1154 389; x_wconf 54' lang='lat' dir='ltr'>‘uinum</span> <span class='ocrx_word' id='word_1_18' title='bbox 1168 333 1322 400; x_wconf 49' lang='lat' dir='ltr'>mendi&amp;</span> <span class='ocrx_word' id='word_1_19' title='bbox 1339 349 1401 390; x_wconf 62' lang='lat'>⁰⁰¹⁸</span> <span class='ocrx_word' id='word_1_20' title='bbox 1415 333 1489 390; x_wconf 60' lang='lat' dir='ltr'>idm</span> <span class='ocrx_word' id='word_1_21' title='bbox 1502 333 1636 406; x_wconf 59' lang='lat' dir='ltr'>Pffli&#39;beu</span> <span class='ocrx_word' id='word_1_22' title='bbox 1649 350 1683 390; x_wconf 68' lang='lat'>²¹</span> <span class='ocrx_word' id='word_1_23' title='bbox 1699 333 1751 391; x_wconf 61' lang='grc' dir='ltr'><strong>Μ</strong></span> <span class='ocrx_word' id='word_1_24' title='bbox 1762 350 1837 406; x_wconf 52' lang='grc' dir='ltr'>ΡΜ·</span> 
     </span>
    </p>
   </div>
   <div class='ocr_carea' id='block_1_5' title="bbox 184 447 982 616">
    <p class='ocr_par' dir='ltr' id='par_1_5' title="bbox 184 447 982 616">
     <span class='ocr_line' id='line_1_5' title="bbox 184 447 980 521; baseline -0.008 -14"><span class='ocrx_word' id='word_1_25' title='bbox 184 452 310 507; x_wconf 86' lang='lat' dir='ltr'>rietatem</span> <span class='ocrx_word' id='word_1_26' title='bbox 343 447 453 521; x_wconf 77' lang='lat' dir='ltr'>ingerit,</span> <span class='ocrx_word' id='word_1_27' title='bbox 478 461 653 519; x_wconf 86' lang='lat' dir='ltr'>nequaquam</span> <span class='ocrx_word' id='word_1_28' title='bbox 690 448 838 504; x_wconf 90' lang='lat' dir='ltr'>secundum</span> <span class='ocrx_word' id='word_1_29' title='bbox 875 448 980 502; x_wconf 80' lang='lat' dir='ltr'>libitum</span> 
     </span>
     <span class='ocr_line' id='line_1_6' title="bbox 186 540 982 616; baseline -0.004 -16"><span class='ocrx_word' id='word_1_30' title='bbox 186 543 407 616; x_wconf 90' lang='lat' dir='ltr'>uniuscujusque</span> <span class='ocrx_word' id='word_1_31' title='bbox 422 541 457 596; x_wconf 89' lang='lat' dir='ltr'>ad</span> <span class='ocrx_word' id='word_1_32' title='bbox 472 557 581 597; x_wconf 89' lang='lat' dir='ltr'>sensum</span> <span class='ocrx_word' id='word_1_33' title='bbox 597 550 701 597; x_wconf 79' lang='lat' dir='ltr'>naturae</span> <span class='ocrx_word' id='word_1_34' title='bbox 715 540 883 598; x_wconf 87' lang='lat' dir='ltr'>contrarium</span> <span class='ocrx_word' id='word_1_35' title='bbox 898 541 982 597; x_wconf 88' lang='lat' dir='ltr'>debet</span> 
     </span>
    </p>
   </div>
   <div class='ocr_carea' id='block_1_6' title="bbox 184 637 981 987">
    <p class='ocr_par' dir='ltr' id='par_1_6' title="bbox 185 637 981 800">
     <span class='ocr_line' id='line_1_7' title="bbox 185 637 981 713; baseline -0.006 -15"><span class='ocrx_word' id='word_1_36' title='bbox 185 641 370 713; x_wconf 86' lang='lat' dir='ltr'>exponi,cum</span> <span class='ocrx_word' id='word_1_37' title='bbox 392 637 470 694; x_wconf 87' lang='lat' dir='ltr'>aliter</span> <span class='ocrx_word' id='word_1_38' title='bbox 491 653 560 693; x_wconf 92' lang='lat' dir='ltr'>sano</span> <span class='ocrx_word' id='word_1_39' title='bbox 581 654 663 694; x_wconf 87' lang='lat' dir='ltr'>sensu</span> <span class='ocrx_word' id='word_1_40' title='bbox 685 638 770 710; x_wconf 80' lang='lat' dir='ltr'><strong>possit</strong></span> <span class='ocrx_word' id='word_1_41' title='bbox 786 638 913 710; x_wconf 75' lang='lat' dir='ltr'>intelligi,</span> <span class='ocrx_word' id='word_1_42' title='bbox 929 637 981 693; x_wconf 91' lang='lat' dir='ltr'>nisi</span> 
     </span>
     <span class='ocr_line' id='line_1_8' title="bbox 185 726 731 800; baseline -0.013 -13"><span class='ocrx_word' id='word_1_43' title='bbox 185 728 339 787; x_wconf 88' lang='lat' dir='ltr'>necessaria</span> <span class='ocrx_word' id='word_1_44' title='bbox 356 727 424 782; x_wconf 89' lang='lat' dir='ltr'>ratio</span> <span class='ocrx_word' id='word_1_45' title='bbox 439 726 476 782; x_wconf 91' lang='lat' dir='ltr'>ita</span> <span class='ocrx_word' id='word_1_46' title='bbox 492 726 616 800; x_wconf 76' lang='lat' dir='ltr'>coegerit</span> <span class='ocrx_word' id='word_1_47' title='bbox 630 726 731 798; x_wconf 90' lang='lat' dir='ltr'>accipi.</span> 
     </span>
    </p>

    <p class='ocr_par' dir='ltr' id='par_1_7' title="bbox 184 814 981 987">
     <span class='ocr_line' id='line_1_9' title="bbox 222 814 981 887; baseline -0.004 -14"><span class='ocrx_word' id='word_1_48' title='bbox 222 819 345 873; x_wconf 75' lang='lat' dir='ltr'>Morare.</span> <span class='ocrx_word' id='word_1_49' title='bbox 358 816 459 871; x_wconf 76' lang='lat' dir='ltr'>Audire</span> <span class='ocrx_word' id='word_1_50' title='bbox 469 815 586 871; x_wconf 72' lang='lat' dir='ltr'>deiectat</span> <span class='ocrx_word' id='word_1_51' title='bbox 601 831 719 887; x_wconf 90' lang='lat' dir='ltr'>quonam</span> <span class='ocrx_word' id='word_1_52' title='bbox 730 814 876 872; x_wconf 91' lang='lat' dir='ltr'>aliomodo</span> <span class='ocrx_word' id='word_1_53' title='bbox 885 830 981 873; x_wconf 86' lang='lat' dir='ltr'>versus</span> 
     </span>
     <span class='ocr_line' id='line_1_10' title="bbox 184 912 746 987; baseline -0.009 -14"><span class='ocrx_word' id='word_1_54' title='bbox 184 918 264 987; x_wconf 85' lang='lat' dir='ltr'>hujus</span> <span class='ocrx_word' id='word_1_55' title='bbox 279 912 421 970; x_wconf 76' lang='lat' dir='ltr'>sententiae</span> <span class='ocrx_word' id='word_1_56' title='bbox 433 913 506 984; x_wconf 79' lang='lat' dir='ltr'>juste</span> <span class='ocrx_word' id='word_1_57' title='bbox 521 920 601 983; x_wconf 89' lang='lat' dir='ltr'>queat</span> <span class='ocrx_word' id='word_1_58' title='bbox 616 913 746 985; x_wconf 87' lang='lat' dir='ltr'>intelligi.</span> 
     </span>
    </p>
   </div>
   <div class='ocr_carea' id='block_1_7' title="bbox 183 1008 982 1259">
    <p class='ocr_par' dir='ltr' id='par_1_8' title="bbox 183 1008 982 1259">
     <span class='ocr_line' id='line_1_11' title="bbox 221 1008 980 1081; baseline -0.005 -12"><span class='ocrx_word' id='word_1_59' title='bbox 221 1015 340 1069; x_wconf 70' lang='lat' dir='ltr'>Persius.</span> <span class='ocrx_word' id='word_1_60' title='bbox 362 1011 474 1065; x_wconf 86' lang='lat' dir='ltr'>Duobus</span> <span class='ocrx_word' id='word_1_61' title='bbox 488 1009 577 1064; x_wconf 90' lang='lat' dir='ltr'>modis</span> <span class='ocrx_word' id='word_1_62' title='bbox 595 1009 708 1065; x_wconf 89' lang='lat' dir='ltr'>verbum</span> <span class='ocrx_word' id='word_1_63' title='bbox 724 1010 777 1067; x_wconf 91' lang='lat' dir='ltr'>boc</span> <span class='ocrx_word' id='word_1_64' title='bbox 796 1008 912 1080; x_wconf 80' lang='lat' dir='ltr'>intelligi</span> <span class='ocrx_word' id='word_1_65' title='bbox 928 1023 980 1081; x_wconf 92' lang='lat' dir='ltr'>po-</span> 
     </span>
     <span class='ocr_line' id='line_1_12' title="bbox 183 1097 982 1170; baseline -0.008 -11"><span class='ocrx_word' id='word_1_66' title='bbox 183 1110 246 1170; x_wconf 84' lang='lat' dir='ltr'>test,</span> <span class='ocrx_word' id='word_1_67' title='bbox 262 1100 391 1156; x_wconf 87' lang='lat' dir='ltr'>videlicet</span> <span class='ocrx_word' id='word_1_68' title='bbox 404 1105 434 1153; x_wconf 91' lang='lat' dir='ltr'>nt</span> <span class='ocrx_word' id='word_1_69' title='bbox 448 1097 492 1154; x_wconf 87' lang='lat' dir='ltr'>vel</span> <span class='ocrx_word' id='word_1_70' title='bbox 506 1097 541 1154; x_wconf 90' lang='lat' dir='ltr'>de</span> <span class='ocrx_word' id='word_1_71' title='bbox 549 1098 670 1153; x_wconf 85' lang='lat' dir='ltr'>extremi</span> <span class='ocrx_word' id='word_1_72' title='bbox 681 1098 779 1167; x_wconf 89' lang='lat' dir='ltr'>judicii</span> <span class='ocrx_word' id='word_1_73' title='bbox 806 1098 982 1155; x_wconf 75' lang='lat' dir='ltr'>suscitatione</span> 
     </span>
     <span class='ocr_line' id='line_1_13' title="bbox 184 1185 982 1259; baseline -0.008 -12"><span class='ocrx_word' id='word_1_74' title='bbox 184 1192 285 1247; x_wconf 92' lang='lat' dir='ltr'>dictum</span> <span class='ocrx_word' id='word_1_75' title='bbox 297 1188 431 1253; x_wconf 78' lang='lat' dir='ltr'>credetne,</span> <span class='ocrx_word' id='word_1_76' title='bbox 447 1185 492 1241; x_wconf 92' lang='lat' dir='ltr'>vel</span> <span class='ocrx_word' id='word_1_77' title='bbox 506 1186 724 1242; x_wconf 76' lang='lat' dir='ltr'>resuscitationis</span> <span class='ocrx_word' id='word_1_78' title='bbox 749 1187 858 1242; x_wconf 91' lang='lat' dir='ltr'>nomine</span> <span class='ocrx_word' id='word_1_79' title='bbox 869 1186 982 1259; x_wconf 87' lang='lat' dir='ltr'>captivi·</span> 
     </span>
    </p>
   </div>
   <div class='ocr_carea' id='block_1_8' title="bbox 184 1283 982 1450">
    <p class='ocr_par' dir='ltr' id='par_1_9' title="bbox 184 1283 982 1450">
     <span class='ocr_line' id='line_1_14' title="bbox 184 1283 982 1356; baseline -0.009 -11"><span class='ocrx_word' id='word_1_80' title='bbox 184 1290 249 1346; x_wconf 85' lang='lat' dir='ltr'>tatis</span> <span class='ocrx_word' id='word_1_81' title='bbox 265 1287 424 1344; x_wconf 72' lang='lat' dir='ltr'>evasionem</span> <span class='ocrx_word' id='word_1_82' title='bbox 436 1283 644 1356; x_wconf 68' lang='lat' dir='ltr'>significaverit,</span> <span class='ocrx_word' id='word_1_83' title='bbox 654 1284 706 1340; x_wconf 89' lang='lat' dir='ltr'>llic</span> <span class='ocrx_word' id='word_1_84' title='bbox 720 1293 810 1340; x_wconf 89' lang='lat' dir='ltr'>autem</span> <span class='ocrx_word' id='word_1_85' title='bbox 821 1301 920 1340; x_wconf 89' lang='lat' dir='ltr'>sensus</span> <span class='ocrx_word' id='word_1_86' title='bbox 929 1301 982 1339; x_wconf 89' lang='lat' dir='ltr'>rna·</span> 
     </span>
     <span class='ocr_line' id='line_1_15' title="bbox 184 1368 981 1450; baseline -0.008 -20"><span class='ocrx_word' id='word_1_87' title='bbox 184 1375 228 1450; x_wconf 85' lang='lat' dir='ltr'>gis</span> <span class='ocrx_word' id='word_1_88' title='bbox 239 1373 275 1429; x_wconf 91' lang='lat' dir='ltr'>ad</span> <span class='ocrx_word' id='word_1_89' title='bbox 291 1372 394 1427; x_wconf 87' lang='lat' dir='ltr'>literam</span> <span class='ocrx_word' id='word_1_90' title='bbox 411 1369 548 1440; x_wconf 88' lang='lat' dir='ltr'>pertinere</span> <span class='ocrx_word' id='word_1_91' title='bbox 563 1368 678 1437; x_wconf 86' lang='lat' dir='ltr'>videtur,</span> <span class='ocrx_word' id='word_1_92' title='bbox 690 1385 751 1425; x_wconf 90' lang='lat' dir='ltr'>cum</span> <span class='ocrx_word' id='word_1_93' title='bbox 761 1369 841 1440; x_wconf 89' lang='lat' dir='ltr'>paulo</span> <span class='ocrx_word' id='word_1_94' title='bbox 852 1370 981 1439; x_wconf 88' lang='lat' dir='ltr'>superius</span> 
     </span>
    </p>
   </div>
   <div class='ocr_carea' id='block_1_9' title="bbox 184 1457 982 1609">
    <p class='ocr_par' dir='ltr' id='par_1_10' title="bbox 184 1457 982 1609">
     <span class='ocr_line' id='line_1_16' title="bbox 184 1457 980 1536; baseline -0.006 -19"><span class='ocrx_word' id='word_1_95' title='bbox 184 1463 318 1536; x_wconf 92' lang='lat' dir='ltr'>propbeta</span> <span class='ocrx_word' id='word_1_96' title='bbox 333 1475 389 1514; x_wconf 85' lang='lat' dir='ltr'>suoe</span> <span class='ocrx_word' id='word_1_97' title='bbox 402 1457 492 1528; x_wconf 85' lang='lat' dir='ltr'>gentis</span> <span class='ocrx_word' id='word_1_98' title='bbox 506 1457 685 1527; x_wconf 88' lang='lat' dir='ltr'>captivitatem</span> <span class='ocrx_word' id='word_1_99' title='bbox 701 1466 727 1513; x_wconf 92' lang='lat' dir='ltr'>et</span> <span class='ocrx_word' id='word_1_100' title='bbox 740 1457 914 1514; x_wconf 82' lang='lat' dir='ltr'>afflictionem</span> <span class='ocrx_word' id='word_1_101' title='bbox 929 1460 980 1512; x_wconf 90' lang='lat' dir='ltr'>de-</span> 
     </span>
     <span class='ocr_line' id='line_1_17' title="bbox 184 1537 982 1609; baseline -0.01 -10"><span class='ocrx_word' id='word_1_102' title='bbox 184 1541 299 1604; x_wconf 81' lang='lat' dir='ltr'>licuerit,</span> <span class='ocrx_word' id='word_1_103' title='bbox 312 1539 456 1608; x_wconf 88' lang='lat' dir='ltr'>statimque</span> <span class='ocrx_word' id='word_1_104' title='bbox 472 1537 571 1592; x_wconf 84' lang='lat' dir='ltr'>diviuae</span> <span class='ocrx_word' id='word_1_105' title='bbox 599 1538 791 1608; x_wconf 83' lang='lat' dir='ltr'>promissionis</span> <span class='ocrx_word' id='word_1_106' title='bbox 820 1548 847 1593; x_wconf 90' lang='lat' dir='ltr'>et</span> <span class='ocrx_word' id='word_1_107' title='bbox 873 1538 982 1609; x_wconf 88' lang='lat' dir='ltr'>pietatis</span> 
     </span>
    </p>
   </div>
   <div class='ocr_carea' id='block_1_10' title="bbox 185 1624 978 1697">
    <p class='ocr_par' dir='ltr' id='par_1_11' title="bbox 185 1624 978 1697">
     <span class='ocr_line' id='line_1_18' title="bbox 185 1624 978 1697; baseline -0.009 -9"><span class='ocrx_word' id='word_1_108' title='bbox 185 1631 311 1688; x_wconf 90' lang='lat' dir='ltr'>solatium</span> <span class='ocrx_word' id='word_1_109' title='bbox 322 1626 410 1682; x_wconf 89' lang='lat' dir='ltr'>intulit</span> <span class='ocrx_word' id='word_1_110' title='bbox 424 1626 535 1682; x_wconf 85' lang='lat' dir='ltr'>diceus:</span> <span class='ocrx_word' id='word_1_111' title='bbox 553 1624 648 1683; x_wconf 83' lang='lat' dir='ltr'>Vivent</span> <span class='ocrx_word' id='word_1_112' title='bbox 672 1628 789 1692; x_wconf 85' lang='lat' dir='ltr'>mortui,</span> <span class='ocrx_word' id='word_1_113' title='bbox 818 1634 844 1681; x_wconf 89' lang='lat' dir='ltr'>et</span> <span class='ocrx_word' id='word_1_114' title='bbox 861 1626 978 1697; x_wconf 89' lang='lat' dir='ltr'>reliqua.</span> 
     </span>
    </p>
   </div>
   <div class='ocr_carea' id='block_1_11' title="bbox 1035 431 1837 788">
    <p class='ocr_par' dir='ltr' id='par_1_12' title="bbox 1035 431 1837 788">
     <span class='ocr_line' id='line_1_19' title="bbox 1035 431 1835 503; baseline 0.001 -16"><span class='ocrx_word' id='word_1_115' title='bbox 1035 441 1115 502; x_wconf 90' lang='lat' dir='ltr'>cepto</span> <span class='ocrx_word' id='word_1_116' title='bbox 1138 431 1173 486; x_wconf 89' lang='lat' dir='ltr'>ad</span> <span class='ocrx_word' id='word_1_117' title='bbox 1188 431 1312 503; x_wconf 90' lang='lat' dir='ltr'>spiritum</span> <span class='ocrx_word' id='word_1_118' title='bbox 1341 432 1503 489; x_wconf 84' lang='lat' dir='ltr'>vaticinetur</span> <span class='ocrx_word' id='word_1_119' title='bbox 1520 431 1618 487; x_wconf 89' lang='lat' dir='ltr'>talibus</span> <span class='ocrx_word' id='word_1_120' title='bbox 1634 431 1729 487; x_wconf 89' lang='lat' dir='ltr'>verbis</span> <span class='ocrx_word' id='word_1_121' title='bbox 1743 431 1759 488; x_wconf 84' lang='lat' dir='ltr'>t</span> <span class='ocrx_word' id='word_1_122' title='bbox 1773 433 1835 488; x_wconf 86' lang='lat' dir='ltr'>ltoec</span> 
     </span>
     <span class='ocr_line' id='line_1_20' title="bbox 1035 519 1837 593; baseline 0.001 -17"><span class='ocrx_word' id='word_1_123' title='bbox 1035 521 1104 576; x_wconf 82' lang='lat' dir='ltr'>dicit</span> <span class='ocrx_word' id='word_1_124' title='bbox 1114 522 1269 577; x_wconf 82' lang='lat' dir='ltr'>Dominus:</span> <span class='ocrx_word' id='word_1_125' title='bbox 1280 525 1298 577; x_wconf 79' lang='grc' dir='ltr'><strong><em>Δ</em></strong></span> <span class='ocrx_word' id='word_1_126' title='bbox 1311 526 1434 593; x_wconf 81' lang='lat' dir='ltr'>quotuor</span> <span class='ocrx_word' id='word_1_127' title='bbox 1443 521 1615 590; x_wconf 78' lang='lat' dir='ltr'>sentiscant,</span> <span class='ocrx_word' id='word_1_128' title='bbox 1623 522 1790 592; x_wconf 65' lang='lat' dir='ltr'>spiritumet</span> <span class='ocrx_word' id='word_1_129' title='bbox 1796 519 1837 578; x_wconf 87' lang='lat' dir='ltr'>in·</span> 
     </span>
     <span class='ocr_line' id='line_1_21' title="bbox 1036 619 1836 691; baseline 0.001 -17"><span class='ocrx_word' id='word_1_130' title='bbox 1036 619 1122 691; x_wconf 72' lang='lat' dir='ltr'>sustin</span> <span class='ocrx_word' id='word_1_131' title='bbox 1130 635 1214 690; x_wconf 82' lang='lat' dir='ltr'>snper</span> <span class='ocrx_word' id='word_1_132' title='bbox 1222 619 1389 688; x_wconf 76' lang='lat' dir='ltr'>interfectos</span> <span class='ocrx_word' id='word_1_133' title='bbox 1397 621 1467 675; x_wconf 83' lang='lat' dir='ltr'>istos</span> <span class='ocrx_word' id='word_1_134' title='bbox 1474 623 1503 674; x_wconf 88' lang='lat' dir='ltr'>et</span> <span class='ocrx_word' id='word_1_135' title='bbox 1516 621 1698 675; x_wconf 82' lang='lat' dir='ltr'>reviviscant.</span> <span class='ocrx_word' id='word_1_136' title='bbox 1715 621 1749 674; x_wconf 81' lang='lat' dir='ltr'>lit</span> <span class='ocrx_word' id='word_1_137' title='bbox 1767 635 1836 691; x_wconf 86' lang='lat' dir='ltr'>pro·</span> 
     </span>
     <span class='ocr_line' id='line_1_22' title="bbox 1035 714 1837 788; baseline 0 -17"><span class='ocrx_word' id='word_1_138' title='bbox 1035 714 1235 788; x_wconf 78' lang='lat' dir='ltr'>plaetnuisicot</span> <span class='ocrx_word' id='word_1_139' title='bbox 1255 718 1429 788; x_wconf 70' lang='lat' dir='ltr'>preceperat</span> <span class='ocrx_word' id='word_1_140' title='bbox 1447 717 1630 782; x_wconf 64' lang='lat' dir='ltr'>Dominamt</span> <span class='ocrx_word' id='word_1_141' title='bbox 1643 717 1837 787; x_wconf 82' lang='lat' dir='ltr'>ingressuscst</span> 
     </span>
    </p>
   </div>
   <div class='ocr_carea' id='block_1_12' title="bbox 1035 814 1835 974">
    <p class='ocr_par' dir='ltr' id='par_1_13' title="bbox 1035 814 1835 974">
     <span class='ocr_line' id='line_1_23' title="bbox 1035 814 1835 888; baseline 0.004 -20"><span class='ocrx_word' id='word_1_142' title='bbox 1035 814 1067 868; x_wconf 86' lang='lat' dir='ltr'>in</span> <span class='ocrx_word' id='word_1_143' title='bbox 1082 814 1252 886; x_wconf 77' lang='lat' dir='ltr'>suspiritus,</span> <span class='ocrx_word' id='word_1_144' title='bbox 1261 817 1290 870; x_wconf 89' lang='lat' dir='ltr'>ct</span> <span class='ocrx_word' id='word_1_145' title='bbox 1299 814 1446 879; x_wconf 79' lang='lat' dir='ltr'>uicerant,</span> <span class='ocrx_word' id='word_1_146' title='bbox 1454 817 1653 887; x_wconf 83' lang='lat' dir='ltr'>steteruntque</span> <span class='ocrx_word' id='word_1_147' title='bbox 1660 814 1835 888; x_wconf 78' lang='lat' dir='ltr'>supcrpedca</span> 
     </span>
     <span class='ocr_line' id='line_1_24' title="bbox 1035 902 1687 974; baseline 0 -15"><span class='ocrx_word' id='word_1_148' title='bbox 1035 918 1098 959; x_wconf 80' lang='lat' dir='ltr'>suos</span> <span class='ocrx_word' id='word_1_149' title='bbox 1113 903 1260 959; x_wconf 71' lang='lat' dir='ltr'>exercitus</span> <span class='ocrx_word' id='word_1_150' title='bbox 1268 903 1386 974; x_wconf 75' lang='lat' dir='ltr'>prandia</span> <span class='ocrx_word' id='word_1_151' title='bbox 1396 902 1687 973; x_wconf 80' lang='lat' dir='ltr'>ntmtsooldc(ibid.).</span> 
     </span>
    </p>
   </div>
   <div class='ocr_carea' id='block_1_13' title="bbox 1033 999 1834 1363">
    <p class='ocr_par' dir='ltr' id='par_1_14' title="bbox 1033 999 1834 1266">
     <span class='ocr_line' id='line_1_25' title="bbox 1071 999 1834 1073; baseline 0.005 -20"><span class='ocrx_word' id='word_1_152' title='bbox 1071 999 1193 1055; x_wconf 87' lang='lat' dir='ltr'>Pnraus.</span> <span class='ocrx_word' id='word_1_153' title='bbox 1215 999 1332 1071; x_wconf 83' lang='lat' dir='ltr'>Spiritus</span> <span class='ocrx_word' id='word_1_154' title='bbox 1347 1000 1392 1056; x_wconf 92' lang='lat' dir='ltr'>bic</span> <span class='ocrx_word' id='word_1_155' title='bbox 1418 999 1465 1073; x_wconf 89' lang='lat' dir='ltr'>qui</span> <span class='ocrx_word' id='word_1_156' title='bbox 1479 1016 1494 1055; x_wconf 92' lang='lat' dir='ltr'>a</span> <span class='ocrx_word' id='word_1_157' title='bbox 1510 1013 1629 1073; x_wconf 90' lang='lat' dir='ltr'>quatuor</span> <span class='ocrx_word' id='word_1_158' title='bbox 1639 999 1736 1057; x_wconf 89' lang='lat' dir='ltr'>venire</span> <span class='ocrx_word' id='word_1_159' title='bbox 1748 1000 1834 1058; x_wconf 82' lang='lat' dir='ltr'>ventis</span> 
     </span>
     <span class='ocr_line' id='line_1_26' title="bbox 1033 1094 1834 1172; baseline 0.006 -22"><span class='ocrx_word' id='word_1_160' title='bbox 1033 1094 1156 1165; x_wconf 91' lang='lat' dir='ltr'>jubetur,</span> <span class='ocrx_word' id='word_1_161' title='bbox 1173 1112 1348 1170; x_wconf 89' lang='lat' dir='ltr'>nequaquam</span> <span class='ocrx_word' id='word_1_162' title='bbox 1373 1097 1514 1153; x_wconf 88' lang='lat' dir='ltr'>rationalis</span> <span class='ocrx_word' id='word_1_163' title='bbox 1529 1105 1571 1153; x_wconf 90' lang='lat' dir='ltr'>est</span> <span class='ocrx_word' id='word_1_164' title='bbox 1585 1099 1690 1161; x_wconf 84' lang='lat' dir='ltr'>anima,</span> <span class='ocrx_word' id='word_1_165' title='bbox 1711 1098 1761 1155; x_wconf 87' lang='lat' dir='ltr'>sed</span> <span class='ocrx_word' id='word_1_166' title='bbox 1775 1115 1834 1172; x_wconf 74' lang='lat' dir='ltr'>qua</span> 
     </span>
     <span class='ocr_line' id='line_1_27' title="bbox 1037 1192 1678 1266; baseline 0.002 -17"><span class='ocrx_word' id='word_1_167' title='bbox 1037 1208 1073 1249; x_wconf 86' lang='lat' dir='ltr'>ex</span> <span class='ocrx_word' id='word_1_168' title='bbox 1084 1202 1200 1266; x_wconf 90' lang='lat' dir='ltr'>quatuor</span> <span class='ocrx_word' id='word_1_169' title='bbox 1210 1194 1415 1251; x_wconf 88' lang='lat' dir='ltr'>elementorum</span> <span class='ocrx_word' id='word_1_170' title='bbox 1431 1192 1461 1249; x_wconf 94' lang='lat' dir='ltr'>lit</span> <span class='ocrx_word' id='word_1_171' title='bbox 1476 1195 1678 1265; x_wconf 77' lang='lat' dir='ltr'>coniunctione.</span> 
     </span>
    </p>

    <p class='ocr_par' dir='ltr' id='par_1_15' title="bbox 1071 1291 1834 1363">
     <span class='ocr_line' id='line_1_28' title="bbox 1071 1291 1834 1363; baseline 0.001 -18"><span class='ocrx_word' id='word_1_172' title='bbox 1071 1292 1198 1346; x_wconf 82' lang='lat' dir='ltr'>Morsus.</span> <span class='ocrx_word' id='word_1_173' title='bbox 1220 1291 1263 1346; x_wconf 85' lang='lat' dir='ltr'>Ex</span> <span class='ocrx_word' id='word_1_174' title='bbox 1280 1291 1369 1347; x_wconf 85' lang='lat' dir='ltr'>uerbis</span> <span class='ocrx_word' id='word_1_175' title='bbox 1379 1291 1432 1347; x_wconf 91' lang='lat' dir='ltr'>tuis</span> <span class='ocrx_word' id='word_1_176' title='bbox 1446 1291 1609 1363; x_wconf 87' lang='lat' dir='ltr'>intelligitur</span> <span class='ocrx_word' id='word_1_177' title='bbox 1622 1291 1697 1347; x_wconf 88' lang='lat' dir='ltr'>aliud</span> <span class='ocrx_word' id='word_1_178' title='bbox 1712 1292 1834 1363; x_wconf 83' lang='lat' dir='ltr'>essespi·</span> 
     </span>
    </p>
   </div>
   <div class='ocr_carea' id='block_1_14' title="bbox 1036 1387 1833 1547">
    <p class='ocr_par' dir='ltr' id='par_1_16' title="bbox 1036 1387 1833 1547">
     <span class='ocr_line' id='line_1_29' title="bbox 1036 1387 1833 1459; baseline 0.004 -18"><span class='ocrx_word' id='word_1_179' title='bbox 1036 1387 1115 1442; x_wconf 91' lang='lat' dir='ltr'>ritum</span> <span class='ocrx_word' id='word_1_180' title='bbox 1131 1388 1315 1459; x_wconf 88' lang='lat' dir='ltr'>corporalem,</span> <span class='ocrx_word' id='word_1_181' title='bbox 1334 1387 1408 1443; x_wconf 90' lang='lat' dir='ltr'>aliod</span> <span class='ocrx_word' id='word_1_182' title='bbox 1423 1388 1540 1442; x_wconf 89' lang='lat' dir='ltr'>animam</span> <span class='ocrx_word' id='word_1_183' title='bbox 1565 1387 1750 1443; x_wconf 86' lang='lat' dir='ltr'>rationalem:</span> <span class='ocrx_word' id='word_1_184' title='bbox 1762 1388 1833 1459; x_wconf 90' lang='lat' dir='ltr'>qnod</span> 
     </span>
     <span class='ocr_line' id='line_1_30' title="bbox 1036 1475 1710 1547; baseline 0.004 -17"><span class='ocrx_word' id='word_1_185' title='bbox 1036 1476 1058 1530; x_wconf 91' lang='lat' dir='ltr'>si</span> <span class='ocrx_word' id='word_1_186' title='bbox 1074 1475 1112 1531; x_wconf 87' lang='lat' dir='ltr'>its</span> <span class='ocrx_word' id='word_1_187' title='bbox 1122 1484 1173 1541; x_wconf 89' lang='lat' dir='ltr'>est,</span> <span class='ocrx_word' id='word_1_188' title='bbox 1190 1484 1254 1532; x_wconf 89' lang='lat' dir='ltr'>tunc</span> <span class='ocrx_word' id='word_1_189' title='bbox 1268 1485 1402 1532; x_wconf 91' lang='lat' dir='ltr'>eteorum</span> <span class='ocrx_word' id='word_1_190' title='bbox 1418 1491 1500 1547; x_wconf 89' lang='lat' dir='ltr'>opera</span> <span class='ocrx_word' id='word_1_191' title='bbox 1514 1484 1577 1531; x_wconf 90' lang='lat' dir='ltr'>sunt</span> <span class='ocrx_word' id='word_1_192' title='bbox 1588 1477 1710 1533; x_wconf 77' lang='lat' dir='ltr'>diuersa.</span> 
     </span>
    </p>
   </div>
   <div class='ocr_carea' id='block_1_15' title="bbox 1070 1573 1673 1644">
    <p class='ocr_par' dir='ltr' id='par_1_17' title="bbox 1070 1573 1673 1644">
     <span class='ocr_line' id='line_1_31' title="bbox 1070 1573 1673 1644; baseline 0.005 -17"><span class='ocrx_word' id='word_1_193' title='bbox 1070 1573 1191 1629; x_wconf 81' lang='lat' dir='ltr'>Pennus.</span> <span class='ocrx_word' id='word_1_194' title='bbox 1207 1575 1246 1629; x_wconf 91' lang='lat' dir='ltr'>lta</span> <span class='ocrx_word' id='word_1_195' title='bbox 1258 1590 1319 1629; x_wconf 87' lang='lat' dir='ltr'>esse</span> <span class='ocrx_word' id='word_1_196' title='bbox 1335 1589 1415 1628; x_wconf 91' lang='lat' dir='ltr'>nemo</span> <span class='ocrx_word' id='word_1_197' title='bbox 1429 1574 1539 1644; x_wconf 85' lang='lat' dir='ltr'>sapiens</span> <span class='ocrx_word' id='word_1_198' title='bbox 1555 1573 1673 1631; x_wconf 88' lang='lat' dir='ltr'>dubitat.</span> 
     </span>
    </p>
   </div>
   <div class='ocr_carea' id='block_1_16' title="bbox 170 1671 1831 1786">
    <p class='ocr_par' dir='ltr' id='par_1_18' title="bbox 170 1671 1831 1786">
     <span class='ocr_line' id='line_1_32' title="bbox 170 1671 1831 1786; baseline 0 -60"><span class='ocrx_word' id='word_1_199' title='bbox 170 1714 175 1726; x_wconf 92' lang='lat'><strong><em>.</em></strong></span> <span class='ocrx_word' id='word_1_200' title='bbox 185 1720 243 1778; x_wconf 58' lang='lat' dir='ltr'>Nec</span> <span class='ocrx_word' id='word_1_201' title='bbox 258 1719 329 1773; x_wconf 62' lang='lat' dir='ltr'>hm</span> <span class='ocrx_word' id='word_1_202' title='bbox 345 1714 503 1770; x_wconf 58' lang='lat' dir='ltr'>evasionem</span> <span class='ocrx_word' id='word_1_203' title='bbox 520 1714 642 1786; x_wconf 53' lang='lat' dir='ltr'>quolibet</span> <span class='ocrx_word' id='word_1_204' title='bbox 656 1715 760 1770; x_wconf 91' lang='lat' dir='ltr'>incerto</span> <span class='ocrx_word' id='word_1_205' title='bbox 775 1724 911 1786; x_wconf 85' lang='lat' dir='ltr'>tempore,</span> <span class='ocrx_word' id='word_1_206' title='bbox 932 1714 980 1770; x_wconf 58' lang='lat' dir='ltr'>sed</span> <span class='ocrx_word' id='word_1_207' title='bbox 996 1692 1023 1752; x_wconf 78' lang='lat' dir='ltr'>B</span> <span class='ocrx_word' id='word_1_208' title='bbox 1070 1671 1195 1726; x_wconf 86' lang='lat' dir='ltr'>ltovsna.</span> <span class='ocrx_word' id='word_1_209' title='bbox 1214 1672 1360 1744; x_wconf 85' lang='lat' dir='ltr'>Utriusque</span> <span class='ocrx_word' id='word_1_210' title='bbox 1375 1671 1556 1729; x_wconf 81' lang='lat' dir='ltr'>differentiam</span> <span class='ocrx_word' id='word_1_211' title='bbox 1572 1673 1669 1727; x_wconf 90' lang='lat' dir='ltr'>audire</span> <span class='ocrx_word' id='word_1_212' title='bbox 1694 1671 1831 1727; x_wconf 81' lang='lat' dir='ltr'>desidem.</span> 
     </span>
    </p>
   </div>
   <div class='ocr_carea' id='block_1_17' title="bbox 183 1803 981 2697">
    <p class='ocr_par' dir='ltr' id='par_1_19' title="bbox 183 1803 981 2238">
     <span class='ocr_line' id='line_1_33' title="bbox 185 1803 979 1881; baseline -0.006 -17"><span class='ocrx_word' id='word_1_213' title='bbox 185 1818 246 1881; x_wconf 89' lang='lat' dir='ltr'>post</span> <span class='ocrx_word' id='word_1_214' title='bbox 261 1805 399 1862; x_wconf 88' lang='lat' dir='ltr'>modicum</span> <span class='ocrx_word' id='word_1_215' title='bbox 412 1813 519 1875; x_wconf 86' lang='lat' dir='ltr'>tempus</span> <span class='ocrx_word' id='word_1_216' title='bbox 547 1813 704 1858; x_wconf 90' lang='lat' dir='ltr'>eventuram</span> <span class='ocrx_word' id='word_1_217' title='bbox 720 1803 839 1859; x_wconf 88' lang='lat' dir='ltr'>insinuat</span> <span class='ocrx_word' id='word_1_218' title='bbox 861 1803 956 1858; x_wconf 88' lang='lat' dir='ltr'>dicens</span> <span class='ocrx_word' id='word_1_219' title='bbox 972 1819 979 1859; x_wconf 92' lang='lat'><strong>:</strong></span> 
     </span>
     <span class='ocr_line' id='line_1_34' title="bbox 189 1889 981 1968; baseline -0.01 -15"><span class='ocrx_word' id='word_1_220' title='bbox 189 1897 267 1964; x_wconf 79' lang='lat' dir='ltr'>Vnde,</span> <span class='ocrx_word' id='word_1_221' title='bbox 276 1894 398 1968; x_wconf 84' lang='lat' dir='ltr'>populus</span> <span class='ocrx_word' id='word_1_222' title='bbox 406 1907 495 1959; x_wconf 82' lang='lat' dir='ltr'>meus,</span> <span class='ocrx_word' id='word_1_223' title='bbox 507 1891 588 1946; x_wconf 84' lang='lat' dir='ltr'>intro</span> <span class='ocrx_word' id='word_1_224' title='bbox 597 1891 727 1948; x_wconf 67' lang='lat' dir='ltr'>animula</span> <span class='ocrx_word' id='word_1_225' title='bbox 736 1889 981 1956; x_wconf 65' lang='lat' dir='ltr'>troanodensis</span> 
     </span>
     <span class='ocr_line' id='line_1_35' title="bbox 186 1980 978 2057; baseline -0.013 -15"><span class='ocrx_word' id='word_1_226' title='bbox 186 1990 237 2042; x_wconf 87' lang='lat' dir='ltr'>tuo</span> <span class='ocrx_word' id='word_1_227' title='bbox 251 1999 337 2057; x_wconf 83' lang='lat' dir='ltr'>snper</span> <span class='ocrx_word' id='word_1_228' title='bbox 354 1987 391 2048; x_wconf 84' lang='lat' dir='ltr'>te,</span> <span class='ocrx_word' id='word_1_229' title='bbox 403 1980 572 2037; x_wconf 84' lang='lat' dir='ltr'>abscondere</span> <span class='ocrx_word' id='word_1_230' title='bbox 583 1980 725 2036; x_wconf 84' lang='lat' dir='ltr'>modicam</span> <span class='ocrx_word' id='word_1_231' title='bbox 742 1980 779 2035; x_wconf 86' lang='lat' dir='ltr'>ad</span> <span class='ocrx_word' id='word_1_232' title='bbox 793 1984 978 2048; x_wconf 87' lang='lat' dir='ltr'>momentum,</span> 
     </span>
     <span class='ocr_line' id='line_1_36' title="bbox 184 2067 981 2145; baseline -0.011 -14"><span class='ocrx_word' id='word_1_233' title='bbox 184 2081 271 2130; x_wconf 85' lang='lat' dir='ltr'>donec</span> <span class='ocrx_word' id='word_1_234' title='bbox 279 2073 462 2145; x_wconf 86' lang='lat' dir='ltr'>pertranseat</span> <span class='ocrx_word' id='word_1_235' title='bbox 473 2068 633 2140; x_wconf 83' lang='lat' dir='ltr'>indipnctt&#39;o</span> <span class='ocrx_word' id='word_1_236' title='bbox 644 2069 746 2139; x_wconf 75' lang='lat' dir='ltr'>(ibid).</span> <span class='ocrx_word' id='word_1_237' title='bbox 754 2067 859 2124; x_wconf 82' lang='lat' dir='ltr'>llaecnd</span> <span class='ocrx_word' id='word_1_238' title='bbox 870 2067 981 2140; x_wconf 89' lang='lat' dir='ltr'>captivi·</span> 
     </span>
     <span class='ocr_line' id='line_1_37' title="bbox 183 2162 642 2238; baseline -0.015 -12"><span class='ocrx_word' id='word_1_239' title='bbox 183 2177 264 2226; x_wconf 90' lang='lat' dir='ltr'>tatem</span> <span class='ocrx_word' id='word_1_240' title='bbox 280 2173 464 2238; x_wconf 84' lang='lat' dir='ltr'>congruenter</span> <span class='ocrx_word' id='word_1_241' title='bbox 478 2162 642 2219; x_wconf 79' lang='lat' dir='ltr'>reseruntur.</span> 
     </span>
    </p>

    <p class='ocr_par' dir='ltr' id='par_1_20' title="bbox 183 2252 981 2697">
     <span class='ocr_line' id='line_1_38' title="bbox 218 2252 980 2325; baseline -0.01 -12"><span class='ocrx_word' id='word_1_242' title='bbox 218 2259 344 2313; x_wconf 76' lang='lat' dir='ltr'>Marsas.</span> <span class='ocrx_word' id='word_1_243' title='bbox 362 2253 554 2325; x_wconf 89' lang='lat' dir='ltr'>Nunquidnam</span> <span class='ocrx_word' id='word_1_244' title='bbox 579 2252 683 2324; x_wconf 91' lang='lat' dir='ltr'>aliquid</span> <span class='ocrx_word' id='word_1_245' title='bbox 711 2252 901 2308; x_wconf 89' lang='lat' dir='ltr'>taleinverbis</span> <span class='ocrx_word' id='word_1_246' title='bbox 924 2253 980 2306; x_wconf 81' lang='lat' dir='ltr'>lla-</span> 
     </span>
     <span class='ocr_line' id='line_1_39' title="bbox 183 2345 981 2418; baseline -0.01 -10"><span class='ocrx_word' id='word_1_247' title='bbox 183 2351 263 2408; x_wconf 90' lang='lat' dir='ltr'>nielis</span> <span class='ocrx_word' id='word_1_248' title='bbox 278 2349 398 2418; x_wconf 76' lang='lat' dir='ltr'>obiicere</span> <span class='ocrx_word' id='word_1_249' title='bbox 425 2345 529 2416; x_wconf 91' lang='lat' dir='ltr'>poteris</span> <span class='ocrx_word' id='word_1_250' title='bbox 544 2345 558 2399; x_wconf 83' lang='lat' dir='ltr'>‘t</span> <span class='ocrx_word' id='word_1_251' title='bbox 572 2346 694 2401; x_wconf 77' lang='lat' dir='ltr'>aitenim</span> <span class='ocrx_word' id='word_1_252' title='bbox 708 2365 714 2401; x_wconf 92' lang='lat'>:</span> <span class='ocrx_word' id='word_1_253' title='bbox 730 2347 812 2402; x_wconf 83' lang='lat' dir='ltr'>ttultt&#39;</span> <span class='ocrx_word' id='word_1_254' title='bbox 826 2345 860 2402; x_wconf 90' lang='lat' dir='ltr'>dc</span> <span class='ocrx_word' id='word_1_255' title='bbox 874 2347 918 2401; x_wconf 81' lang='lat' dir='ltr'>bis</span> <span class='ocrx_word' id='word_1_256' title='bbox 933 2346 981 2418; x_wconf 87' lang='lat' dir='ltr'>qui</span> 
     </span>
     <span class='ocr_line' id='line_1_40' title="bbox 184 2441 981 2513; baseline -0.011 -7"><span class='ocrx_word' id='word_1_257' title='bbox 184 2450 330 2506; x_wconf 83' lang='lat' dir='ltr'>dormiant</span> <span class='ocrx_word' id='word_1_258' title='bbox 340 2446 371 2499; x_wconf 85' lang='lat' dir='ltr'>tn</span> <span class='ocrx_word' id='word_1_259' title='bbox 386 2448 471 2499; x_wconf 78' lang='lat' dir='ltr'>terrm</span> <span class='ocrx_word' id='word_1_260' title='bbox 484 2441 599 2509; x_wconf 84' lang='lat' dir='ltr'>puluere</span> <span class='ocrx_word' id='word_1_261' title='bbox 608 2443 777 2513; x_wconf 80' lang='lat' dir='ltr'>vigilabant,</span> <span class='ocrx_word' id='word_1_262' title='bbox 788 2443 840 2498; x_wconf 87' lang='lat' dir='ltr'>alti</span> <span class='ocrx_word' id='word_1_263' title='bbox 850 2443 882 2498; x_wconf 83' lang='lat' dir='ltr'>tn</span> <span class='ocrx_word' id='word_1_264' title='bbox 893 2444 981 2498; x_wconf 86' lang='lat' dir='ltr'>uitam</span> 
     </span>
     <span class='ocr_line' id='line_1_41' title="bbox 184 2531 981 2603; baseline -0.009 -9"><span class='ocrx_word' id='word_1_265' title='bbox 184 2542 334 2601; x_wconf 77' lang='lat' dir='ltr'>aeternam,</span> <span class='ocrx_word' id='word_1_266' title='bbox 349 2533 403 2588; x_wconf 86' lang='lat' dir='ltr'>olii</span> <span class='ocrx_word' id='word_1_267' title='bbox 428 2533 460 2587; x_wconf 85' lang='lat' dir='ltr'>in</span> <span class='ocrx_word' id='word_1_268' title='bbox 483 2531 663 2603; x_wconf 81' lang='lat' dir='ltr'>opprobrium</span> <span class='ocrx_word' id='word_1_269' title='bbox 687 2536 719 2588; x_wconf 83' lang='lat' dir='ltr'>at</span> <span class='ocrx_word' id='word_1_270' title='bbox 742 2531 856 2589; x_wconf 74' lang='lat' dir='ltr'>eneam</span> <span class='ocrx_word' id='word_1_271' title='bbox 870 2547 981 2603; x_wconf 82' lang='lat' dir='ltr'>semper</span> 
     </span>
     <span class='ocr_line' id='line_1_42' title="bbox 184 2625 347 2697; baseline -0.025 -14"><span class='ocrx_word' id='word_1_272' title='bbox 184 2628 268 2697; x_wconf 78' lang='lat' dir='ltr'>(boo.</span> <span class='ocrx_word' id='word_1_273' title='bbox 284 2625 347 2694; x_wconf 80' lang='lat' dir='ltr'>xrs).</span> 
     </span>
    </p>
   </div>
   <div class='ocr_carea' id='block_1_18' title="bbox 184 2731 981 2896">
    <p class='ocr_par' dir='ltr' id='par_1_21' title="bbox 184 2731 981 2896">
     <span class='ocr_line' id='line_1_43' title="bbox 220 2731 979 2807; baseline -0.008 -15"><span class='ocrx_word' id='word_1_274' title='bbox 220 2738 340 2792; x_wconf 81' lang='lat' dir='ltr'>Parrus.</span> <span class='ocrx_word' id='word_1_275' title='bbox 355 2733 442 2790; x_wconf 83' lang='lat' dir='ltr'>&#39;lanto</span> <span class='ocrx_word' id='word_1_276' title='bbox 466 2733 576 2807; x_wconf 91' lang='lat' dir='ltr'>longius</span> <span class='ocrx_word' id='word_1_277' title='bbox 591 2731 739 2788; x_wconf 87' lang='lat' dir='ltr'>auctoritas</span> <span class='ocrx_word' id='word_1_278' title='bbox 765 2731 847 2788; x_wconf 79' lang='lat' dir='ltr'>baca</span> <span class='ocrx_word' id='word_1_279' title='bbox 864 2740 906 2788; x_wconf 90' lang='lat' dir='ltr'>tua</span> <span class='ocrx_word' id='word_1_280' title='bbox 920 2731 979 2787; x_wconf 92' lang='lat' dir='ltr'>dis-</span> 
     </span>
     <span class='ocr_line' id='line_1_44' title="bbox 184 2818 981 2896; baseline -0.013 -13"><span class='ocrx_word' id='word_1_281' title='bbox 184 2832 280 2896; x_wconf 88' lang='lat' dir='ltr'>crepat</span> <span class='ocrx_word' id='word_1_282' title='bbox 294 2822 452 2888; x_wconf 85' lang='lat' dir='ltr'>intentione,</span> <span class='ocrx_word' id='word_1_283' title='bbox 473 2828 575 2894; x_wconf 90' lang='lat' dir='ltr'>quanto</span> <span class='ocrx_word' id='word_1_284' title='bbox 586 2820 738 2876; x_wconf 89' lang='lat' dir='ltr'>evidentius</span> <span class='ocrx_word' id='word_1_285' title='bbox 752 2820 787 2875; x_wconf 92' lang='lat' dir='ltr'>de</span> <span class='ocrx_word' id='word_1_286' title='bbox 802 2820 896 2875; x_wconf 82' lang='lat' dir='ltr'>ultimo</span> <span class='ocrx_word' id='word_1_287' title='bbox 908 2818 981 2889; x_wconf 81' lang='lat' dir='ltr'>judi·</span> 
     </span>
    </p>
   </div>
   <div class='ocr_carea' id='block_1_19' title="bbox 185 2917 979 2991">
    <p class='ocr_par' dir='ltr' id='par_1_22' title="bbox 185 2917 979 2991">
     <span class='ocr_line' id='line_1_45' title="bbox 185 2917 979 2991; baseline -0.013 -9"><span class='ocrx_word' id='word_1_288' title='bbox 185 2923 229 2982; x_wconf 88' lang='lat' dir='ltr'>cio</span> <span class='ocrx_word' id='word_1_289' title='bbox 239 2921 399 2991; x_wconf 90' lang='lat' dir='ltr'>intelligitur</span> <span class='ocrx_word' id='word_1_290' title='bbox 410 2920 482 2976; x_wconf 88' lang='lat' dir='ltr'>dicta</span> <span class='ocrx_word' id='word_1_291' title='bbox 497 2918 591 2974; x_wconf 91' lang='lat' dir='ltr'>luisse.</span> <span class='ocrx_word' id='word_1_292' title='bbox 608 2918 638 2973; x_wconf 91' lang='lat' dir='ltr'>ln</span> <span class='ocrx_word' id='word_1_293' title='bbox 650 2917 696 2973; x_wconf 91' lang='lat' dir='ltr'>illa</span> <span class='ocrx_word' id='word_1_294' title='bbox 707 2918 779 2974; x_wconf 90' lang='lat' dir='ltr'>enim</span> <span class='ocrx_word' id='word_1_295' title='bbox 794 2917 979 2973; x_wconf 89' lang='lat' dir='ltr'>resurrectio-</span> 
     </span>
    </p>
   </div>
   <div class='ocr_carea' id='block_1_20' title="bbox 182 3005 1020 3116">
    <p class='ocr_par' dir='ltr' id='par_1_23' title="bbox 182 3005 1020 3116">
     <span class='ocr_line' id='line_1_46' title="bbox 182 3005 1020 3116; baseline -0.012 -48"><span class='ocrx_word' id='word_1_296' title='bbox 182 3028 228 3078; x_wconf 90' lang='lat' dir='ltr'>no,</span> <span class='ocrx_word' id='word_1_297' title='bbox 244 3011 321 3066; x_wconf 91' lang='lat' dir='ltr'>ibunt</span> <span class='ocrx_word' id='word_1_298' title='bbox 333 3009 377 3063; x_wconf 90' lang='lat' dir='ltr'>vel</span> <span class='ocrx_word' id='word_1_299' title='bbox 394 3009 421 3064; x_wconf 92' lang='lat' dir='ltr'>in</span> <span class='ocrx_word' id='word_1_300' title='bbox 437 3007 517 3063; x_wconf 90' lang='lat' dir='ltr'>vitam</span> <span class='ocrx_word' id='word_1_301' title='bbox 528 3015 658 3063; x_wconf 80' lang='lat' dir='ltr'>oetcruam</span> <span class='ocrx_word' id='word_1_302' title='bbox 670 3006 714 3062; x_wconf 88' lang='lat' dir='ltr'>vel</span> <span class='ocrx_word' id='word_1_303' title='bbox 728 3005 755 3062; x_wconf 91' lang='lat' dir='ltr'>in</span> <span class='ocrx_word' id='word_1_304' title='bbox 771 3014 901 3063; x_wconf 80' lang='lat' dir='ltr'>aeternum</span> <span class='ocrx_word' id='word_1_305' title='bbox 928 3021 977 3077; x_wconf 94' lang='lat' dir='ltr'>op·</span> <span class='ocrx_word' id='word_1_306' title='bbox 995 3051 1020 3116; x_wconf 76' lang='lat' dir='ltr'>C</span> 
     </span>
    </p>
   </div>
   <div class='ocr_carea' id='block_1_21' title="bbox 184 3103 980 3264">
    <p class='ocr_par' dir='ltr' id='par_1_24' title="bbox 184 3103 980 3264">
     <span class='ocr_line' id='line_1_47' title="bbox 184 3103 698 3182; baseline -0.012 -18"><span class='ocrx_word' id='word_1_307' title='bbox 184 3107 325 3182; x_wconf 88' lang='lat' dir='ltr'>probrium</span> <span class='ocrx_word' id='word_1_308' title='bbox 340 3107 433 3174; x_wconf 74' lang='lat' dir='ltr'>(loon.</span> <span class='ocrx_word' id='word_1_309' title='bbox 449 3121 466 3161; x_wconf 90' lang='lat' dir='ltr'>v</span> <span class='ocrx_word' id='word_1_310' title='bbox 482 3123 489 3172; x_wconf 85' lang='lat'>;</span> <span class='ocrx_word' id='word_1_311' title='bbox 506 3103 607 3160; x_wconf 77' lang='lat' dir='ltr'>botta.</span> <span class='ocrx_word' id='word_1_312' title='bbox 619 3106 698 3174; x_wconf 86' lang='lat' dir='ltr'>xxv).</span> 
     </span>
     <span class='ocr_line' id='line_1_48' title="bbox 217 3190 980 3264; baseline -0.008 -12"><span class='ocrx_word' id='word_1_313' title='bbox 217 3198 341 3253; x_wconf 83' lang='lat' dir='ltr'>blovsss.</span> <span class='ocrx_word' id='word_1_314' title='bbox 356 3194 519 3251; x_wconf 88' lang='lat' dir='ltr'>inveniesne</span> <span class='ocrx_word' id='word_1_315' title='bbox 533 3190 635 3263; x_wconf 91' lang='lat' dir='ltr'>aliquid</span> <span class='ocrx_word' id='word_1_316' title='bbox 650 3191 723 3264; x_wconf 91' lang='lat' dir='ltr'>quod</span> <span class='ocrx_word' id='word_1_317' title='bbox 737 3199 834 3248; x_wconf 87' lang='lat' dir='ltr'>contra</span> <span class='ocrx_word' id='word_1_318' title='bbox 849 3190 980 3247; x_wconf 82' lang='lat' dir='ltr'>Ezechie-</span> 
     </span>
    </p>
   </div>
   <div class='ocr_carea' id='block_1_22' title="bbox 1070 1759 1832 1833">
    <p class='ocr_par' dir='ltr' id='par_1_25' title="bbox 1070 1759 1832 1833">
     <span class='ocr_line' id='line_1_49' title="bbox 1070 1759 1832 1833; baseline 0.003 -20"><span class='ocrx_word' id='word_1_319' title='bbox 1070 1759 1192 1815; x_wconf 83' lang='lat' dir='ltr'>Pnraus.</span> <span class='ocrx_word' id='word_1_320' title='bbox 1214 1759 1329 1830; x_wconf 82' lang='lat' dir='ltr'>Spiritus</span> <span class='ocrx_word' id='word_1_321' title='bbox 1344 1761 1496 1832; x_wconf 89' lang='lat' dir='ltr'>corporalis</span> <span class='ocrx_word' id='word_1_322' title='bbox 1511 1777 1611 1833; x_wconf 90' lang='lat' dir='ltr'>eorpus</span> <span class='ocrx_word' id='word_1_323' title='bbox 1622 1760 1735 1833; x_wconf 92' lang='lat' dir='ltr'>quidem</span> <span class='ocrx_word' id='word_1_324' title='bbox 1751 1760 1832 1816; x_wconf 81' lang='lat' dir='ltr'>lesis-</span> 
     </span>
    </p>
   </div>
   <div class='ocr_carea' id='block_1_23' title="bbox 1033 1855 1832 2016">
    <p class='ocr_par' dir='ltr' id='par_1_26' title="bbox 1033 1855 1832 2016">
     <span class='ocr_line' id='line_1_50' title="bbox 1034 1855 1832 1931; baseline 0.004 -20"><span class='ocrx_word' id='word_1_325' title='bbox 1034 1855 1133 1912; x_wconf 88' lang='lat' dir='ltr'>simum</span> <span class='ocrx_word' id='word_1_326' title='bbox 1149 1863 1193 1913; x_wconf 87' lang='lat' dir='ltr'>est</span> <span class='ocrx_word' id='word_1_327' title='bbox 1211 1866 1238 1913; x_wconf 90' lang='lat' dir='ltr'>et</span> <span class='ocrx_word' id='word_1_328' title='bbox 1252 1858 1471 1925; x_wconf 90' lang='lat' dir='ltr'>subtilissimum,</span> <span class='ocrx_word' id='word_1_329' title='bbox 1482 1859 1554 1931; x_wconf 93' lang='lat' dir='ltr'>quod</span> <span class='ocrx_word' id='word_1_330' title='bbox 1568 1859 1594 1913; x_wconf 89' lang='lat' dir='ltr'>in</span> <span class='ocrx_word' id='word_1_331' title='bbox 1611 1857 1732 1914; x_wconf 90' lang='lat' dir='ltr'>bominis</span> <span class='ocrx_word' id='word_1_332' title='bbox 1741 1873 1832 1930; x_wconf 81' lang='lat' dir='ltr'>corpo</span> 
     </span>
     <span class='ocr_line' id='line_1_51' title="bbox 1033 1945 1831 2016; baseline 0.004 -17"><span class='ocrx_word' id='word_1_333' title='bbox 1033 1960 1105 1999; x_wconf 88' lang='lat' dir='ltr'>reex</span> <span class='ocrx_word' id='word_1_334' title='bbox 1115 1956 1231 2016; x_wconf 90' lang='lat' dir='ltr'>quatuor</span> <span class='ocrx_word' id='word_1_335' title='bbox 1245 1947 1441 2002; x_wconf 86' lang='lat' dir='ltr'>elementorum</span> <span class='ocrx_word' id='word_1_336' title='bbox 1456 1945 1485 2002; x_wconf 85' lang='lat' dir='ltr'>m</span> <span class='ocrx_word' id='word_1_337' title='bbox 1499 1948 1702 2016; x_wconf 86' lang='lat' dir='ltr'>conjunctione,</span> <span class='ocrx_word' id='word_1_338' title='bbox 1718 1954 1745 2002; x_wconf 88' lang='lat' dir='ltr'>et</span> <span class='ocrx_word' id='word_1_339' title='bbox 1759 1961 1831 2002; x_wconf 84' lang='lat' dir='ltr'>exeo</span> 
     </span>
    </p>
   </div>
   <div class='ocr_carea' id='block_1_24' title="bbox 1034 2041 1831 2206">
    <p class='ocr_par' dir='ltr' id='par_1_27' title="bbox 1034 2041 1831 2206">
     <span class='ocr_line' id='line_1_52' title="bbox 1035 2041 1831 2118; baseline 0.003 -21"><span class='ocrx_word' id='word_1_340' title='bbox 1035 2041 1096 2098; x_wconf 87' lang='lat' dir='ltr'>loco</span> <span class='ocrx_word' id='word_1_341' title='bbox 1110 2043 1139 2097; x_wconf 90' lang='lat' dir='ltr'>iu</span> <span class='ocrx_word' id='word_1_342' title='bbox 1154 2045 1399 2116; x_wconf 84' lang='lat' dir='ltr'>omnesspargitur</span> <span class='ocrx_word' id='word_1_343' title='bbox 1412 2062 1505 2111; x_wconf 90' lang='lat' dir='ltr'>venas,</span> <span class='ocrx_word' id='word_1_344' title='bbox 1523 2047 1629 2118; x_wconf 85' lang='lat' dir='ltr'>ipsique</span> <span class='ocrx_word' id='word_1_345' title='bbox 1653 2044 1763 2117; x_wconf 85' lang='lat' dir='ltr'>corpori</span> <span class='ocrx_word' id='word_1_346' title='bbox 1791 2044 1831 2100; x_wconf 91' lang='lat' dir='ltr'>tri·</span> 
     </span>
     <span class='ocr_line' id='line_1_53' title="bbox 1034 2132 1828 2206; baseline 0.004 -20"><span class='ocrx_word' id='word_1_347' title='bbox 1034 2132 1088 2187; x_wconf 92' lang='lat' dir='ltr'>buit</span> <span class='ocrx_word' id='word_1_348' title='bbox 1102 2133 1195 2197; x_wconf 90' lang='lat' dir='ltr'>vitam,</span> <span class='ocrx_word' id='word_1_349' title='bbox 1212 2139 1238 2188; x_wconf 91' lang='lat' dir='ltr'>et</span> <span class='ocrx_word' id='word_1_350' title='bbox 1251 2134 1374 2203; x_wconf 88' lang='lat' dir='ltr'>balitum,</span> <span class='ocrx_word' id='word_1_351' title='bbox 1386 2143 1413 2190; x_wconf 93' lang='lat' dir='ltr'>et</span> <span class='ocrx_word' id='word_1_352' title='bbox 1427 2135 1533 2190; x_wconf 88' lang='lat' dir='ltr'>atteriis</span> <span class='ocrx_word' id='word_1_353' title='bbox 1547 2135 1690 2191; x_wconf 89' lang='lat' dir='ltr'>assiduum</span> <span class='ocrx_word' id='word_1_354' title='bbox 1714 2133 1828 2206; x_wconf 89' lang='lat' dir='ltr'>pulsum,</span> 
     </span>
    </p>
   </div>
   <div class='ocr_carea' id='block_1_25' title="bbox 1034 2231 1830 2481">
    <p class='ocr_par' dir='ltr' id='par_1_28' title="bbox 1034 2231 1830 2481">
     <span class='ocr_line' id='line_1_54' title="bbox 1034 2231 1829 2304; baseline 0.001 -19"><span class='ocrx_word' id='word_1_355' title='bbox 1034 2240 1061 2285; x_wconf 89' lang='lat' dir='ltr'>et</span> <span class='ocrx_word' id='word_1_356' title='bbox 1076 2231 1225 2286; x_wconf 90' lang='lat' dir='ltr'>naturalem</span> <span class='ocrx_word' id='word_1_357' title='bbox 1241 2231 1359 2287; x_wconf 92' lang='lat' dir='ltr'>bominis</span> <span class='ocrx_word' id='word_1_358' title='bbox 1370 2239 1484 2299; x_wconf 85' lang='lat' dir='ltr'>molum,</span> <span class='ocrx_word' id='word_1_359' title='bbox 1501 2233 1552 2289; x_wconf 88' lang='lat' dir='ltr'>boc</span> <span class='ocrx_word' id='word_1_360' title='bbox 1562 2248 1624 2287; x_wconf 92' lang='lat' dir='ltr'>cum</span> <span class='ocrx_word' id='word_1_361' title='bbox 1635 2231 1829 2304; x_wconf 87' lang='lat' dir='ltr'>corporeqnod</span> 
     </span>
     <span class='ocr_line' id='line_1_55' title="bbox 1035 2315 1830 2391; baseline 0.004 -20"><span class='ocrx_word' id='word_1_362' title='bbox 1035 2315 1154 2374; x_wconf 88' lang='lat' dir='ltr'>vivificat</span> <span class='ocrx_word' id='word_1_363' title='bbox 1168 2319 1248 2374; x_wconf 89' lang='lat' dir='ltr'>simul</span> <span class='ocrx_word' id='word_1_364' title='bbox 1272 2321 1467 2391; x_wconf 88' lang='lat' dir='ltr'>corrumpitur.</span> <span class='ocrx_word' id='word_1_365' title='bbox 1501 2322 1551 2376; x_wconf 86' lang='lat' dir='ltr'>Est</span> <span class='ocrx_word' id='word_1_366' title='bbox 1568 2329 1660 2377; x_wconf 88' lang='lat' dir='ltr'>autem</span> <span class='ocrx_word' id='word_1_367' title='bbox 1690 2318 1830 2376; x_wconf 85' lang='lat' dir='ltr'>rationalis</span> 
     </span>
     <span class='ocr_line' id='line_1_56' title="bbox 1034 2406 1828 2481; baseline 0.006 -22"><span class='ocrx_word' id='word_1_368' title='bbox 1034 2406 1125 2461; x_wconf 89' lang='lat' dir='ltr'>anima</span> <span class='ocrx_word' id='word_1_369' title='bbox 1144 2408 1295 2464; x_wconf 87' lang='lat' dir='ltr'>substantia</span> <span class='ocrx_word' id='word_1_370' title='bbox 1310 2425 1358 2480; x_wconf 90' lang='lat' dir='ltr'>per</span> <span class='ocrx_word' id='word_1_371' title='bbox 1372 2424 1403 2464; x_wconf 91' lang='lat' dir='ltr'>se</span> <span class='ocrx_word' id='word_1_372' title='bbox 1428 2409 1581 2465; x_wconf 86' lang='lat' dir='ltr'>subsistens</span> <span class='ocrx_word' id='word_1_373' title='bbox 1599 2409 1763 2481; x_wconf 89' lang='lat' dir='ltr'>incorpores</span> <span class='ocrx_word' id='word_1_374' title='bbox 1787 2424 1828 2464; x_wconf 91' lang='lat' dir='ltr'>vo·</span> 
     </span>
    </p>
   </div>
   <div class='ocr_carea' id='block_1_26' title="bbox 1031 2503 1831 2947">
    <p class='ocr_par' dir='ltr' id='par_1_29' title="bbox 1031 2503 1831 2863">
     <span class='ocr_line' id='line_1_57' title="bbox 1035 2503 1828 2579; baseline 0.003 -21"><span class='ocrx_word' id='word_1_375' title='bbox 1035 2503 1152 2560; x_wconf 90' lang='lat' dir='ltr'>luntario</span> <span class='ocrx_word' id='word_1_376' title='bbox 1165 2515 1238 2561; x_wconf 93' lang='lat' dir='ltr'>motu</span> <span class='ocrx_word' id='word_1_377' title='bbox 1252 2507 1356 2562; x_wconf 90' lang='lat' dir='ltr'>moveri</span> <span class='ocrx_word' id='word_1_378' title='bbox 1370 2507 1477 2563; x_wconf 90' lang='lat' dir='ltr'>taciens</span> <span class='ocrx_word' id='word_1_379' title='bbox 1491 2523 1605 2578; x_wconf 91' lang='lat' dir='ltr'>corpus,</span> <span class='ocrx_word' id='word_1_380' title='bbox 1614 2508 1675 2579; x_wconf 91' lang='lat' dir='ltr'>ipsa</span> <span class='ocrx_word' id='word_1_381' title='bbox 1687 2506 1828 2563; x_wconf 85' lang='lat' dir='ltr'>tamenim·</span> 
     </span>
     <span class='ocr_line' id='line_1_58' title="bbox 1034 2603 1831 2677; baseline 0.001 -20"><span class='ocrx_word' id='word_1_382' title='bbox 1034 2603 1143 2658; x_wconf 90' lang='lat' dir='ltr'>mobilis</span> <span class='ocrx_word' id='word_1_383' title='bbox 1169 2619 1345 2675; x_wconf 86' lang='lat' dir='ltr'>permanens,</span> <span class='ocrx_word' id='word_1_384' title='bbox 1374 2621 1490 2676; x_wconf 91' lang='lat' dir='ltr'>corpore</span> <span class='ocrx_word' id='word_1_385' title='bbox 1513 2620 1621 2677; x_wconf 93' lang='lat' dir='ltr'>quoque</span> <span class='ocrx_word' id='word_1_386' title='bbox 1648 2605 1695 2661; x_wconf 90' lang='lat' dir='ltr'>cui</span> <span class='ocrx_word' id='word_1_387' title='bbox 1720 2605 1831 2660; x_wconf 76' lang='lat' dir='ltr'>inhaeret</span> 
     </span>
     <span class='ocr_line' id='line_1_59' title="bbox 1034 2693 1830 2765; baseline -0.001 -16"><span class='ocrx_word' id='word_1_388' title='bbox 1034 2699 1173 2762; x_wconf 88' lang='lat' dir='ltr'>corrupto,</span> <span class='ocrx_word' id='word_1_389' title='bbox 1191 2693 1407 2764; x_wconf 90' lang='lat' dir='ltr'>incorruptibilis</span> <span class='ocrx_word' id='word_1_390' title='bbox 1425 2693 1556 2759; x_wconf 82' lang='lat' dir='ltr'>existens,</span> <span class='ocrx_word' id='word_1_391' title='bbox 1571 2693 1667 2765; x_wconf 85' lang='lat' dir='ltr'>generi</span> <span class='ocrx_word' id='word_1_392' title='bbox 1688 2694 1772 2749; x_wconf 89' lang='lat' dir='ltr'>etiarn</span> <span class='ocrx_word' id='word_1_393' title='bbox 1786 2693 1830 2748; x_wconf 88' lang='lat' dir='ltr'>ad·</span> 
     </span>
     <span class='ocr_line' id='line_1_60' title="bbox 1031 2788 1635 2863; baseline 0.003 -18"><span class='ocrx_word' id='word_1_394' title='bbox 1031 2788 1127 2861; x_wconf 90' lang='lat' dir='ltr'>juncta</span> <span class='ocrx_word' id='word_1_395' title='bbox 1138 2790 1258 2860; x_wconf 87' lang='lat' dir='ltr'>speciem</span> <span class='ocrx_word' id='word_1_396' title='bbox 1273 2790 1391 2846; x_wconf 89' lang='lat' dir='ltr'>bominis</span> <span class='ocrx_word' id='word_1_397' title='bbox 1406 2793 1467 2863; x_wconf 89' lang='lat' dir='ltr'>ipsa</span> <span class='ocrx_word' id='word_1_398' title='bbox 1479 2790 1635 2863; x_wconf 85' lang='lat' dir='ltr'>perficiens.</span> 
     </span>
    </p>

    <p class='ocr_par' dir='ltr' id='par_1_30' title="bbox 1069 2889 1830 2947">
     <span class='ocr_line' id='line_1_61' title="bbox 1069 2889 1830 2947; baseline 0.004 -4"><span class='ocrx_word' id='word_1_399' title='bbox 1069 2889 1192 2944; x_wconf 78' lang='lat' dir='ltr'>Marsua.</span> <span class='ocrx_word' id='word_1_400' title='bbox 1210 2889 1320 2945; x_wconf 88' lang='lat' dir='ltr'>ltemini</span> <span class='ocrx_word' id='word_1_401' title='bbox 1334 2889 1434 2945; x_wconf 90' lang='lat' dir='ltr'>multos</span> <span class='ocrx_word' id='word_1_402' title='bbox 1447 2899 1510 2946; x_wconf 89' lang='lat' dir='ltr'>ante</span> <span class='ocrx_word' id='word_1_403' title='bbox 1525 2904 1575 2945; x_wconf 90' lang='lat' dir='ltr'>nos</span> <span class='ocrx_word' id='word_1_404' title='bbox 1590 2889 1697 2947; x_wconf 82' lang='lat' dir='ltr'>dixisse</span> <span class='ocrx_word' id='word_1_405' title='bbox 1712 2890 1830 2946; x_wconf 91' lang='lat' dir='ltr'>animam</span> 
     </span>
    </p>
   </div>
   <div class='ocr_carea' id='block_1_27' title="bbox 1035 2987 1831 3147">
    <p class='ocr_par' dir='ltr' id='par_1_31' title="bbox 1035 2987 1831 3147">
     <span class='ocr_line' id='line_1_62' title="bbox 1035 2987 1831 3061; baseline 0.008 -20"><span class='ocrx_word' id='word_1_406' title='bbox 1035 2987 1223 3042; x_wconf 77' lang='lat' dir='ltr'>rationabilem</span> <span class='ocrx_word' id='word_1_407' title='bbox 1239 3003 1272 3043; x_wconf 86' lang='lat' dir='ltr'>ex</span> <span class='ocrx_word' id='word_1_408' title='bbox 1288 2996 1403 3060; x_wconf 88' lang='lat' dir='ltr'>quatuor</span> <span class='ocrx_word' id='word_1_409' title='bbox 1426 2988 1625 3045; x_wconf 88' lang='lat' dir='ltr'>elementorum</span> <span class='ocrx_word' id='word_1_410' title='bbox 1640 2989 1831 3061; x_wconf 85' lang='lat' dir='ltr'>conjunctione</span> 
     </span>
     <span class='ocr_line' id='line_1_63' title="bbox 1035 3075 1831 3147; baseline 0.003 -14"><span class='ocrx_word' id='word_1_411' title='bbox 1035 3075 1133 3133; x_wconf 87' lang='lat' dir='ltr'>creari.</span> <span class='ocrx_word' id='word_1_412' title='bbox 1151 3075 1219 3145; x_wconf 83' lang='lat' dir='ltr'>Quae</span> <span class='ocrx_word' id='word_1_413' title='bbox 1235 3077 1464 3147; x_wconf 90' lang='lat' dir='ltr'>conjunctio,cum</span> <span class='ocrx_word' id='word_1_414' title='bbox 1480 3078 1617 3134; x_wconf 88' lang='lat' dir='ltr'>subtiliter</span> <span class='ocrx_word' id='word_1_415' title='bbox 1631 3078 1670 3147; x_wconf 91' lang='lat' dir='ltr'>lit,</span> <span class='ocrx_word' id='word_1_416' title='bbox 1687 3078 1756 3135; x_wconf 87' lang='lat' dir='ltr'>nibil</span> <span class='ocrx_word' id='word_1_417' title='bbox 1770 3080 1831 3137; x_wconf 90' lang='lat' dir='ltr'>den·</span> 
     </span>
    </p>
   </div>
   <div class='ocr_carea' id='block_1_28' title="bbox 1034 3175 1829 3245">
    <p class='ocr_par' dir='ltr' id='par_1_32' title="bbox 1034 3175 1829 3245">
     <span class='ocr_line' id='line_1_64' title="bbox 1034 3175 1829 3245; baseline 0.006 -15"><span class='ocrx_word' id='word_1_418' title='bbox 1034 3175 1121 3231; x_wconf 88' lang='lat' dir='ltr'>sitatis</span> <span class='ocrx_word' id='word_1_419' title='bbox 1137 3175 1240 3230; x_wconf 80' lang='lat' dir='ltr'>babens</span> <span class='ocrx_word' id='word_1_420' title='bbox 1254 3175 1282 3230; x_wconf 94' lang='lat' dir='ltr'>in</span> <span class='ocrx_word' id='word_1_421' title='bbox 1297 3192 1338 3245; x_wconf 91' lang='lat' dir='ltr'>se,</span> <span class='ocrx_word' id='word_1_422' title='bbox 1353 3175 1608 3232; x_wconf 79' lang='lat' dir='ltr'>dixeruntanimam</span> <span class='ocrx_word' id='word_1_423' title='bbox 1618 3178 1829 3244; x_wconf 64' lang='lat' dir='ltr'>scodrensem</span> 
     </span>
    </p>
   </div>
   <div class='ocr_carea' id='block_1_29' title="bbox 182 3263 1831 4000">
    <p class='ocr_par' dir='ltr' id='par_1_33' title="bbox 182 3263 1831 4000">
     <span class='ocr_line' id='line_1_65' title="bbox 182 3263 1828 3366; baseline 0.003 -48"><span class='ocrx_word' id='word_1_424' title='bbox 182 3295 236 3353; x_wconf 63' lang='lat' dir='ltr'>lem</span> <span class='ocrx_word' id='word_1_425' title='bbox 251 3294 412 3366; x_wconf 46' lang='lat' dir='ltr'>prophetam</span> <span class='ocrx_word' id='word_1_426' title='bbox 427 3292 520 3348; x_wconf 53' lang='lat' dir='ltr'><strong>dicere</strong></span> <span class='ocrx_word' id='word_1_427' title='bbox 530 3288 706 3361; x_wconf 45' lang='lat' dir='ltr'><strong>9055quOE</strong></span> <span class='ocrx_word' id='word_1_428' title='bbox 725 3305 788 3345; x_wconf 59' lang='lat' dir='ltr'>cum</span> <span class='ocrx_word' id='word_1_429' title='bbox 799 3288 890 3359; x_wconf 62' lang='lat' dir='ltr'>plum</span> <span class='ocrx_word' id='word_1_430' title='bbox 905 3304 981 3344; x_wconf 52' lang='lat' dir='ltr'>mor,</span> <span class='ocrx_word' id='word_1_431' title='bbox 1035 3265 1133 3364; x_wconf 80' lang='lat' dir='ltr'>sivero</span> <span class='ocrx_word' id='word_1_432' title='bbox 1148 3263 1323 3364; x_wconf 78' lang='lat' dir='ltr'>obscuritatis</span> <span class='ocrx_word' id='word_1_433' title='bbox 1351 3264 1457 3336; x_wconf 89' lang='lat' dir='ltr'>aliquid</span> <span class='ocrx_word' id='word_1_434' title='bbox 1471 3266 1568 3320; x_wconf 87' lang='lat' dir='ltr'>babeat</span> <span class='ocrx_word' id='word_1_435' title='bbox 1596 3275 1623 3322; x_wconf 90' lang='lat' dir='ltr'>et</span> <span class='ocrx_word' id='word_1_436' title='bbox 1636 3267 1828 3337; x_wconf 86' lang='lat' dir='ltr'>spissitudinis,</span> 
     </span>
     <span class='ocr_line' id='line_1_66' title="bbox 184 3353 1831 3445; baseline -0.005 -9"><span class='ocrx_word' id='word_1_437' title='bbox 184 3387 248 3436; x_wconf 91' lang='lat' dir='ltr'>tuos</span> <span class='ocrx_word' id='word_1_438' title='bbox 262 3378 353 3433; x_wconf 86' lang='lat' dir='ltr'>divina</span> <span class='ocrx_word' id='word_1_439' title='bbox 368 3376 527 3432; x_wconf 89' lang='lat' dir='ltr'>suscitasset</span> <span class='ocrx_word' id='word_1_440' title='bbox 542 3374 651 3440; x_wconf 78' lang='lat' dir='ltr'>vimute,</span> <span class='ocrx_word' id='word_1_441' title='bbox 668 3374 702 3428; x_wconf 88' lang='lat' dir='ltr'>de</span> <span class='ocrx_word' id='word_1_442' title='bbox 717 3371 981 3445; x_wconf 81' lang='lat' dir='ltr'>futurisquoquehis</span> <span class='ocrx_word' id='word_1_443' title='bbox 1033 3353 1289 3408; x_wconf 62' lang='lat' dir='ltr'>⁶¹¹0i¹¹⁰¹⁸¹¹¹¹¹¹⁸¹¹¹</span> <span class='ocrx_word' id='word_1_444' title='bbox 1318 3355 1681 3427; x_wconf 55' lang='lat' dir='ltr'>sett¹¹0¹¹¹i⁵ie‘mmmm</span> <span class='ocrx_word' id='word_1_445' title='bbox 1698 3356 1745 3412; x_wconf 63' lang='lat'>¹⁸¹5</span> <span class='ocrx_word' id='word_1_446' title='bbox 1768 3356 1831 3413; x_wconf 66' lang='lat' dir='ltr'>illud</span> 
     </span>
     <span class='ocr_line' id='line_1_67' title="bbox 186 3443 1831 3525; baseline -0.005 0"><span class='ocrx_word' id='word_1_447' title='bbox 186 3468 348 3525; x_wconf 87' lang='lat' dir='ltr'>vaticinatus</span> <span class='ocrx_word' id='word_1_448' title='bbox 374 3473 415 3520; x_wconf 87' lang='lat' dir='ltr'>est</span> <span class='ocrx_word' id='word_1_449' title='bbox 439 3463 529 3520; x_wconf 79' lang='lat' dir='ltr'>verbis</span> <span class='ocrx_word' id='word_1_450' title='bbox 546 3480 552 3517; x_wconf 89' lang='lat'>:</span> <span class='ocrx_word' id='word_1_451' title='bbox 568 3464 631 3519; x_wconf 88' lang='lat' dir='ltr'>lloec</span> <span class='ocrx_word' id='word_1_452' title='bbox 650 3462 720 3519; x_wconf 86' lang='lat' dir='ltr'>dicit</span> <span class='ocrx_word' id='word_1_453' title='bbox 740 3462 874 3518; x_wconf 82' lang='lat' dir='ltr'>Dominus</span> <span class='ocrx_word' id='word_1_454' title='bbox 885 3461 981 3518; x_wconf 73' lang='lat' dir='ltr'>Deus:</span> <span class='ocrx_word' id='word_1_455' title='bbox 1033 3450 1195 3514; x_wconf 61' lang='lat' dir='ltr'>‘fiumenw</span> <span class='ocrx_word' id='word_1_456' title='bbox 1209 3443 1373 3513; x_wconf 51' lang='lat' dir='ltr'>imiimi&amp;</span> <span class='ocrx_word' id='word_1_457' title='bbox 1388 3443 1431 3498; x_wconf 67' lang='lat'>3¹</span> <span class='ocrx_word' id='word_1_458' title='bbox 1446 3443 1831 3518; x_wconf 53' lang='lat' dir='ltr'>fldJ⁰⁰⁰¹iO¹¹0=i¹¹¹l¹¹i¹¹¹¹bq⁰ff</span> 
     </span>
     <span class='ocr_line' id='line_1_68' title="bbox 185 3538 1831 3637; baseline -0.01 -12"><span class='ocrx_word' id='word_1_459' title='bbox 185 3568 255 3625; x_wconf 80' lang='lat' dir='ltr'>Ecce</span> <span class='ocrx_word' id='word_1_460' title='bbox 271 3580 319 3636; x_wconf 82' lang='lat' dir='ltr'>epo</span> <span class='ocrx_word' id='word_1_461' title='bbox 334 3564 461 3634; x_wconf 84' lang='lat' dir='ltr'>aperiam</span> <span class='ocrx_word' id='word_1_462' title='bbox 472 3561 597 3616; x_wconf 76' lang='lat' dir='ltr'>tantatos</span> <span class='ocrx_word' id='word_1_463' title='bbox 609 3563 726 3625; x_wconf 82' lang='lat' dir='ltr'>vestros,</span> <span class='ocrx_word' id='word_1_464' title='bbox 736 3560 888 3614; x_wconf 85' lang='lat' dir='ltr'>etedacam</span> <span class='ocrx_word' id='word_1_465' title='bbox 898 3560 981 3615; x_wconf 86' lang='lat' dir='ltr'>oostn</span> <span class='ocrx_word' id='word_1_466' title='bbox 1034 3539 1158 3637; x_wconf 79' lang='lat' dir='ltr'>rumdam</span> <span class='ocrx_word' id='word_1_467' title='bbox 1173 3553 1264 3636; x_wconf 55' lang='lat' dir='ltr'>{emm</span> <span class='ocrx_word' id='word_1_468' title='bbox 1293 3538 1358 3594; x_wconf 59' lang='lat'>“¹5⁸</span> <span class='ocrx_word' id='word_1_469' title='bbox 1372 3539 1451 3610; x_wconf 88' lang='lat' dir='ltr'>gigni</span> <span class='ocrx_word' id='word_1_470' title='bbox 1474 3555 1547 3609; x_wconf 68' lang='lat' dir='ltr'>8aeliii</span> <span class='ocrx_word' id='word_1_471' title='bbox 1568 3539 1708 3608; x_wconf 55' lang='lat' dir='ltr'>iidemu&amp;</span> <span class='ocrx_word' id='word_1_472' title='bbox 1725 3541 1831 3597; x_wconf 72' lang='lat' dir='ltr'>0⁰l⁰r0⁸</span> 
     </span>
     <span class='ocr_line' id='line_1_69' title="bbox 188 3627 1831 3718; baseline -0.017 -6"><span class='ocrx_word' id='word_1_473' title='bbox 188 3651 396 3712; x_wconf 86' lang='lat' dir='ltr'>terromlsroct</span> <span class='ocrx_word' id='word_1_474' title='bbox 406 3649 518 3718; x_wconf 73' lang='lat' dir='ltr'>(auct.</span> <span class='ocrx_word' id='word_1_475' title='bbox 528 3652 639 3714; x_wconf 85' lang='lat' dir='ltr'>xxxrsr)</span> <span class='ocrx_word' id='word_1_476' title='bbox 654 3648 686 3701; x_wconf 88' lang='lat' dir='ltr'>Et</span> <span class='ocrx_word' id='word_1_477' title='bbox 696 3655 762 3717; x_wconf 92' lang='lat' dir='ltr'>post</span> <span class='ocrx_word' id='word_1_478' title='bbox 772 3662 878 3718; x_wconf 86' lang='lat' dir='ltr'>pauca:</span> <span class='ocrx_word' id='word_1_479' title='bbox 893 3648 982 3702; x_wconf 82' lang='lat' dir='ltr'>titre·</span> <span class='ocrx_word' id='word_1_480' title='bbox 1034 3628 1147 3693; x_wconf 80' lang='lat' dir='ltr'>acslrcet,</span> <span class='ocrx_word' id='word_1_481' title='bbox 1164 3634 1278 3682; x_wconf 80' lang='lat' dir='ltr'>virtutes</span> <span class='ocrx_word' id='word_1_482' title='bbox 1289 3635 1316 3682; x_wconf 89' lang='lat' dir='ltr'>et</span> <span class='ocrx_word' id='word_1_483' title='bbox 1326 3642 1409 3698; x_wconf 89' lang='lat' dir='ltr'>opera</span> <span class='ocrx_word' id='word_1_484' title='bbox 1423 3643 1486 3698; x_wconf 77' lang='lat' dir='ltr'>quae</span> <span class='ocrx_word' id='word_1_485' title='bbox 1499 3628 1533 3683; x_wconf 90' lang='lat' dir='ltr'>de</span> <span class='ocrx_word' id='word_1_486' title='bbox 1548 3627 1621 3683; x_wconf 87' lang='lat' dir='ltr'>nulls</span> <span class='ocrx_word' id='word_1_487' title='bbox 1635 3629 1831 3684; x_wconf 75' lang='lat' dir='ltr'>illarumsidis</span> 
     </span>
     <span class='ocr_line' id='line_1_70' title="bbox 185 3722 1830 3822; baseline -0.005 -21"><span class='ocrx_word' id='word_1_488' title='bbox 185 3743 327 3818; x_wconf 82' lang='lat' dir='ltr'>quiescere</span> <span class='ocrx_word' id='word_1_489' title='bbox 342 3741 598 3809; x_wconf 74' lang='lat' dir='ltr'>oossuciamsupcr</span> <span class='ocrx_word' id='word_1_490' title='bbox 614 3735 979 3805; x_wconf 79' lang='lat' dir='ltr'>buraumuestromttbid.).</span> <span class='ocrx_word' id='word_1_491' title='bbox 1030 3722 1134 3794; x_wconf 50' lang='lat' dir='ltr'><strong>1⁰¹¹&amp;ae</strong></span> <span class='ocrx_word' id='word_1_492' title='bbox 1158 3723 1297 3822; x_wconf 54' lang='lat' dir='ltr'>Sibilsfflffl</span> <span class='ocrx_word' id='word_1_493' title='bbox 1322 3723 1493 3795; x_wconf 59' lang='lat' dir='ltr'>militmur</span> <span class='ocrx_word' id='word_1_494' title='bbox 1515 3726 1692 3795; x_wconf 63' lang='lat' dir='ltr'>imitemini·</span> <span class='ocrx_word' id='word_1_495' title='bbox 1727 3726 1830 3784; x_wconf 70' lang='lat' dir='ltr'>Simili·</span> 
     </span>
     <span class='ocr_line' id='line_1_71' title="bbox 185 3816 1828 3913; baseline -0.007 -15"><span class='ocrx_word' id='word_1_496' title='bbox 185 3843 257 3898; x_wconf 87' lang='lat' dir='ltr'>Ecce</span> <span class='ocrx_word' id='word_1_497' title='bbox 271 3851 298 3896; x_wconf 88' lang='lat' dir='ltr'>et</span> <span class='ocrx_word' id='word_1_498' title='bbox 314 3834 657 3899; x_wconf 89' lang='lat' dir='ltr'>mortuossuscitandos,et</span> <span class='ocrx_word' id='word_1_499' title='bbox 671 3841 759 3888; x_wconf 89' lang='lat' dir='ltr'>terras</span> <span class='ocrx_word' id='word_1_500' title='bbox 769 3847 834 3888; x_wconf 88' lang='lat' dir='ltr'>snas</span> <span class='ocrx_word' id='word_1_501' title='bbox 849 3832 982 3887; x_wconf 89' lang='lat' dir='ltr'>inhabita·</span> <span class='ocrx_word' id='word_1_502' title='bbox 1033 3819 1265 3908; x_wconf 28' lang='lat' dir='ltr'>“f“lUO‘lufflssfle</span> <span class='ocrx_word' id='word_1_503' title='bbox 1279 3821 1304 3908; x_wconf 49' lang='grc' dir='ltr'>θ]</span> <span class='ocrx_word' id='word_1_504' title='bbox 1315 3827 1388 3879; x_wconf 62' lang='lat' dir='ltr'>“efen</span> <span class='ocrx_word' id='word_1_505' title='bbox 1398 3828 1485 3910; x_wconf 50' lang='lat' dir='ltr'>illim·</span> <span class='ocrx_word' id='word_1_506' title='bbox 1502 3821 1575 3870; x_wconf 58' lang='grc' dir='ltr'>ΜΝ</span> <span class='ocrx_word' id='word_1_507' title='bbox 1601 3816 1708 3913; x_wconf 49' lang='lat' dir='ltr'>iiiiii&amp;</span> <span class='ocrx_word' id='word_1_508' title='bbox 1718 3816 1828 3886; x_wconf 64' lang='grc' dir='ltr'>11111θῦ3·</span> 
     </span>
     <span class='ocr_line' id='line_1_72' title="bbox 186 3897 1831 4000; baseline -0.007 -13"><span class='ocrx_word' id='word_1_509' title='bbox 186 3939 262 3987; x_wconf 91' lang='lat' dir='ltr'>turos</span> <span class='ocrx_word' id='word_1_510' title='bbox 278 3925 452 4000; x_wconf 81' lang='lat' dir='ltr'>apertissime</span> <span class='ocrx_word' id='word_1_511' title='bbox 461 3924 683 3996; x_wconf 88' lang='lat' dir='ltr'>propbetaatque</span> <span class='ocrx_word' id='word_1_512' title='bbox 694 3921 880 3977; x_wconf 72' lang='lat' dir='ltr'>indubitanter</span> <span class='ocrx_word' id='word_1_513' title='bbox 891 3929 981 3977; x_wconf 88' lang='lat' dir='ltr'>osten·</span> <span class='ocrx_word' id='word_1_514' title='bbox 1033 3897 1171 3954; x_wconf 70' lang='lat'><strong>¹⁸¹¹⁰¹¹⁸¹¹⁸</strong></span> <span class='ocrx_word' id='word_1_515' title='bbox 1185 3898 1345 3968; x_wconf 61' lang='lat' dir='ltr'><strong>Pf⁰d⁰⁰¹¹¹¹f</strong></span> <span class='ocrx_word' id='word_1_516' title='bbox 1361 3914 1461 3966; x_wconf 74' lang='lat'>⁸⁰¹¹¹¹³=</span> <span class='ocrx_word' id='word_1_517' title='bbox 1481 3917 1541 3972; x_wconf 70' lang='lat' dir='ltr'><strong>&lt;1¹¹oe</strong></span> <span class='ocrx_word' id='word_1_518' title='bbox 1556 3909 1650 3956; x_wconf 50' lang='lat' dir='ltr'>“imin</span> <span class='ocrx_word' id='word_1_519' title='bbox 1661 3918 1686 3956; x_wconf 82' lang='lat'>⁵¹</span> <span class='ocrx_word' id='word_1_520' title='bbox 1696 3910 1831 3976; x_wconf 57' lang='lat' dir='ltr'>liumus</span> 
     </span>
    </p>
   </div>
   <div class='ocr_carea' id='block_1_30' title="bbox 185 4027 233 4083">
    <p class='ocr_par' dir='ltr' id='par_1_34' title="bbox 185 4027 233 4083">
     <span class='ocr_line' id='line_1_73' title="bbox 185 4027 233 4083; baseline -0.042 0"><span class='ocrx_word' id='word_1_521' title='bbox 185 4027 233 4083; x_wconf 90' lang='lat' dir='ltr'>dit.</span> 
     </span>
    </p>
   </div>
   <div class='ocr_carea' id='block_1_31' title="bbox 217 4121 1829 4236">
    <p class='ocr_par' dir='ltr' id='par_1_35' title="bbox 217 4121 1829 4236">
     <span class='ocr_line' id='line_1_74' title="bbox 217 4121 1829 4236; baseline 0.002 -16"><span class='ocrx_word' id='word_1_522' title='bbox 217 4130 342 4184; x_wconf 65' lang='lat' dir='ltr'><strong>pmus&#39;</strong></span> <span class='ocrx_word' id='word_1_523' title='bbox 361 4125 420 4181; x_wconf 54' lang='grc' dir='ltr'>ΗΜ</span> <span class='ocrx_word' id='word_1_524' title='bbox 433 4122 509 4195; x_wconf 56' lang='lat' dir='ltr'>prius</span> <span class='ocrx_word' id='word_1_525' title='bbox 524 4121 656 4179; x_wconf 57' lang='lat' dir='ltr'>debemm</span> <span class='ocrx_word' id='word_1_526' title='bbox 671 4122 818 4190; x_wconf 55' lang='lat' dir='ltr'>dmume’</span> <span class='ocrx_word' id='word_1_527' title='bbox 839 4128 867 4178; x_wconf 63' lang='lat' dir='ltr'><strong>m</strong></span> <span class='ocrx_word' id='word_1_528' title='bbox 878 4122 981 4220; x_wconf 58' lang='lat'>⁸⁰¹¹¹⁰?‘</span> <span class='ocrx_word' id='word_1_529' title='bbox 1029 4163 1173 4236; x_wconf 86' lang='lat' dir='ltr'>junctione</span> <span class='ocrx_word' id='word_1_530' title='bbox 1187 4164 1307 4236; x_wconf 87' lang='lat' dir='ltr'>perlecto</span> <span class='ocrx_word' id='word_1_531' title='bbox 1331 4165 1470 4221; x_wconf 87' lang='lat' dir='ltr'>rationalis</span> <span class='ocrx_word' id='word_1_532' title='bbox 1490 4166 1613 4223; x_wconf 89' lang='lat' dir='ltr'>nascitur</span> <span class='ocrx_word' id='word_1_533' title='bbox 1626 4166 1730 4236; x_wconf 89' lang='lat' dir='ltr'>anima,</span> <span class='ocrx_word' id='word_1_534' title='bbox 1751 4169 1829 4226; x_wconf 88' lang='lat' dir='ltr'>debat</span> 
     </span>
    </p>
   </div>
   <div class='ocr_carea' id='block_1_32' title="bbox 183 4211 981 4372">
    <p class='ocr_par' dir='ltr' id='par_1_36' title="bbox 183 4211 981 4372">
     <span class='ocr_line' id='line_1_75' title="bbox 183 4211 981 4292; baseline -0.013 -18"><span class='ocrx_word' id='word_1_535' title='bbox 183 4217 255 4292; x_wconf 91' lang='lat' dir='ltr'>quali</span> <span class='ocrx_word' id='word_1_536' title='bbox 268 4232 316 4272; x_wconf 84' lang='lat' dir='ltr'>eos</span> <span class='ocrx_word' id='word_1_537' title='bbox 331 4211 503 4270; x_wconf 87' lang='lat' dir='ltr'>suscitaverit</span> <span class='ocrx_word' id='word_1_538' title='bbox 514 4211 595 4266; x_wconf 91' lang='lat' dir='ltr'>modo</span> <span class='ocrx_word' id='word_1_539' title='bbox 607 4211 746 4266; x_wconf 87' lang='lat' dir='ltr'>valeamus</span> <span class='ocrx_word' id='word_1_540' title='bbox 760 4225 924 4284; x_wconf 86' lang='lat' dir='ltr'>agnoscere,</span> <span class='ocrx_word' id='word_1_541' title='bbox 939 4226 981 4265; x_wconf 89' lang='lat' dir='ltr'>vr-</span> 
     </span>
     <span class='ocr_line' id='line_1_76' title="bbox 183 4298 979 4372; baseline -0.013 -10"><span class='ocrx_word' id='word_1_542' title='bbox 183 4307 283 4362; x_wconf 91' lang='lat' dir='ltr'>delicet</span> <span class='ocrx_word' id='word_1_543' title='bbox 295 4308 452 4372; x_wconf 89' lang='lat' dir='ltr'>utrumpost</span> <span class='ocrx_word' id='word_1_544' title='bbox 467 4299 670 4355; x_wconf 87' lang='lat' dir='ltr'>suscitationem</span> <span class='ocrx_word' id='word_1_545' title='bbox 684 4300 777 4355; x_wconf 89' lang='lat' dir='ltr'>omnia</span> <span class='ocrx_word' id='word_1_546' title='bbox 791 4298 902 4355; x_wconf 88' lang='lat' dir='ltr'>bumani</span> <span class='ocrx_word' id='word_1_547' title='bbox 917 4314 979 4354; x_wconf 91' lang='lat' dir='ltr'>cor-</span> 
     </span>
    </p>
   </div>
   <div class='ocr_carea' id='block_1_33' title="bbox 182 4386 1016 4471">
    <p class='ocr_par' dir='ltr' id='par_1_37' title="bbox 182 4386 1016 4471">
     <span class='ocr_line' id='line_1_77' title="bbox 182 4386 1016 4471; baseline -0.012 -22"><span class='ocrx_word' id='word_1_548' title='bbox 182 4393 259 4468; x_wconf 89' lang='lat' dir='ltr'>poris</span> <span class='ocrx_word' id='word_1_549' title='bbox 273 4389 363 4448; x_wconf 90' lang='lat' dir='ltr'>oliicia</span> <span class='ocrx_word' id='word_1_550' title='bbox 375 4387 556 4461; x_wconf 78' lang='lat' dir='ltr'>expleverint,</span> <span class='ocrx_word' id='word_1_551' title='bbox 571 4403 672 4443; x_wconf 88' lang='lat' dir='ltr'>necne.</span> <span class='ocrx_word' id='word_1_552' title='bbox 690 4388 761 4443; x_wconf 91' lang='lat' dir='ltr'>Nam</span> <span class='ocrx_word' id='word_1_553' title='bbox 775 4396 802 4443; x_wconf 92' lang='lat' dir='ltr'>et</span> <span class='ocrx_word' id='word_1_554' title='bbox 815 4388 869 4444; x_wconf 87' lang='lat' dir='ltr'>boc</span> <span class='ocrx_word' id='word_1_555' title='bbox 876 4386 1016 4471; x_wconf 75' lang='lat' dir='ltr'>picris-D</span> 
     </span>
    </p>
   </div>
   <div class='ocr_carea' id='block_1_34' title="bbox 184 4487 979 4647">
    <p class='ocr_par' dir='ltr' id='par_1_38' title="bbox 184 4487 979 4647">
     <span class='ocr_line' id='line_1_78' title="bbox 184 4487 505 4569; baseline -0.031 -18"><span class='ocrx_word' id='word_1_556' title='bbox 184 4493 278 4569; x_wconf 90' lang='lat' dir='ltr'>quein</span> <span class='ocrx_word' id='word_1_557' title='bbox 293 4490 404 4547; x_wconf 91' lang='lat' dir='ltr'>dubium</span> <span class='ocrx_word' id='word_1_558' title='bbox 419 4487 505 4544; x_wconf 90' lang='lat' dir='ltr'>veuit.</span> 
     </span>
     <span class='ocr_line' id='line_1_79' title="bbox 218 4573 979 4647; baseline -0.008 -10"><span class='ocrx_word' id='word_1_559' title='bbox 218 4584 347 4638; x_wconf 80' lang='lat' dir='ltr'>llovsm.</span> <span class='ocrx_word' id='word_1_560' title='bbox 365 4579 400 4635; x_wconf 86' lang='lat' dir='ltr'>Ut</span> <span class='ocrx_word' id='word_1_561' title='bbox 422 4573 509 4630; x_wconf 93' lang='lat' dir='ltr'>nostri</span> <span class='ocrx_word' id='word_1_562' title='bbox 531 4580 666 4630; x_wconf 90' lang='lat' dir='ltr'>testantur</span> <span class='ocrx_word' id='word_1_563' title='bbox 692 4575 827 4642; x_wconf 91' lang='lat' dir='ltr'>doctores,</span> <span class='ocrx_word' id='word_1_564' title='bbox 851 4591 905 4632; x_wconf 92' lang='lat' dir='ltr'>non</span> <span class='ocrx_word' id='word_1_565' title='bbox 928 4591 979 4647; x_wconf 90' lang='lat' dir='ltr'>per</span> 
     </span>
    </p>
   </div>
   <div class='ocr_carea' id='block_1_35' title="bbox 183 4664 981 4738">
    <p class='ocr_par' dir='ltr' id='par_1_39' title="bbox 183 4664 981 4738">
     <span class='ocr_line' id='line_1_80' title="bbox 183 4664 981 4738; baseline -0.011 -9"><span class='ocrx_word' id='word_1_566' title='bbox 183 4671 319 4731; x_wconf 90' lang='lat' dir='ltr'>somnium</span> <span class='ocrx_word' id='word_1_567' title='bbox 333 4667 381 4723; x_wconf 89' lang='lat' dir='ltr'>sed</span> <span class='ocrx_word' id='word_1_568' title='bbox 396 4664 515 4738; x_wconf 89' lang='lat' dir='ltr'>vigilans</span> <span class='ocrx_word' id='word_1_569' title='bbox 530 4678 578 4719; x_wconf 90' lang='lat' dir='ltr'>eos</span> <span class='ocrx_word' id='word_1_570' title='bbox 588 4679 740 4737; x_wconf 85' lang='lat' dir='ltr'>exsurgere</span> <span class='ocrx_word' id='word_1_571' title='bbox 754 4664 828 4720; x_wconf 87' lang='lat' dir='ltr'>tecit.</span> <span class='ocrx_word' id='word_1_572' title='bbox 848 4665 880 4719; x_wconf 84' lang='lat' dir='ltr'>Et</span> <span class='ocrx_word' id='word_1_573' title='bbox 894 4665 981 4720; x_wconf 91' lang='lat' dir='ltr'>utboc</span> 
     </span>
    </p>
   </div>
   <div class='ocr_carea' id='block_1_36' title="bbox 180 4761 979 4934">
    <p class='ocr_par' dir='ltr' id='par_1_40' title="bbox 180 4761 979 4934">
     <span class='ocr_line' id='line_1_81' title="bbox 180 4761 979 4844; baseline -0.014 -16"><span class='ocrx_word' id='word_1_574' title='bbox 180 4769 272 4844; x_wconf 90' lang='lat' dir='ltr'>magis</span> <span class='ocrx_word' id='word_1_575' title='bbox 286 4781 382 4823; x_wconf 89' lang='lat' dir='ltr'>verum</span> <span class='ocrx_word' id='word_1_576' title='bbox 396 4777 459 4820; x_wconf 89' lang='lat' dir='ltr'>esse</span> <span class='ocrx_word' id='word_1_577' title='bbox 477 4761 641 4831; x_wconf 89' lang='lat' dir='ltr'>innotescat,</span> <span class='ocrx_word' id='word_1_578' title='bbox 655 4761 731 4832; x_wconf 88' lang='lat' dir='ltr'>ipsos</span> <span class='ocrx_word' id='word_1_579' title='bbox 745 4777 841 4818; x_wconf 89' lang='lat' dir='ltr'>omnes</span> <span class='ocrx_word' id='word_1_580' title='bbox 856 4771 979 4818; x_wconf 90' lang='lat' dir='ltr'>mortuos</span> 
     </span>
     <span class='ocr_line' id='line_1_82' title="bbox 184 4850 979 4934; baseline -0.01 -19"><span class='ocrx_word' id='word_1_581' title='bbox 184 4875 254 4934; x_wconf 90' lang='lat' dir='ltr'>quos</span> <span class='ocrx_word' id='word_1_582' title='bbox 281 4856 342 4928; x_wconf 87' lang='lat' dir='ltr'>ipso</span> <span class='ocrx_word' id='word_1_583' title='bbox 371 4850 511 4909; x_wconf 86' lang='lat' dir='ltr'>suscitavit</span> <span class='ocrx_word' id='word_1_584' title='bbox 536 4850 571 4906; x_wconf 90' lang='lat' dir='ltr'>de</span> <span class='ocrx_word' id='word_1_585' title='bbox 587 4850 713 4922; x_wconf 79' lang='lat' dir='ltr'>Ephraim</span> <span class='ocrx_word' id='word_1_586' title='bbox 734 4850 808 4906; x_wconf 88' lang='lat' dir='ltr'>tribu</span> <span class='ocrx_word' id='word_1_587' title='bbox 831 4851 979 4922; x_wconf 86' lang='lat' dir='ltr'>perhibent</span> 
     </span>
    </p>
   </div>
   <div class='ocr_carea' id='block_1_37' title="bbox 183 4947 979 5109">
    <p class='ocr_par' dir='ltr' id='par_1_41' title="bbox 183 4947 979 5109">
     <span class='ocr_line' id='line_1_83' title="bbox 184 4947 979 5026; baseline -0.013 -13"><span class='ocrx_word' id='word_1_588' title='bbox 184 4956 278 5021; x_wconf 88' lang='lat' dir='ltr'>tuisse,</span> <span class='ocrx_word' id='word_1_589' title='bbox 294 4967 364 5026; x_wconf 92' lang='lat' dir='ltr'>quos</span> <span class='ocrx_word' id='word_1_590' title='bbox 378 4951 405 5005; x_wconf 88' lang='lat' dir='ltr'>in</span> <span class='ocrx_word' id='word_1_591' title='bbox 425 4947 585 5021; x_wconf 87' lang='lat' dir='ltr'>egressione</span> <span class='ocrx_word' id='word_1_592' title='bbox 600 4949 693 5020; x_wconf 92' lang='lat' dir='ltr'>populi</span> <span class='ocrx_word' id='word_1_593' title='bbox 708 4948 743 5003; x_wconf 90' lang='lat' dir='ltr'>de</span> <span class='ocrx_word' id='word_1_594' title='bbox 757 4948 872 5018; x_wconf 81' lang='lat' dir='ltr'>AEgypto</span> <span class='ocrx_word' id='word_1_595' title='bbox 881 4948 979 5004; x_wconf 89' lang='lat' dir='ltr'>dicitur</span> 
     </span>
     <span class='ocr_line' id='line_1_84' title="bbox 183 5037 978 5109; baseline -0.011 -8"><span class='ocrx_word' id='word_1_596' title='bbox 183 5044 285 5102; x_wconf 90' lang='lat' dir='ltr'>obiisse</span> <span class='ocrx_word' id='word_1_597' title='bbox 299 5043 327 5097; x_wconf 94' lang='lat' dir='ltr'>in</span> <span class='ocrx_word' id='word_1_598' title='bbox 341 5037 699 5109; x_wconf 87' lang='lat' dir='ltr'>Philistuinorumregione.</span> <span class='ocrx_word' id='word_1_599' title='bbox 718 5037 978 5093; x_wconf 82' lang='lat' dir='ltr'>Haecsutemsusci-</span> 
     </span>
    </p>
   </div>
   <div class='ocr_carea' id='block_1_38' title="bbox 184 5133 978 5405">
    <p class='ocr_par' dir='ltr' id='par_1_42' title="bbox 184 5133 978 5405">
     <span class='ocr_line' id='line_1_85' title="bbox 185 5133 978 5210; baseline -0.008 -15"><span class='ocrx_word' id='word_1_600' title='bbox 185 5140 249 5196; x_wconf 91' lang='lat' dir='ltr'>tatio</span> <span class='ocrx_word' id='word_1_601' title='bbox 265 5138 375 5210; x_wconf 90' lang='lat' dir='ltr'>signum</span> <span class='ocrx_word' id='word_1_602' title='bbox 389 5134 437 5190; x_wconf 86' lang='lat' dir='ltr'>iurt</span> <span class='ocrx_word' id='word_1_603' title='bbox 455 5134 561 5201; x_wconf 77' lang='lat' dir='ltr'>lutura,</span> <span class='ocrx_word' id='word_1_604' title='bbox 578 5144 606 5190; x_wconf 90' lang='lat' dir='ltr'>ut</span> <span class='ocrx_word' id='word_1_605' title='bbox 620 5134 848 5207; x_wconf 86' lang='lat' dir='ltr'>quemadmodum</span> <span class='ocrx_word' id='word_1_606' title='bbox 860 5133 899 5189; x_wconf 91' lang='lat' dir='ltr'>illi</span> <span class='ocrx_word' id='word_1_607' title='bbox 916 5150 978 5190; x_wconf 91' lang='lat' dir='ltr'>om·</span> 
     </span>
     <span class='ocr_line' id='line_1_86' title="bbox 184 5231 977 5304; baseline -0.005 -13"><span class='ocrx_word' id='word_1_608' title='bbox 184 5250 234 5291; x_wconf 85' lang='lat' dir='ltr'>nea</span> <span class='ocrx_word' id='word_1_609' title='bbox 244 5240 304 5288; x_wconf 92' lang='lat' dir='ltr'>sunt</span> <span class='ocrx_word' id='word_1_610' title='bbox 316 5248 366 5304; x_wconf 87' lang='lat' dir='ltr'>per</span> <span class='ocrx_word' id='word_1_611' title='bbox 388 5247 450 5286; x_wconf 92' lang='lat' dir='ltr'>eum</span> <span class='ocrx_word' id='word_1_612' title='bbox 478 5232 609 5298; x_wconf 88' lang='lat' dir='ltr'>suscitati,</span> <span class='ocrx_word' id='word_1_613' title='bbox 637 5232 677 5289; x_wconf 87' lang='lat' dir='ltr'>sic</span> <span class='ocrx_word' id='word_1_614' title='bbox 694 5238 723 5288; x_wconf 89' lang='lat' dir='ltr'>et</span> <span class='ocrx_word' id='word_1_615' title='bbox 738 5231 840 5303; x_wconf 89' lang='lat' dir='ltr'>reliqui</span> <span class='ocrx_word' id='word_1_616' title='bbox 854 5231 977 5289; x_wconf 88' lang='lat' dir='ltr'>universi</span> 
     </span>
     <span class='ocr_line' id='line_1_87' title="bbox 184 5328 679 5405; baseline -0.008 -16"><span class='ocrx_word' id='word_1_617' title='bbox 184 5331 348 5405; x_wconf 91' lang='lat' dir='ltr'>quandoque</span> <span class='ocrx_word' id='word_1_618' title='bbox 362 5328 510 5385; x_wconf 90' lang='lat' dir='ltr'>credantur</span> <span class='ocrx_word' id='word_1_619' title='bbox 520 5329 679 5386; x_wconf 90' lang='lat' dir='ltr'>suscitandi.</span> 
     </span>
    </p>
   </div>
   <div class='ocr_carea' id='block_1_39' title="bbox 182 5423 977 5666">
    <p class='ocr_par' dir='ltr' id='par_1_43' title="bbox 182 5423 977 5666">
     <span class='ocr_line' id='line_1_88' title="bbox 218 5423 977 5499; baseline 0.001 -14"><span class='ocrx_word' id='word_1_620' title='bbox 218 5431 337 5485; x_wconf 84' lang='lat' dir='ltr'>Parnon.</span> <span class='ocrx_word' id='word_1_621' title='bbox 353 5423 496 5494; x_wconf 86' lang='lat' dir='ltr'>Quomodo</span> <span class='ocrx_word' id='word_1_622' title='bbox 518 5425 573 5480; x_wconf 91' lang='lat' dir='ltr'>illis</span> <span class='ocrx_word' id='word_1_623' title='bbox 588 5442 683 5482; x_wconf 89' lang='lat' dir='ltr'>veram</span> <span class='ocrx_word' id='word_1_624' title='bbox 698 5434 724 5483; x_wconf 88' lang='lat' dir='ltr'>et</span> <span class='ocrx_word' id='word_1_625' title='bbox 734 5427 886 5499; x_wconf 87' lang='lat' dir='ltr'>perlectam</span> <span class='ocrx_word' id='word_1_626' title='bbox 908 5444 977 5486; x_wconf 92' lang='lat' dir='ltr'>con-</span> 
     </span>
     <span class='ocr_line' id='line_1_89' title="bbox 182 5514 977 5591; baseline -0.003 -16"><span class='ocrx_word' id='word_1_627' title='bbox 182 5519 242 5575; x_wconf 90' lang='lat' dir='ltr'>tulit</span> <span class='ocrx_word' id='word_1_628' title='bbox 256 5514 496 5578; x_wconf 86' lang='lat' dir='ltr'>resurrectionem,</span> <span class='ocrx_word' id='word_1_629' title='bbox 516 5531 579 5570; x_wconf 92' lang='lat' dir='ltr'>curu</span> <span class='ocrx_word' id='word_1_630' title='bbox 593 5517 713 5573; x_wconf 89' lang='lat' dir='ltr'>animam</span> <span class='ocrx_word' id='word_1_631' title='bbox 740 5533 912 5591; x_wconf 86' lang='lat' dir='ltr'>nequaquam</span> <span class='ocrx_word' id='word_1_632' title='bbox 938 5519 977 5575; x_wconf 92' lang='lat' dir='ltr'>illi</span> 
     </span>
     <span class='ocr_line' id='line_1_90' title="bbox 183 5601 539 5666; baseline -0.025 1"><span class='ocrx_word' id='word_1_633' title='bbox 183 5605 335 5666; x_wconf 87' lang='lat' dir='ltr'>reddiderit</span> <span class='ocrx_word' id='word_1_634' title='bbox 347 5601 509 5658; x_wconf 86' lang='lat' dir='ltr'>rationalem</span> <span class='ocrx_word' id='word_1_635' title='bbox 524 5603 539 5658; x_wconf 81' lang='lat' dir='ltr'>l</span> 
     </span>
    </p>
   </div>
   <div class='ocr_carea' id='block_1_40' title="bbox 214 5689 976 5774">
    <p class='ocr_par' dir='ltr' id='par_1_44' title="bbox 214 5689 976 5774">
     <span class='ocr_line' id='line_1_91' title="bbox 214 5689 976 5774; baseline 0.005 -19"><span class='ocrx_word' id='word_1_636' title='bbox 214 5698 337 5755; x_wconf 74' lang='lat' dir='ltr'>boreae.</span> <span class='ocrx_word' id='word_1_637' title='bbox 352 5689 475 5762; x_wconf 77' lang='lat' dir='ltr'>Qualiter</span> <span class='ocrx_word' id='word_1_638' title='bbox 502 5705 552 5750; x_wconf 92' lang='lat' dir='ltr'>aos</span> <span class='ocrx_word' id='word_1_639' title='bbox 565 5706 621 5749; x_wconf 89' lang='lat' dir='ltr'>non</span> <span class='ocrx_word' id='word_1_640' title='bbox 648 5693 812 5756; x_wconf 84' lang='lat' dir='ltr'>rationalem</span> <span class='ocrx_word' id='word_1_641' title='bbox 837 5700 976 5774; x_wconf 86' lang='lat' dir='ltr'>recepisse</span> 
     </span>
    </p>
   </div>
   <div class='ocr_carea' id='block_1_41' title="bbox 1032 3985 1830 4148">
    <p class='ocr_par' dir='ltr' id='par_1_45' title="bbox 1032 3985 1830 4148">
     <span class='ocr_line' id='line_1_92' title="bbox 1032 3985 1586 4060; baseline 0.005 -18"><span class='ocrx_word' id='word_1_642' title='bbox 1032 3987 1060 4042; x_wconf 93' lang='lat' dir='ltr'>in</span> <span class='ocrx_word' id='word_1_643' title='bbox 1070 3985 1198 4060; x_wconf 88' lang='lat' dir='ltr'>singulis,</span> <span class='ocrx_word' id='word_1_644' title='bbox 1214 4003 1268 4044; x_wconf 92' lang='lat' dir='ltr'>non</span> <span class='ocrx_word' id='word_1_645' title='bbox 1282 3986 1586 4045; x_wconf 86' lang='lat' dir='ltr'>inveniturmeniiesta.</span> 
     </span>
     <span class='ocr_line' id='line_1_93' title="bbox 1069 4075 1830 4148; baseline 0.005 -17"><span class='ocrx_word' id='word_1_646' title='bbox 1069 4077 1187 4131; x_wconf 75' lang='lat' dir='ltr'>Parcus.</span> <span class='ocrx_word' id='word_1_647' title='bbox 1203 4075 1232 4131; x_wconf 90' lang='lat' dir='ltr'>Si</span> <span class='ocrx_word' id='word_1_648' title='bbox 1246 4092 1280 4132; x_wconf 82' lang='lat' dir='ltr'>ex</span> <span class='ocrx_word' id='word_1_649' title='bbox 1293 4091 1412 4147; x_wconf 90' lang='lat' dir='ltr'>corpore</span> <span class='ocrx_word' id='word_1_650' title='bbox 1426 4086 1541 4148; x_wconf 87' lang='lat' dir='ltr'>quatuor</span> <span class='ocrx_word' id='word_1_651' title='bbox 1556 4077 1759 4136; x_wconf 88' lang='lat' dir='ltr'>elementorum</span> <span class='ocrx_word' id='word_1_652' title='bbox 1768 4096 1830 4137; x_wconf 92' lang='lat' dir='ltr'>con-</span> 
     </span>
    </p>
   </div>
   <div class='ocr_carea' id='block_1_42' title="bbox 1031 4251 1827 4416">
    <p class='ocr_par' dir='ltr' id='par_1_46' title="bbox 1031 4251 1827 4416">
     <span class='ocr_line' id='line_1_94' title="bbox 1031 4251 1827 4326; baseline 0.004 -17"><span class='ocrx_word' id='word_1_653' title='bbox 1031 4270 1100 4326; x_wconf 92' lang='lat' dir='ltr'>ergo</span> <span class='ocrx_word' id='word_1_654' title='bbox 1115 4251 1258 4309; x_wconf 87' lang='lat' dir='ltr'>deficiente</span> <span class='ocrx_word' id='word_1_655' title='bbox 1272 4253 1396 4324; x_wconf 90' lang='lat' dir='ltr'>corporis</span> <span class='ocrx_word' id='word_1_656' title='bbox 1418 4255 1517 4311; x_wconf 90' lang='lat' dir='ltr'>robore</span> <span class='ocrx_word' id='word_1_657' title='bbox 1531 4255 1630 4312; x_wconf 79' lang='lat' dir='ltr'>animas</span> <span class='ocrx_word' id='word_1_658' title='bbox 1655 4257 1745 4314; x_wconf 89' lang='lat' dir='ltr'>virtus</span> <span class='ocrx_word' id='word_1_659' title='bbox 1760 4256 1827 4314; x_wconf 85' lang='lat' dir='ltr'>deb·</span> 
     </span>
     <span class='ocr_line' id='line_1_95' title="bbox 1032 4341 1827 4416; baseline 0.003 -17"><span class='ocrx_word' id='word_1_660' title='bbox 1032 4358 1106 4399; x_wconf 88' lang='lat' dir='ltr'>cere.</span> <span class='ocrx_word' id='word_1_661' title='bbox 1123 4342 1152 4398; x_wconf 85' lang='lat' dir='ltr'>si</span> <span class='ocrx_word' id='word_1_662' title='bbox 1179 4347 1272 4398; x_wconf 91' lang='lat' dir='ltr'>autem</span> <span class='ocrx_word' id='word_1_663' title='bbox 1286 4341 1371 4398; x_wconf 88' lang='lat' dir='ltr'>virtus</span> <span class='ocrx_word' id='word_1_664' title='bbox 1385 4343 1495 4411; x_wconf 85' lang='lat' dir='ltr'>animae,</span> <span class='ocrx_word' id='word_1_665' title='bbox 1511 4359 1573 4399; x_wconf 92' lang='lat' dir='ltr'>cum</span> <span class='ocrx_word' id='word_1_666' title='bbox 1587 4345 1713 4416; x_wconf 88' lang='lat' dir='ltr'>corporis</span> <span class='ocrx_word' id='word_1_667' title='bbox 1741 4345 1827 4403; x_wconf 88' lang='lat' dir='ltr'>delicit</span> 
     </span>
    </p>
   </div>
   <div class='ocr_carea' id='block_1_43' title="bbox 1031 4440 1829 5410">
    <p class='ocr_par' dir='ltr' id='par_1_47' title="bbox 1032 4440 1827 4777">
     <span class='ocr_line' id='line_1_96' title="bbox 1032 4440 1827 4519; baseline 0.004 -21"><span class='ocrx_word' id='word_1_668' title='bbox 1032 4441 1141 4511; x_wconf 88' lang='lat' dir='ltr'>robore,</span> <span class='ocrx_word' id='word_1_669' title='bbox 1156 4441 1279 4512; x_wconf 89' lang='lat' dir='ltr'>sequitur</span> <span class='ocrx_word' id='word_1_670' title='bbox 1295 4454 1362 4512; x_wconf 89' lang='lat' dir='ltr'>ergo</span> <span class='ocrx_word' id='word_1_671' title='bbox 1377 4449 1406 4495; x_wconf 92' lang='lat' dir='ltr'>ut</span> <span class='ocrx_word' id='word_1_672' title='bbox 1417 4440 1564 4498; x_wconf 86' lang='lat' dir='ltr'>inchoante</span> <span class='ocrx_word' id='word_1_673' title='bbox 1577 4443 1706 4514; x_wconf 87' lang='lat' dir='ltr'>corporei</span> <span class='ocrx_word' id='word_1_674' title='bbox 1729 4444 1827 4519; x_wconf 80' lang='lat' dir='ltr'>rigoris</span> 
     </span>
     <span class='ocr_line' id='line_1_97' title="bbox 1032 4528 1823 4600; baseline 0.001 -14"><span class='ocrx_word' id='word_1_675' title='bbox 1032 4529 1221 4595; x_wconf 88' lang='lat' dir='ltr'>dissolutione,</span> <span class='ocrx_word' id='word_1_676' title='bbox 1246 4528 1348 4600; x_wconf 88' lang='lat' dir='ltr'>pariter</span> <span class='ocrx_word' id='word_1_677' title='bbox 1375 4529 1544 4586; x_wconf 90' lang='lat' dir='ltr'>dissolvatur</span> <span class='ocrx_word' id='word_1_678' title='bbox 1566 4538 1594 4587; x_wconf 89' lang='lat' dir='ltr'>et</span> <span class='ocrx_word' id='word_1_679' title='bbox 1607 4530 1697 4589; x_wconf 88' lang='lat' dir='ltr'>virtus</span> <span class='ocrx_word' id='word_1_680' title='bbox 1716 4533 1823 4589; x_wconf 79' lang='lat' dir='ltr'>anime.</span> 
     </span>
     <span class='ocr_line' id='line_1_98' title="bbox 1033 4616 1827 4691; baseline 0.006 -18"><span class='ocrx_word' id='word_1_681' title='bbox 1033 4617 1112 4689; x_wconf 84' lang='lat' dir='ltr'>Quod</span> <span class='ocrx_word' id='word_1_682' title='bbox 1128 4616 1152 4673; x_wconf 93' lang='lat' dir='ltr'>si</span> <span class='ocrx_word' id='word_1_683' title='bbox 1163 4616 1330 4673; x_wconf 90' lang='lat' dir='ltr'>concedatur</span> <span class='ocrx_word' id='word_1_684' title='bbox 1343 4627 1472 4690; x_wconf 89' lang='lat' dir='ltr'>corrupto</span> <span class='ocrx_word' id='word_1_685' title='bbox 1494 4635 1621 4691; x_wconf 85' lang='lat' dir='ltr'>corpore,</span> <span class='ocrx_word' id='word_1_686' title='bbox 1637 4621 1728 4676; x_wconf 87' lang='lat' dir='ltr'>anima</span> <span class='ocrx_word' id='word_1_687' title='bbox 1749 4621 1827 4678; x_wconf 88' lang='lat' dir='ltr'>etiam</span> 
     </span>
     <span class='ocr_line' id='line_1_99' title="bbox 1032 4706 1368 4777; baseline -0.003 -14"><span class='ocrx_word' id='word_1_688' title='bbox 1032 4708 1172 4777; x_wconf 89' lang='lat' dir='ltr'>corrumpi</span> <span class='ocrx_word' id='word_1_689' title='bbox 1186 4706 1368 4762; x_wconf 91' lang='lat' dir='ltr'>concluditur.</span> 
     </span>
    </p>

    <p class='ocr_par' dir='ltr' id='par_1_48' title="bbox 1032 4795 1829 4941">
     <span class='ocr_line' id='line_1_100' title="bbox 1068 4795 1829 4871; baseline 0.008 -21"><span class='ocrx_word' id='word_1_690' title='bbox 1068 4797 1188 4851; x_wconf 87' lang='lat' dir='ltr'>llovsas.</span> <span class='ocrx_word' id='word_1_691' title='bbox 1205 4795 1304 4851; x_wconf 88' lang='lat' dir='ltr'>Rectus</span> <span class='ocrx_word' id='word_1_692' title='bbox 1314 4796 1382 4852; x_wconf 92' lang='lat' dir='ltr'>ordo</span> <span class='ocrx_word' id='word_1_693' title='bbox 1401 4795 1608 4871; x_wconf 72' lang='lat' dir='ltr'>consequentiae</span> <span class='ocrx_word' id='word_1_694' title='bbox 1615 4798 1657 4857; x_wconf 88' lang='lat' dir='ltr'>sic</span> <span class='ocrx_word' id='word_1_695' title='bbox 1665 4798 1778 4856; x_wconf 80' lang='lat' dir='ltr'>evenire</span> <span class='ocrx_word' id='word_1_696' title='bbox 1786 4800 1829 4856; x_wconf 82' lang='lat' dir='ltr'>de</span> 
     </span>
     <span class='ocr_line' id='line_1_101' title="bbox 1032 4892 1176 4941; baseline -0.014 0"><span class='ocrx_word' id='word_1_697' title='bbox 1032 4892 1176 4941; x_wconf 88' lang='lat' dir='ltr'>monstrat.</span> 
     </span>
    </p>

    <p class='ocr_par' dir='ltr' id='par_1_49' title="bbox 1031 4971 1828 5410">
     <span class='ocr_line' id='line_1_102' title="bbox 1067 4971 1825 5046; baseline 0.005 -18"><span class='ocrx_word' id='word_1_698' title='bbox 1067 4973 1183 5028; x_wconf 81' lang='lat' dir='ltr'>Parrus.</span> <span class='ocrx_word' id='word_1_699' title='bbox 1195 4971 1248 5028; x_wconf 91' lang='lat' dir='ltr'>Sed</span> <span class='ocrx_word' id='word_1_700' title='bbox 1267 4973 1419 5046; x_wconf 82' lang='lat' dir='ltr'>argumenti</span> <span class='ocrx_word' id='word_1_701' title='bbox 1434 4973 1573 5031; x_wconf 90' lang='lat' dir='ltr'>conclusio</span> <span class='ocrx_word' id='word_1_702' title='bbox 1587 4974 1731 5032; x_wconf 91' lang='lat' dir='ltr'>oculorum</span> <span class='ocrx_word' id='word_1_703' title='bbox 1747 4974 1825 5032; x_wconf 83' lang='lat' dir='ltr'>tidem</span> 
     </span>
     <span class='ocr_line' id='line_1_103' title="bbox 1032 5060 1826 5139; baseline 0.004 -22"><span class='ocrx_word' id='word_1_704' title='bbox 1032 5060 1183 5135; x_wconf 87' lang='lat' dir='ltr'>impugnat.</span> <span class='ocrx_word' id='word_1_705' title='bbox 1200 5060 1279 5132; x_wconf 73' lang='lat' dir='ltr'>Saepe</span> <span class='ocrx_word' id='word_1_706' title='bbox 1293 5062 1366 5117; x_wconf 91' lang='lat' dir='ltr'>enirn</span> <span class='ocrx_word' id='word_1_707' title='bbox 1377 5063 1521 5137; x_wconf 89' lang='lat' dir='ltr'>contingit,</span> <span class='ocrx_word' id='word_1_708' title='bbox 1538 5072 1641 5135; x_wconf 88' lang='lat' dir='ltr'>quanto</span> <span class='ocrx_word' id='word_1_709' title='bbox 1656 5065 1748 5139; x_wconf 88' lang='lat' dir='ltr'>magis</span> <span class='ocrx_word' id='word_1_710' title='bbox 1764 5081 1826 5122; x_wconf 92' lang='lat' dir='ltr'>cor·</span> 
     </span>
     <span class='ocr_line' id='line_1_104' title="bbox 1031 5158 1827 5237; baseline 0.005 -23"><span class='ocrx_word' id='word_1_711' title='bbox 1031 5175 1083 5232; x_wconf 90' lang='lat' dir='ltr'>pus</span> <span class='ocrx_word' id='word_1_712' title='bbox 1110 5158 1265 5215; x_wconf 87' lang='lat' dir='ltr'>debilitatur</span> <span class='ocrx_word' id='word_1_713' title='bbox 1281 5171 1309 5214; x_wconf 87' lang='lat' dir='ltr'>et</span> <span class='ocrx_word' id='word_1_714' title='bbox 1323 5158 1406 5214; x_wconf 91' lang='lat' dir='ltr'>morti</span> <span class='ocrx_word' id='word_1_715' title='bbox 1426 5159 1580 5232; x_wconf 87' lang='lat' dir='ltr'>appropiat,</span> <span class='ocrx_word' id='word_1_716' title='bbox 1596 5169 1625 5217; x_wconf 91' lang='lat' dir='ltr'>ut</span> <span class='ocrx_word' id='word_1_717' title='bbox 1641 5170 1716 5218; x_wconf 91' lang='lat' dir='ltr'>tanto</span> <span class='ocrx_word' id='word_1_718' title='bbox 1740 5162 1827 5237; x_wconf 80' lang='lat' dir='ltr'>magis</span> 
     </span>
     <span class='ocr_line' id='line_1_105' title="bbox 1031 5247 1828 5321; baseline 0.001 -15"><span class='ocrx_word' id='word_1_719' title='bbox 1031 5248 1206 5306; x_wconf 86' lang='lat' dir='ltr'>convalescat</span> <span class='ocrx_word' id='word_1_720' title='bbox 1221 5248 1322 5315; x_wconf 89' lang='lat' dir='ltr'>anima,</span> <span class='ocrx_word' id='word_1_721' title='bbox 1347 5247 1427 5304; x_wconf 91' lang='lat' dir='ltr'>veluti</span> <span class='ocrx_word' id='word_1_722' title='bbox 1443 5248 1586 5321; x_wconf 85' lang='lat' dir='ltr'>aliquoties</span> <span class='ocrx_word' id='word_1_723' title='bbox 1605 5250 1701 5307; x_wconf 91' lang='lat' dir='ltr'>multis</span> <span class='ocrx_word' id='word_1_724' title='bbox 1715 5249 1828 5307; x_wconf 85' lang='lat' dir='ltr'>infirmis</span> 
     </span>
     <span class='ocr_line' id='line_1_106' title="bbox 1031 5335 1828 5410; baseline 0.006 -18"><span class='ocrx_word' id='word_1_725' title='bbox 1031 5335 1101 5394; x_wconf 89' lang='lat' dir='ltr'>solet</span> <span class='ocrx_word' id='word_1_726' title='bbox 1110 5336 1246 5404; x_wconf 90' lang='lat' dir='ltr'>accidere,</span> <span class='ocrx_word' id='word_1_727' title='bbox 1262 5344 1290 5392; x_wconf 89' lang='lat' dir='ltr'>ut</span> <span class='ocrx_word' id='word_1_728' title='bbox 1305 5345 1406 5410; x_wconf 88' lang='lat' dir='ltr'>quanto</span> <span class='ocrx_word' id='word_1_729' title='bbox 1420 5339 1500 5394; x_wconf 90' lang='lat' dir='ltr'>morti</span> <span class='ocrx_word' id='word_1_730' title='bbox 1515 5339 1667 5410; x_wconf 90' lang='lat' dir='ltr'>proximior</span> <span class='ocrx_word' id='word_1_731' title='bbox 1684 5347 1738 5409; x_wconf 89' lang='lat' dir='ltr'>cst,</span> <span class='ocrx_word' id='word_1_732' title='bbox 1756 5349 1828 5398; x_wconf 76' lang='lat' dir='ltr'>unio</span> 
     </span>
    </p>
   </div>
   <div class='ocr_carea' id='block_1_44' title="bbox 1031 5433 1826 5507">
    <p class='ocr_par' dir='ltr' id='par_1_50' title="bbox 1031 5433 1826 5507">
     <span class='ocr_line' id='line_1_107' title="bbox 1031 5433 1826 5507; baseline 0.001 -17"><span class='ocrx_word' id='word_1_733' title='bbox 1031 5433 1226 5507; x_wconf 86' lang='lat' dir='ltr'>perspicaciori</span> <span class='ocrx_word' id='word_1_734' title='bbox 1241 5435 1342 5490; x_wconf 88' lang='lat' dir='ltr'>mentis</span> <span class='ocrx_word' id='word_1_735' title='bbox 1356 5433 1481 5491; x_wconf 88' lang='lat' dir='ltr'>acumine</span> <span class='ocrx_word' id='word_1_736' title='bbox 1493 5435 1554 5507; x_wconf 92' lang='lat' dir='ltr'>plus</span> <span class='ocrx_word' id='word_1_737' title='bbox 1567 5436 1826 5504; x_wconf 88' lang='lat' dir='ltr'>solitorecordetar,</span> 
     </span>
    </p>
   </div>
   <div class='ocr_carea' id='block_1_45' title="bbox 1030 5523 1829 5686">
    <p class='ocr_par' dir='ltr' id='par_1_51' title="bbox 1030 5523 1829 5686">
     <span class='ocr_line' id='line_1_108' title="bbox 1031 5523 1829 5597; baseline 0 -17"><span class='ocrx_word' id='word_1_738' title='bbox 1031 5532 1058 5580; x_wconf 85' lang='lat' dir='ltr'>et</span> <span class='ocrx_word' id='word_1_739' title='bbox 1072 5531 1169 5579; x_wconf 89' lang='lat' dir='ltr'>cuncta</span> <span class='ocrx_word' id='word_1_740' title='bbox 1184 5523 1334 5594; x_wconf 90' lang='lat' dir='ltr'>provideat,</span> <span class='ocrx_word' id='word_1_741' title='bbox 1348 5533 1373 5579; x_wconf 93' lang='lat' dir='ltr'>et</span> <span class='ocrx_word' id='word_1_742' title='bbox 1389 5524 1416 5578; x_wconf 94' lang='lat' dir='ltr'>in</span> <span class='ocrx_word' id='word_1_743' title='bbox 1432 5525 1492 5596; x_wconf 89' lang='lat' dir='ltr'>ipso</span> <span class='ocrx_word' id='word_1_744' title='bbox 1506 5540 1561 5597; x_wconf 90' lang='lat' dir='ltr'>quo</span> <span class='ocrx_word' id='word_1_745' title='bbox 1575 5526 1675 5583; x_wconf 87' lang='lat' dir='ltr'>melius</span> <span class='ocrx_word' id='word_1_746' title='bbox 1687 5525 1779 5583; x_wconf 78' lang='lat' dir='ltr'>anima</span> <span class='ocrx_word' id='word_1_747' title='bbox 1792 5525 1829 5583; x_wconf 83' lang='lat' dir='ltr'>ti·</span> 
     </span>
     <span class='ocr_line' id='line_1_109' title="bbox 1030 5613 1829 5686; baseline 0.006 -21"><span class='ocrx_word' id='word_1_748' title='bbox 1030 5619 1102 5686; x_wconf 87' lang='lat' dir='ltr'>gent,</span> <span class='ocrx_word' id='word_1_749' title='bbox 1117 5621 1256 5668; x_wconf 84' lang='lat' dir='ltr'>momento</span> <span class='ocrx_word' id='word_1_750' title='bbox 1272 5613 1353 5668; x_wconf 86' lang='lat' dir='ltr'>bomn</span> <span class='ocrx_word' id='word_1_751' title='bbox 1367 5613 1492 5670; x_wconf 87' lang='lat' dir='ltr'>intereat.</span> <span class='ocrx_word' id='word_1_752' title='bbox 1509 5613 1576 5670; x_wconf 87' lang='lat' dir='ltr'>Cum</span> <span class='ocrx_word' id='word_1_753' title='bbox 1592 5625 1687 5672; x_wconf 86' lang='lat' dir='ltr'>antem</span> <span class='ocrx_word' id='word_1_754' title='bbox 1713 5622 1789 5671; x_wconf 73' lang='lat' dir='ltr'>unta</span> <span class='ocrx_word' id='word_1_755' title='bbox 1800 5618 1829 5670; x_wconf 90' lang='lat' dir='ltr'>ut</span> 
     </span>
    </p>
   </div>
   <div class='ocr_carea' id='block_1_46' title="bbox 1030 5697 1828 5779">
    <p class='ocr_par' dir='ltr' id='par_1_52' title="bbox 1030 5697 1828 5779">
     <span class='ocr_line' id='line_1_110' title="bbox 1030 5697 1828 5779; baseline 0.01 -22"><span class='ocrx_word' id='word_1_756' title='bbox 1030 5697 1088 5757; x_wconf 85' lang='lat' dir='ltr'>dixi</span> <span class='ocrx_word' id='word_1_757' title='bbox 1100 5700 1270 5773; x_wconf 84' lang='lat' dir='ltr'>perspicacia</span> <span class='ocrx_word' id='word_1_758' title='bbox 1286 5701 1378 5775; x_wconf 75' lang='lat' dir='ltr'>vigam</span> <span class='ocrx_word' id='word_1_759' title='bbox 1391 5701 1494 5776; x_wconf 85' lang='lat' dir='ltr'>anima,</span> <span class='ocrx_word' id='word_1_760' title='bbox 1509 5702 1682 5764; x_wconf 68' lang='lat' dir='ltr'>moneta</span> <span class='ocrx_word' id='word_1_761' title='bbox 1694 5702 1828 5779; x_wconf 64' lang='lat' dir='ltr'>hnm-</span> 
     </span>
    </p>
   </div>
   <div class='ocr_carea' id='block_1_47' title="bbox 0 0 1894 6038">
    <p class='ocr_par' dir='ltr' id='par_1_53' title="bbox 0 0 1894 6038">
     <span class='ocr_line' id='line_1_111' title="bbox 0 0 1894 6038; baseline 0 0"><span class='ocrx_word' id='word_1_762' title='bbox 0 0 1894 6038; x_wconf 95' lang='lat' dir='ltr'> </span> 
     </span>
    </p>
   </div>
  </div>
 </body>
</html>
