3780 6038
112 242 181 298 ttta

679 237 855 296 wattttartt
869 235 1014 292 natatis
1033 236 1061 292 S.
1082 238 1192 295 BLASll

1720 228 1776 284 illl

112 365 179 421 liciti
193 364 261 421 sibi.
279 365 319 420 Tu
345 379 409 420 vero
424 364 461 420 sis
476 364 609 422 sollicitas
637 363 671 419 de
691 371 717 419 ιε
736 363 764 416 in
785 378 907 434 presen—
922 361 950 423 Α
964 361 1052 416 aliena
1068 378 1098 418 se
1112 377 1225 418 manum
1241 379 1294 419 nou
1308 362 1426 428 mittere,
1449 361 1474 416 si
1492 374 1550 415 sua
1572 355 1774 422 redderentur;

114 453 223 509 tiarum.
245 453 383 509 Sollicitus
410 453 439 507 in
474 453 641 525 supradictis
653 450 788 527 significat
816 451 912 506 anxie·

116 550 198 598 tatem
212 560 219 605 ;
235 542 279 598 hic
294 558 359 598 uero
383 543 595 614 providentiam,
612 558 694 614 quam
708 541 826 596 futurum
841 548 913 594 tem-

115 653 168 710 pus
182 638 276 694 afferet
292 654 394 704 secum,
411 647 440 694 ut
454 655 517 694 cum
533 654 646 694 necesse
661 638 713 693 erit
741 651 850 691 sumere
864 636 913 690 ali·

118 727 185 799 quid
200 727 349 800 temporale
364 728 446 795 adsit,
484 729 548 800 quia
570 729 648 784 novit
672 727 746 782 Deus
770 726 835 798 quid
850 726 919 781 indi·

118 831 227 889 gemus.
247 816 346 871 Curam
372 825 460 871 autem
485 816 656 887 presentium
676 815 806 870 malitiam
825 823 915 881 uocat,

118 912 182 985 quia
205 912 321 983 poenalis
346 921 387 967 est
402 919 429 967 ει
444 912 557 982 pertinet
580 913 613 966 ad
628 911 819 966 mortalitatem
835 927 916 982 quam

119 1001 260 1073 peccando
275 1001 446 1071 meruimus;
468 1018 529 1073 quae
552 1001 580 1056 in
602 1017 632 1055 se
651 1000 717 1055 satis
732 1014 849 1056 onerosa
864 1008 915 1065 εει,

119 1087 237 1144 necdum
261 1092 342 1144 etiarn
375 1088 522 1144 futurorum
555 1104 650 1144 curam
689 1088 915 1159 superaddamus.

121 1186 179 1242 Hoc
192 1185 253 1241 loco
268 1187 445 1242 vehementer
459 1185 609 1241 cavendum
624 1193 675 1250 est,
687 1201 721 1240 ne
736 1200 797 1242 cum
813 1186 916 1240 rideri·

122 1291 183 1330 mus
194 1274 314 1346 aliquem
329 1291 436 1330 servum
468 1275 518 1328 Dei
532 1275 687 1345 providere,
703 1291 738 1329 ne
752 1275 804 1328 ista
818 1291 912 1330 neces·

121 1363 194 1418 saria
208 1362 297 1418 desint
323 1363 366 1418 vel
382 1363 444 1430 sibi,
464 1362 508 1417 rel
531 1362 584 1418 sibi
604 1363 769 1430 commissis,
785 1361 853 1419 torte
869 1364 917 1433 jn·

123 1459 247 1516 dicemus
262 1476 323 1514 eum
338 1468 433 1516 contra
448 1469 586 1531 praecepte
600 1460 710 1515 Domini
724 1460 825 1516 tacere.
847 1463 917 1516 Nam

123 1555 153 1604 et
165 1547 225 1618 ipse
240 1549 373 1603 Dominus
398 1549 504 1605 loculos
523 1549 625 1604 habere
645 1549 774 1622 dignatus
802 1560 843 1606 est
856 1566 918 1606 cum

124 1636 242 1707 pecunia
269 1654 276 1693 :
309 1653 344 1692 ne
377 1637 438 1708 quis
457 1637 485 1691 in
504 1638 556 1694 bac
575 1638 732 1693 scandalum
752 1643 890 1709 pateretur
910 1656 917 1693 ε

965 451 1091 508 diabolus
1105 451 1172 507 dixit
1187 469 1217 508 ae
1230 453 1319 508 aliena
1328 460 1453 520 paratum
1471 448 1612 512 reddere,
1625 446 1651 501 si
1666 459 1718 500 sua
1731 458 1775 499 non

966 539 1153 596 auferrentur.
1171 542 1248 597 Deus
1262 541 1329 597 dixit
1343 557 1373 597 se
1397 538 1507 595 nullum
1544 551 1563 593 a
1590 532 1776 591 misericordie

967 654 1049 709 posse
1069 639 1225 709 repellere;
1246 639 1371 694 diabolus
1390 637 1459 692 dixit
1478 635 1502 690 si
1525 649 1633 691 omnes
1646 631 1773 703 perdent,

967 742 1022 782 aon
1042 743 1072 782 se
1091 743 1173 798 posse
1192 726 1382 799 aequanimiter
1396 726 1536 782 tolerare.
1571 724 1652 778 Deus
1666 720 1775 776 dixitse
1828 774 1834 811 ἶ

968 817 1084 872 suadere
1102 826 1129 871 ut
1143 816 1169 871 in
1186 825 1241 873 toto
1260 817 1294 872 ab
1312 817 1403 871 alieno
1415 815 1481 885 jure
1496 812 1656 870 secederet
1673 809 1776 875 3diabo

968 915 1011 970 lus
1022 914 1088 969 dixit
1103 931 1133 970 se
1148 915 1287 986 postulare
1303 922 1331 970 ut
1346 914 1448 970 saltem
1478 928 1532 983 pro
1549 908 1713 967 reverantia
1726 907 1774 978 pti·

970 1004 1048 1060 stinae
1062 1003 1255 1059 dominationis
1278 1003 1397 1076 aliquam
1412 1003 1441 1057 in
1470 1008 1555 1074 parte
1584 998 1716 1069 requiem
1733 996 1776 1050 sibi

970 1107 1025 1147 non
1040 1099 1167 1165 negaret.
1184 1093 1258 1148 Deus
1276 1092 1343 1147 dixit
1357 1107 1387 1148 se
1401 1106 1464 1148 curn
1485 1090 1569 1162 prius
1589 1088 1703 1160 potiora
1726 1084 1776 1140 ele-

970 1189 1066 1263 gisset,
1088 1189 1207 1261 pastilli
1227 1189 1375 1259 abjectiora
1395 1202 1605 1245 concessurum
1628 1203 1637 1254 ;
1658 1182 1778 1239 diabolus

970 1278 1113 1347 diritjme
1129 1294 1169 1344 se,
1190 1278 1255 1332 dunt
1269 1277 1432 1334 electionem
1452 1277 1564 1332 habere
1596 1289 1656 1330 non
1682 1281 1777 1344 posset,

971 1368 1069 1422 saltem
1084 1367 1255 1437 partitionem
1270 1366 1417 1424 facturum.
1437 1367 1515 1422 Deus
1531 1364 1609 1420 dixit
1623 1377 1660 1418 se
1675 1360 1779 1434 privile·

971 1465 1018 1539 gio
1033 1465 1229 1521 dominationis
1259 1465 1400 1537 utriusque
1426 1469 1601 1536 potestatem
1619 1459 1779 1527 vindicare,

972 1554 1098 1610 diabolus
1123 1553 1192 1609 dixit
1207 1571 1247 1619 se,
1275 1554 1413 1627 quiajam
1435 1552 1561 1624 amplius
1592 1567 1652 1607 non
1677 1556 1777 1620 posset.

972 1643 1039 1698 nibil
1053 1658 1086 1697 ex
1100 1643 1170 1711 jure,
1186 1641 1235 1697 sed
1255 1659 1286 1697 ex
1306 1642 1491 1714 permissione
1517 1638 1688 1713 postulare.
1714 1639 1781 1693 oeus

124 1732 223 1789 Paulus
235 1732 315 1790 etiam
331 1733 437 1790 videtur
450 1736 588 1808 cogitasse
602 1736 637 1791 de
651 1737 780 1804 crastino,
798 1754 860 1792 cum
874 1738 920 1793 di·
933 1715 961 1776 B
974 1740 1041 1796 dixit
1056 1757 1086 1796 sc
1101 1749 1204 1797 tantum
1221 1741 1418 1812 permissurum
1445 1739 1527 1810 quod
1544 1738 1633 1795 etiam
1649 1734 1728 1793 arari
1744 1734 1782 1789 la-

125 1823 162 1879 cit
179 1837 215 1877 :u
243 1825 284 1878 De
316 1823 437 1880 collectis
465 1828 556 1879 autem
582 1824 652 1881 sicut
679 1825 801 1880 ordinavi
841 1825 920 1883 tacite
973 1846 1045 1885 mem
1060 1829 1159 1884 satiare
1175 1832 1268 1900 posset
1284 1849 1291 1894 ;
1307 1829 1433 1885 diabolus
1447 1829 1518 1884 dixit
1534 1844 1569 1883 se
1596 1842 1658 1883 non
1686 1831 1783 1880 tautum

127 1912 226 1982 (lCor.
244 1913 341 1981 xrx).»
364 1912 407 1967 tta
434 1913 507 1969 hanc
526 1928 594 1985 ergo
615 1914 735 1986 regulam
755 1922 839 1970 totum
868 1916 921 1972 hoc
973 1926 1146 1989 accepturum
1164 1918 1359 1990 quinamplius
1377 1917 1479 1988 cupiat,
1496 1916 1521 1972 si
1538 1915 1607 1970 fieri
1622 1913 1785 1987 possitus

125 2019 294 2085 praeceptum
328 2011 475 2083 redigitur,
501 2018 530 2067 ut
548 2012 627 2067 etiarn
646 2013 674 2067 in
694 2013 806 2069 istorum
826 2014 921 2084 provi·
975 2017 1055 2073 dictis
1065 2017 1149 2087 jussit
1163 2018 1235 2073 Deus
1245 2018 1320 2074 tendi
1339 2015 1476 2074 funiculos
1491 2016 1521 2070 in
1538 2013 1738 2087 partitionem,
1762 2018 1786 2068 et

126 2099 203 2156 aione
218 2115 336 2171 regnum
371 2099 421 2155 Dei
440 2099 602 2171 cogitemus,
623 2100 649 2155 in
669 2101 771 2156 malitia
791 2117 857 2157 vero
876 2117 923 2156 re·
975 2107 1078 2162 invenit
1090 2107 1206 2163 virentia
1220 2115 1247 2162 et
1261 2107 1360 2179 irrigua
1375 2107 1403 2161 in
1424 2104 1550 2161 vallibus
1574 2102 1642 2159 imis
1659 2121 1667 2168 ;
1688 2103 1786 2157 minora

128 2187 176 2260 gni
213 2188 262 2243 Dei
281 2202 336 2242 non
360 2187 413 2242 ista
432 2188 597 2260 cogitemus.
621 2189 715 2261 ltaque
751 2205 805 2245 non
843 2189 923 2244 labor
976 2194 1074 2265 spatio,
1097 2195 1202 2262 majora
1227 2194 1327 2265 pretio,
1357 2203 1382 2250 ει
1401 2194 1455 2249 huc
1474 2193 1618 2265 praecepit
1640 2189 1787 2262 seponisd

129 2293 157 2342 ct
176 2284 352 2355 providentia
370 2284 542 2352 damnantur,
565 2286 615 2342 sed
635 2294 755 2342 mentem
773 2286 924 2360 praefocans
976 2299 1081 2363 partem
1097 2291 1210 2346 alteram
1227 2309 1234 2355 ;
1250 2292 1358 2347 deserta
1372 2298 1462 2346 autem
1476 2299 1503 2346 et
1523 2290 1613 2346 arida
1635 2288 1666 2345 iu
1681 2288 1789 2360 rupibus

128 2388 205 2429 curs·
978 2389 1005 2437 et
1021 2379 1158 2436 montibus
1172 2379 1257 2448 ultis;
1277 2381 1332 2436 lata
1352 2388 1379 2436 et
1397 2380 1521 2451 aspectui
1549 2379 1681 2450 patentia
1695 2390 1790 2449 magns

167 2481 286 2537 Callatia
293 2480 343 2536 Dei
350 2496 415 2537 cum
423 2480 531 2538 diabolo
539 2480 645 2552 dejure
655 2482 740 2538 Deiel
750 2483 885 2539 laminis.
979 2470 1088 2541 ⁸P⁸²l⁰i
1105 2469 1171 2524 llll&
1185 2470 1283 2539 Pl0¹i⁰s
1299 2478 1326 2525 θῑ
1338 2469 1479 2538 h⁰⁰lt¹⁸⁵l¹
1492 2468 1529 2523 ‘d
1546 2473 1675 2525 allefflm
1690 2476 1790 2540 lm'm

165 2579 251 2647 Deus,
272 2594 321 2650 per
341 2577 479 2633 huminem
512 2578 645 2634 mundum
675 2579 877 2652 redempturus,
899 2581 927 2636 in
979 2566 1112 2622 discerni.
1131 2566 1207 2622 Tunc
1222 2566 1360 2622 mandavit
1374 2564 1516 2621 diabolum
1539 2562 1791 2622 adessettrsssi·

132 2669 264 2724 mundum
279 2667 363 2733 venit,
379 2675 406 2723 et
434 2666 482 2722 toti
502 2667 603 2723 mundo
623 2667 761 2724 diabolum
781 2669 926 2726 dominun.
980 2655 1060 2710 stenti
1074 2654 1113 2711 sic
1126 2655 1163 2710 ait
1179 2672 1185 2709 :
1202 2656 1243 2710 Ne
1254 2653 1324 2711 torta
1340 2660 1386 2709 aut
1400 2653 1568 2710 violentiam
1575 2654 1793 2725 judicantis,aut

129 2763 185 2814 tcrn
200 2756 313 2812 invenit.
330 2756 403 2812 Deus
418 2771 468 2827 per
478 2756 616 2813 hominem
631 2756 761 2813 mundum
776 2759 890 2815 visitans
901 2759 929 2813 in
980 2743 1120 2799 ‘william
1131 2743 1334 2799 d⁸ssll⁸⁰⁸⁰³⁸fl
1346 2743 1450 2810 ”lma
1470 2743 1614 2816 quidquid
1625 2742 1794 2800 “ulmum

130 2853 243 2926 propria
262 2852 346 2922 uenit,
367 2859 394 2908 et
426 2853 509 2908 homo
527 2868 577 2924 per
608 2853 696 2909 Deum
722 2856 853 2911 mundum
873 2873 929 2913 „011
981 2842 1064 2907 videt,
1082 2841 1130 2895 tibi
1148 2841 1231 2897 dabo.
1252 2841 1328 2898 Tunc
1348 2839 1476 2896 diabolus
1500 2843 1552 2911 ani
1574 2857 1664 2897 ornne
1680 2839 1793 2896 sublime

130 2958 235 3008 amans,
274 2941 320 2996 ubi
339 2941 486 2996 reclinaret
516 2950 597 3013 eaput
624 2958 678 2998 non
708 2944 813 2999 hahuit,
855 2948 930 3003 neu,
981 2931 1145 2997 considerat,
1161 2938 1187 2986 et
1200 2929 1312 2986 humilia
1327 2946 1380 2984 non
1396 2930 1469 2984 valet
1484 2930 1605 2997 intueri,
1617 2930 1795 2987 levansoutt-

131 3031 214 3087 homo
230 3030 256 3084 in
271 3030 321 3086 hoc
338 3030 439 3085 mundo
471 3028 618 3086 elementis
636 3031 787 3101 imperavit,
808 3035 930 3091 ethome
983 3011 1026 3074 ¹0⁸
1041 3019 1144 3090 aslmn
1158 3026 1265 3075 ¹¹¹⁰¹¹²0⁸
1279 3018 1350 3075 ⁸¹¹0⁸
1366 3026 1392 3073 ‘³⁸
1406 3033 1475 3074 Μ
1489 3019 1690 3090 ι)Γ()ῐ”ῑΰ(ἰῦῑῑῑι
1704 3019 1733 3074 ῑῦ
1746 3034 1793 3072 Ν·

134 3128 442 3184 Deusdchocmundo
470 3144 589 3200 regnum
609 3145 639 3185 se
658 3145 713 3184 nun
733 3131 833 3187 habere
853 3133 930 3187 dixit.
986 3115 1076 3186 pibus»
1112 3117 1270 3171 fledessffl'lss
1298 3115 1424 3187 Ρθῑθῦῑῑθι
1450 3124 1478 3171 el
1507 3116 1596 3186 ‘lmi
1626 3125 1718 3171 ²0¹⁰ffi
1747 3113 1794 3170 Sibi

133 3218 207 3290 argo
222 3217 258 3272 aa
272 3217 376 3289 aliquid
392 3224 478 3273 totum
493 3217 543 3272 oet
559 3226 627 3285 ern,
643 3226 669 3273 a
684 3219 717 3274 aa
733 3218 833 3292 aliquid
849 3229 932 3276 aarum
987 3204 1106 3260 cessisse
1120 3205 1252 3276 slsrisss.
1270 3205 1394 3276 sesessit
1410 3202 1483 3275 quaa
1498 3204 1579 3260 Dsus
1602 3205 1740 3274 stererat·
1753 3201 1797 3259 cn

134 3306 352 3362 diaboliTotum
367 3306 418 3362 Dei
434 3306 508 3378 quod
525 3307 583 3378 ipse
597 3306 715 3373 fecerat;
734 3317 817 3364 totum
832 3310 934 3365 diaboli

136 3406 208 3478 quod
230 3405 289 3476 ipse
310 3404 483 3476 possidebat.
513 3406 588 3461 Deus
607 3405 634 3461 in
653 3406 789 3477 principio
803 3409 934 3465 mundum

135 3501 287 3560 creaverat,
304 3502 331 3549 et
346 3493 469 3549 diabolus
484 3495 511 3548 in
524 3495 657 3566 principio
668 3496 800 3551 mundum
813 3498 936 3569 posside-

133 3580 192 3636 bat.
212 3582 287 3654 Ergo
302 3590 440 3636 certarnen
456 3581 555 3637 facturn
570 3591 614 3638 est
628 3583 735 3654 [tendet
749 3595 888 3641 certarnen
898 3587 936 3641 la-

135 3686 209 3734 ctum
224 3684 265 3733 est
279 3677 402 3734 diabulo.
421 3679 496 3733 Deus
510 3678 580 3733 dixit
595 3696 624 3734 sc
639 3680 711 3752 quud
727 3698 805 3736 suum
821 3692 878 3739 erat
893 3685 937 3739 de

136 3766 203 3823 bere
219 3767 340 3839 recipere
357 3785 364 3830 ;
383 3766 508 3822 diabolus
523 3767 594 3822 dixit
608 3784 638 3823 se
653 3769 680 3823 in
699 3785 749 3824 auo
764 3786 817 3825 non
834 3772 936 3828 debere

137 3855 299 3913 calumniam
315 3856 464 3911 sustinere.
480 3857 553 3912 Deus
569 3856 635 3912 dixit
650 3874 679 3914 se
689 3867 751 3929 pust
763 3860 935 3934 tamlongnm

137 3954 297 4027 patientiam
312 3953 395 4027 digne
410 3952 595 4010 satisfactione
616 3955 822 4021 honorandum;
838 3957 936 4014 diabo-

137 4042 180 4098 lus
195 4042 262 4098 dixit
277 4059 307 4098 se
329 4049 392 4114 post
407 4050 463 4097 tam
484 4041 594 4115 longam
608 4044 806 4117 negligentiam
817 4062 866 4101 sua
877 4064 939 4118 pos·

139 4132 262 4188 sessione
290 4147 350 4187 non
370 4132 547 4202 privandum.
586 4133 662 4188 Deus
681 4133 746 4190 dixit
766 4134 856 4190 aliena
875 4153 938 4192 eum

140 4229 327 4285 iraudulenter
342 4227 500 4295 abstulisse,
513 4229 645 4286 violenter
660 4231 781 4287 tenuisse
793 4250 800 4295 ;
812 4233 939 4290 diabolus

139 4318 206 4372 dixit
220 4334 282 4374 eum
299 4334 351 4374 nec
369 4333 432 4374 cum
448 4317 561 4373 abstulit
581 4320 791 4389 contradixisse,
807 4337 858 4378 nec
876 4339 938 4379 carin

987 3295 1062 3351 Deus
1090 3293 1236 3364 increpans
1251 3309 1283 3349 ac
1305 3293 1458 3350 cecitatem
1488 3294 1557 3348 etati
1587 3294 1728 3351 deridens
1741 3293 1794 3348 ait:

991 3392 1102 3446 «Funes
1113 3390 1271 3446 ceciderunt
1283 3390 1347 3445 mihi
1358 3391 1385 3444 in
1396 3388 1538 3460 preclaris
1552 3391 1648 3452 (Paul.
1662 3395 1724 3461 xv).
1738 3411 1750 3441 ι
1760 3391 1795 3445 'ln

988 3480 1085 3536 laudus
1101 3479 1173 3552 quud
1189 3479 1276 3548 vides,
1290 3487 1315 3534 et
1330 3494 1383 3551 ego
1398 3478 1480 3533 laudo
1504 3479 1588 3551 quod
1603 3479 1704 3537 video.
1721 3478 1796 3535 Tnia

989 3570 1044 3624 into
1059 3585 1098 3636 es,
1115 3579 1140 3623 ει
1155 3577 1302 3640 propterea
1315 3567 1399 3624 oculis
1412 3567 1465 3621 tuis
1479 3567 1533 3622 nisi
1551 3567 1609 3623 alta
1625 3576 1654 3624 et
1669 3567 1796 3625 exstantia

990 3683 1042 3722 non
1058 3673 1152 3737 patent
1167 3683 1173 3720 :
1191 3680 1245 3739 ego
1257 3665 1376 3734 desuper
1389 3662 1566 3733 contemplor
1581 3680 1669 3736 quarn
1684 3664 1796 3719 habeant

989 3754 1174 3811 amoenitetem
1202 3753 1323 3820 bomilia,
1351 3752 1452 3808 etenim
1467 3751 1626 3808 baereditas
1642 3769 1708 3809 mea
1729 3768 1794 3824 prae·

991 3845 1066 3901 clara
1081 3851 1124 3899 est
1138 3842 1214 3899 mihi.

990 3942 1143 3999 Deductus
1158 3939 1326 4004 damiatam
1336 3937 1638 4006 danbasca'uitctibus,
1649 3938 1793 3996 etdiucrsis

1302 4028 1369 4083 aliis
1384 4027 1477 4083 rebus.

1027 4138 1094 4193 Dum
1110 4143 1173 4191 sunt
1201 4133 1334 4200 ciuitates,
1364 4132 1535 4189 Hiemsalern
1561 4142 1590 4189 ει
1619 4135 1794 4206 Babylon,et

991 4234 1045 4289 duo
1060 4232 1155 4304 populi
1167 4239 1320 4298 ,amatores
1332 4230 1393 4297 Dei,
1405 4229 1480 4285 citas
1491 4230 1686 4298 Hierusalem,
1696 4241 1722 4287 et
1731 4244 1792 4286 arna·

992 4332 1065 4378 tores
1079 4320 1183 4382 mundi,
1199 4320 1273 4376 cives
1282 4318 1447 4391 Babylonis,
1464 4325 1492 4374 et
1502 4318 1560 4374 duo
1571 4335 1671 4393 reges,
1681 4319 1794 4376 Christus

140 4406 224 4462 tenuit
241 4405 387 4477 aliquando
403 4407 546 4477 repetisse.
563 4407 637 4462 Deus
652 4407 719 4462 dixit
732 4417 894 4480 potentersc
906 4417 939 4471 ad
958 4425 984 4485 Ι)
997 4427 1043 4467 rex
1059 4408 1231 4465 Hierusalem
1246 4418 1272 4465 et
1288 4407 1414 4463 diabolus
1426 4423 1473 4463 rex
1485 4407 1652 4479 Babylonis.
1665 4411 1740 4464 luter
1752 4406 1794 4462 bas

142 4518 192 4558 sua
208 4502 376 4574 recipienda,
392 4503 416 4558 si
430 4503 522 4568 vellet,
544 4503 644 4560 viribus
660 4504 698 4559 uti
715 4523 721 4569 ;
738 4505 862 4562 diabolus
873 4509 941 4566 dixit

140 4609 204 4649 euru
217 4601 312 4648 contra
323 4592 453 4661 justitiam
468 4608 522 4647 nun
532 4592 631 4648 debere
647 4593 849 4650 viribusabutii.
866 4600 940 4656 Deus

141 4683 320 4752 dixitjustum
335 4697 391 4737 non
405 4697 467 4737 esse
490 4683 513 4736 si
543 4682 616 4754 quod
631 4683 675 4754 pie
690 4692 834 4739 creaverat
854 4689 944 4758 perire

143 4781 312 4854 permitteret
329 4795 335 4849 ;
355 4779 480 4836 diabolus
498 4780 570 4835 dixit
593 4780 726 4852 injustum
755 4798 817 4838 esse
833 4783 855 4838 si
871 4786 944 4856 qnod

144 4879 241 4942 sponte
269 4869 398 4941 perierat,
437 4877 616 4925 restauraret.
636 4871 709 4925 Deua
733 4869 799 4926 dixit
822 4888 852 4927 se
874 4874 945 4930 selle

144 4959 271 5015 misereri
286 4974 336 5029 per
355 4957 551 5031 benignitatem
566 4957 727 5029 proprium;
744 4958 869 5016 diabolus
879 4961 947 5018 dixit

146 5073 175 5113 se
194 5071 278 5113 nosse
297 5056 428 5112 damnum
449 5056 504 5128 pati
532 5072 583 5128 per
616 5063 779 5126 potestatem
810 5057 940 5115 alienum.

146 5146 220 5203 Deus
239 5144 305 5201 dixit
322 5146 425 5215 justum
454 5161 515 5200 esse
533 5153 563 5200 ut
581 5144 616 5200 de
645 5152 758 5215 peccato
783 5146 946 5217 poenitentes

146 5234 181 5289 ad
210 5234 324 5289 salutern
357 5233 569 5304 reciperentur:
595 5233 721 5289 diabolus
747 5234 814 5289 dixit
839 5235 945 5303 justum

146 5347 201 5390 non
238 5347 300 5387 esse
318 5340 347 5386 ιιι
365 5333 393 5387 iu
411 5339 524 5407 peccato
552 5330 731 5402 persistentes
760 5331 796 5387 ad
827 5331 944 5386 salutem

146 5427 323 5495 cogerentur.
337 5422 413 5475 Deus
431 5420 501 5474 dixit
519 5420 675 5475 sevenisse
703 5428 731 5474 ιιι
744 5419 869 5476 volentes
889 5437 944 5476 non

146 5511 270 5585 cogeret,
287 5508 336 5564 sed
346 5517 375 5563 ut
385 5507 508 5563 volentes
517 5509 658 5577 adiuvaret
670 5523 677 5577 ;
689 5507 890 5565 diabolusdixit
899 5510 945 5563 in-

145 5612 224 5670 terim
238 5624 287 5680 pro
301 5617 428 5680 ternpore
440 5607 630 5676 aequanimitur
640 5623 669 5663 se
684 5623 828 5678 passurum
844 5608 942 5664 volen-

145 5721 186 5770 tes
204 5707 341 5776 amittere,
362 5705 386 5762 si
406 5702 529 5759 nolentes
561 5703 700 5759 retineret.
724 5706 797 5762 Deus
828 5705 895 5760 dixit
914 5706 942 5762 in

996 4509 1063 4563 duas
1079 4507 1205 4563 civitates
1217 4514 1242 4560 et
1257 4505 1327 4561 duos
1342 4503 1468 4577 populos,
1500 4512 1527 4559 ει
1541 4504 1617 4560 duos
1632 4521 1728 4577 reges,
1743 4501 1794 4558 bel·

996 4597 1051 4652 lum
1077 4605 1120 4650 est
1132 4595 1245 4667 jugiter,
1275 4602 1301 4650 et
1328 4592 1477 4658 discordia,
1494 4600 1521 4647 et
1535 4609 1643 4666 pugna,
1670 4602 1699 4649 ει
1714 4593 1795 4664 signat

997 4695 1114 4757 uterque
1125 4683 1313 4738 militessuos:
1326 4682 1449 4737 Christus
1460 4696 1534 4748 suos,
1548 4689 1578 4736 et
1589 4681 1794 4747 diabolussuos,

998 4787 1027 4836 nt
1041 4789 1191 4854 agnoscant
1206 4779 1305 4853 quique
1334 4795 1428 4852 regem
1444 4794 1535 4843 suurn,
1559 4787 1588 4834 et
1617 4787 1795 4850 agnoscantur

998 4871 1032 4926 ab
1060 4886 1093 4927 co
1107 4878 1135 4926 et
1149 4877 1298 4941 sequantur
1312 4884 1384 4923 eum.
1413 4865 1588 4923 Hierusalem
1604 4869 1681 4923 enim
1711 4867 1795 4924 civius

999 4978 1041 5026 cst
1069 4970 1096 5023 in
1124 4966 1203 5034 coelo,
1221 4966 1348 5039 Babylon
1375 4967 1506 5022 deorsum
1521 4964 1548 5019 iu
1565 4974 1661 5033 terra3
1678 4965 1796 5023 similiter

999 5057 1123 5115 Christus
1154 5072 1263 5112 sursum
1291 5065 1344 5122 est,
1372 5054 1499 5111 diabolus
1526 5053 1677 5111 deorsum.
1706 5055 1795 5111 Hilites

999 5145 1100 5204 Christi
1116 5154 1267 5219 sequuntur
1290 5160 1385 5217 rogem
1400 5160 1492 5210 suum,
1521 5151 1548 5199 et
1572 5143 1680 5201 milites
1702 5141 1795 5200 diaboli

998 5252 1150 5319 sequuntur
1177 5261 1270 5318 regem
1286 5261 1377 5299 suum.
1407 5243 1530 5299 Christus
1547 5243 1641 5300 tribus
1670 5241 1795 5314 exemplis

999 5337 1070 5391 viam
1094 5333 1175 5389 nobis
1188 5333 1316 5399 ostendit,
1346 5348 1427 5406 qnam
1453 5347 1515 5388 cum
1541 5333 1794 5404 sequidetsesnux

998 5423 1121 5480 similiter
1134 5421 1261 5479 diabolus
1289 5421 1338 5476 tria
1362 5422 1512 5493 proposuit,
1529 5419 1633 5493 quibus
1646 5431 1715 5494 post
1741 5433 1796 5477 eum

997 5518 1199 5592 praecipitentur
1227 5517 1273 5590 qui
1295 5533 1356 5573 eum
1392 5516 1638 5589 sequuntur.1ter
1665 5516 1741 5575 enim
1766 5512 1795 5571 ad

996 5609 1144 5674 Christum,
1160 5607 1221 5679 qxria
1236 5622 1345 5662 sursum
1359 5613 1412 5672 est,
1439 5604 1555 5661 arduum
1580 5612 1626 5662 est
1640 5613 1670 5664 et
1698 5613 1795 5664 arctum

997 5715 1047 5772 εει,
1064 5712 1091 5760 ει
1106 5703 1217 5776 longum
1245 5702 1273 5758 ia
1288 5701 1403 5758 sublime
1419 5719 1426 5766 ;
1441 5700 1494 5758 iter
1506 5699 1543 5757 ad
1555 5700 1714 5776 diabolum,
1738 5698 1796 5776 quit
