3780 6038
108 253 159 309 lib
620 256 787 315 delectet
807 258 953 315 laearts
973 255 1242 315 l'lNDOClNENSlS
1706 258 1756 313 116

111 385 153 433 est
168 377 245 449 quasi
259 378 341 436 arbor
355 379 414 437 siue
430 381 534 439 radice.
554 382 642 439 Arbor
657 391 748 438 autem
758 383 902 454 quaeradi-
917 383 945 446 Α
960 398 975 438 a
990 399 1044 454 quo
1059 389 1085 438 et
1099 379 1335 438 consecrationem
1344 381 1436 437 habet.
1448 381 1528 437 lllum
1538 379 1757 454 siquidemptius

112 481 172 521 cem
186 481 240 522 non
255 467 346 536 habet,
362 470 468 525 etiamsi
481 470 545 527 lolia
561 472 671 540 babeat,
694 471 810 528 lructum
835 471 905 527 lerre
959 480 1064 543 oportet
1079 470 1243 537 consecrari,
1260 469 1359 526 deinde
1372 485 1439 527 vero
1451 478 1580 544 tauquam
1594 469 1695 527 ducem
1706 470 1756 526 Ec

112 553 267 610 nullatenns
288 556 371 611 valet.
393 559 435 612 lld
457 560 616 628 hujusmodi
638 560 765 616 arborem
783 560 906 615 Christus
960 560 1051 616 clesiae
1065 558 1151 615 sacris
1165 558 1320 630 insignibus
1334 558 1473 615 decorari.
1489 558 1517 615 Si
1531 558 1593 630 quis
1604 556 1758 614 autemcui·

114 641 225 713 quidem
240 645 365 711 accessit,
381 655 407 701 ct
421 662 481 703 cum
496 648 534 702 ibi
549 648 667 704 iruetum
682 664 737 703 nou
748 649 905 716 invenisset,
960 649 1024 705 libet
1038 647 1163 706 saeculari
1177 646 1302 719 potestati
1315 647 1369 702 isla
1382 646 1467 704 licere
1480 654 1566 719 putat,
1583 654 1668 704 errat.
1679 644 1757 716 Quod

115 745 176 786 eam
191 732 328 787 maledixit
343 735 436 804 (llere.
453 752 489 800 rr,
507 737 551 802 te,
569 739 626 807 11).
646 738 713 793 'lota
728 737 821 810 utique
835 737 908 793 ordi-
961 737 984 792 si
998 736 1144 793 defendere
1159 736 1262 802 nititur,
1278 735 1465 808 apostolorum
1478 735 1645 802 doctrinam,
1656 743 1756 791 etsan·

115 820 188 875 natio
203 821 323 892 episcopi
337 822 365 876 in
380 823 438 879 sala
453 823 587 880 electione
602 826 735 895 consistit,
762 835 788 880 et
808 841 907 882 conse·
961 825 996 881 cti
1012 825 1128 896 Spiritus
1143 840 1253 880 sensum
1268 824 1396 881 annulare
1419 823 1558 881 desiderat
1573 840 1581 882 :
1604 823 1679 880 uude
1699 824 1757 879 bc-

114 905 246 971 eratione,
259 906 281 959 si
297 914 388 962 tamen
404 906 480 962 illam
490 907 590 964 electio
614 918 690 965 recta
717 911 903 981 precesserit.
962 914 1063 970 retices
1084 928 1146 969 ease
1174 913 1331 969 nullatenus
1353 911 1505 968 dubitatur.
1533 913 1598 969 llaec
1624 919 1759 985 praeterea

113 993 177 1047 Haec
197 1000 288 1048 autem
312 995 386 1066 prius
409 1012 458 1066 per
481 997 662 1068 semetipsum
686 998 750 1054 lecit
773 999 906 1068 cbristus,
961 998 1073 1055 heresis
1089 998 1123 1054 de
1137 997 1308 1064 investitura,
1324 998 1346 1052 si
1361 1004 1439 1054 recte
1455 997 1649 1069 perspiciatur,
1677 996 1758 1053 etism

112 1080 212 1136 deinde
227 1098 291 1138 vero
306 1083 398 1139 vicarii
412 1085 480 1153 ejus.
504 1086 539 1139 Et
558 1086 585 1139 in
609 1086 740 1156 apostolis
759 1087 869 1158 quidem
892 1104 908 1144 a
963 1087 1076 1143 heresis
1090 1086 1247 1144 simoniaca
1262 1100 1334 1151 esse,
1352 1086 1415 1142 viva
1428 1093 1456 1141 et
1470 1102 1535 1142 vera
1543 1086 1647 1142 ratione
1657 1085 1758 1157 proba·

115 1169 222 1224 Christo
232 1170 303 1226 lacta
318 1180 390 1239 suut,
405 1173 533 1244 quoniam
548 1175 582 1228 ab
596 1175 656 1245 ipso
669 1175 747 1232 electi
763 1185 789 1231 et
808 1190 907 1232 conse·
962 1184 1017 1231 tur.
1035 1175 1116 1242 Nam,
1133 1190 1195 1246 quae
1208 1173 1351 1230 saecularis
1364 1181 1488 1246 potestas
1502 1174 1555 1229 sibi
1568 1173 1710 1230 vindicare
1720 1172 1760 1227 ni-

112 1258 180 1313 crati
196 1259 303 1314 luerunt
320 1280 326 1325 ;
343 1260 370 1314 in
381 1261 442 1316 aliis
457 1278 522 1318 vero
535 1263 672 1331 omnibus,
698 1280 711 1318 a
737 1264 819 1320 nullis
847 1265 908 1322 aliis
961 1264 1028 1320 titur
1041 1263 1238 1329 investituram,
1255 1262 1309 1317 nisi
1324 1271 1356 1318 ut
1373 1279 1424 1334 per
1452 1262 1515 1331 hoc,
1544 1269 1593 1318 aut
1615 1261 1760 1332 pecuniam

113 1344 259 1412 derideat,
277 1348 358 1404 nisis
378 1350 487 1406 vicariis
498 1352 609 1408 Christi.
621 1352 689 1408 Sunt
700 1361 792 1408 autem
816 1354 907 1412 vicarii
962 1359 1132 1424 extorqueat,
1149 1354 1205 1418 aut,
1222 1349 1297 1423 quod
1312 1358 1354 1406 est
1369 1351 1494 1424 gravius,
1523 1350 1578 1406 sibi
1606 1350 1761 1407 inordinate

114 1434 215 1489 Christi
236 1435 330 1492 elerici
351 1438 378 1492 in
398 1438 541 1508 electione,
566 1440 690 1513 episcopi
713 1442 741 1497 in
763 1458 909 1500 consecra·
962 1441 1114 1511 subjectam
1130 1438 1230 1496 elliciat
1243 1437 1381 1511 pontilicis
1395 1441 1572 1511 personam?
1600 1439 1701 1496 Nullus
1720 1446 1761 1494 est

113 1521 197 1579 tione.
215 1524 311 1580 Ceteri
326 1541 422 1583 omues
435 1535 530 1599 petere
541 1529 649 1601 quidem
665 1529 824 1602 episcopum
840 1548 907 1603 pos·
961 1531 1055 1602 ntique
1069 1529 1213 1595 laieorum,
1230 1528 1337 1584 etiamsi
1353 1528 1379 1584 ei
1392 1527 1498 1594 liceret,
1514 1528 1562 1600 qui
1575 1536 1648 1583 tanta
1670 1529 1760 1584 inten-

114 1618 175 1666 snnt
191 1631 199 1679 3
215 1612 318 1685 eligere
328 1631 392 1672 vero
406 1615 451 1671 vel
465 1632 628 1674 consecrare
643 1634 697 1675 uon
708 1620 908 1691 pessuntoui-
962 1619 1035 1674 tione
1051 1618 1191 1685 annulum,
1209 1616 1256 1673 vel
1270 1617 1376 1691 virgam
1391 1617 1458 1673 dare
1473 1617 1621 1683 desideret,
1637 1617 1691 1672 nisi
1712 1632 1762 1688 per

115 1713 222 1772 cunque
245 1702 327 1774 igitur
344 1704 397 1760 alio
412 1706 503 1775 modo,
521 1707 598 1778 quasi
620 1709 670 1762 sub
694 1709 803 1765 nemine
817 1711 908 1780 ponti-
922 1738 949 1799 B
965 1709 1031 1773 bac,
1047 1723 1113 1778 qnae
1127 1714 1190 1762 sunt
1203 1713 1380 1762 sacramenta
1399 1705 1540 1776 Ecclesia,
1565 1704 1763 1777 temporalibus

114 1787 182 1854 ficis,
198 1791 348 1847 Ecclesiam
365 1793 408 1849 vel
430 1802 592 1864 potestatem
614 1797 828 1854 eeclesiasticam
855 1800 907 1855 sibi
963 1797 1046 1853 lucris
1061 1795 1190 1850 inhiaret.
1206 1795 1295 1851 Laicis
1305 1794 1418 1867 quidem
1434 1802 1610 1851 sacramenta
1619 1794 1653 1849 ab
1668 1793 1764 1850 Eccle·

112 1875 252 1934 vindicare
267 1882 416 1951 praesumit,
431 1882 474 1940 hic
487 1883 545 1951 jam
561 1894 614 1940 non
630 1901 681 1956 per
695 1887 797 1943 ostium
814 1888 907 1955 intrat,
963 1882 1002 1937 sia
1013 1880 1152 1951 suscipere
1159 1879 1232 1946 licet,
1245 1895 1300 1936 nou
1311 1879 1440 1936 Ecclesia
1450 1878 1578 1952 qualibet
1587 1886 1762 1935 sacramenta

112 1965 160 2020 sed
173 1967 280 2024 aliunde
295 1971 427 2036 ascendit,
443 1980 472 2026 ut
486 1971 581 2029 merito
596 1989 651 2028 non
664 1975 735 2030 iuter
764 1976 909 2048 episcopos

112 2065 291 2127 computetur,
306 2059 355 2114 sed
371 2059 441 2116 inter
465 2059 540 2117 iures
564 2069 591 2117 et
617 2061 737 2119 latrones
764 2079 909 2121 connume-

113 2153 186 2199 retnr
201 2148 295 2215 (loca.
315 2163 344 2213 n,
362 2149 403 2218 l).
428 2149 631 2216 luvcstituram,
660 2167 741 2223 quam
766 2153 800 2208 de
826 2169 907 2209 mann

112 2232 176 2288 laici
192 2234 337 2306 accepistis
352 2252 400 2307 per
414 2238 577 2309 pastoralem
601 2239 718 2313 virgam,
744 2241 826 2297 silere
854 2259 909 2299 non

114 2321 211 2386 debeo,
229 2339 279 2378 nee
303 2323 377 2395 loqui
401 2325 460 2380 sine
482 2326 587 2394 dolore,
616 2329 688 2400 quod
715 2330 750 2385 ad
778 2332 908 2401 majorem

112 2409 237 2479 injuriam
256 2421 357 2469 sanclae
380 2413 512 2471 Ecclesiae
535 2415 563 2470 iu
588 2417 696 2473 occulto
726 2417 824 2475 lactum
854 2437 909 2476 non

113 2497 174 2567 luit,
189 2499 238 2555 sed
254 2501 376 2572 publice.
406 2502 458 2572 Qui
480 2512 570 2559 autem
598 2521 767 2580 cognoscere
795 2507 910 2565 voluerit

113 2587 179 2658 quid
193 2589 328 2646 catholica
341 2598 367 2646 et
381 2591 532 2662 apostolica
545 2593 671 2650 Ecclesia
690 2596 725 2651 de
753 2596 910 2653 investitura

112 2679 230 2733 senserit
245 2697 252 2744 ς
268 2679 333 2751 quid
345 2680 479 2748 docuerit,
510 2683 576 2755 quid
598 2684 759 2753 judicaverit
787 2688 867 2756 118
884 2693 911 2741 ει

115 2764 298 2833 constituerit,
314 2767 389 2841 legat
403 2769 532 2840 inprime
552 2771 671 2844 capitulo
695 2773 769 2829 illius
791 2775 909 2846 concilii,

116 2852 188 2924 quod
203 2861 325 2927 tempore
341 2856 471 2931 Gregorii
483 2860 592 2932 septimi
602 2877 681 2933 papae
697 2861 795 2918 lactum
812 2871 862 2919 est.
876 2865 911 2920 Et

30 2966 33 2973 ,
114 2940 151 2994 ibi
166 2957 262 2998 omnes
277 2944 403 3015 clericos,
420 2948 467 3021 qui
480 2949 516 3005 de
536 2965 619 3005 manu
640 2951 701 3007 laici
722 2951 910 3009 investituram

963 1971 1040 2037 dare,
1058 1969 1175 2025 annulus
1190 1973 1280 2025 aulem
1291 1978 1319 2025 ει
1332 1968 1418 2042 virga,
1434 1967 1543 2041 quando
1557 1968 1591 2024 ab
1612 1967 1667 2023 illis
1689 1967 1760 2023 dan-

964 2067 1015 2129 tur,
1031 2074 1047 2114 a
1062 2058 1162 2130 quibus
1175 2057 1236 2113 dari
1257 2057 1371 2124 debent,
1396 2065 1422 2113 ει
1449 2057 1571 2128 quando,
1600 2064 1628 2113 et
1650 2055 1706 2118 ubi.
1735 2062 1763 2110 ει

963 2147 1102 2220 quomodo
1117 2146 1227 2213 debent,
1245 2152 1418 2203 sacramenta
1438 2144 1572 2202 Ecclesia
1592 2153 1666 2209 suut,
1692 2144 1764 2201 sieut

963 2237 1014 2302 sal,
1031 2244 1058 2294 et
1068 2251 1148 2308 aqua,
1163 2243 1188 2292 et
1204 2235 1328 2308 quaedam
1343 2234 1407 2303 alia,
1424 2234 1483 2290 sinc
1497 2233 1596 2306 quibus
1619 2232 1762 2290 bominum

964 2333 990 2381 et
1004 2324 1194 2382 Ecclesiarum
1217 2323 1439 2380 consecrationes
1464 2321 1522 2378 lieri
1545 2338 1600 2378 uon
1630 2328 1758 2393 possunt.

964 2415 1078 2485 Semper
1091 2413 1177 2470 laicus
1193 2412 1227 2469 de
1242 2413 1409 2479 investitura,
1424 2419 1452 2467 ut
1467 2410 1596 2478 diximus,
1614 2418 1661 2466 aut
1675 2425 1762 2482 pecu·

964 2503 1037 2558 niem
1052 2501 1105 2558 sibi
1121 2502 1243 2559 vindicat
1259 2519 1266 2565 ;
1280 2509 1326 2557 aut
1340 2500 1414 2573 quod
1429 2506 1470 2557 est
1485 2499 1614 2572 amplius,
1639 2498 1764 2571 episcopi

964 2590 1007 2648 vel
1022 2590 1128 2647 abbatis
1141 2606 1299 2662 personam.
1317 2589 1375 2645 Hac
1390 2589 1481 2661 utique
1493 2603 1549 2645 non
1563 2595 1618 2643 tam
1643 2588 1764 2643 bumana

964 2696 1046 2750 quam
1061 2680 1197 2736 diabolica
1210 2678 1378 2750 malignitate
1393 2679 1473 2748 120
1504 2676 1629 2734 Ecclesia
1651 2675 1766 2734 catholi-

965 2786 1024 2826 cam
1039 2769 1131 2836 srdem,
1154 2768 1310 2824 libertatem
1333 2775 1360 2823 et
1385 2766 1537 2824 castitatem
1565 2765 1674 2832 amittit,
1705 2765 1764 2820 sine

965 2859 1064 2932 quibus
1078 2857 1154 2914 nulla
1168 2855 1275 2913 retione
1289 2855 1425 2915 subsistit.
1443 2855 1506 2912 Haec
1520 2853 1620 2911 etenim
1636 2853 1764 2910 triasem·

964 2965 1014 3020 per
1029 2946 1156 3004 Ecclesia
1171 2945 1272 3002 habere
1289 2944 1381 3013 debet,
1398 2959 1514 3016 quorum
1528 2943 1571 2999 vel
1597 2959 1683 2999 unum
1712 2943 1764 2998 de-

117 3029 276 3102 suseipiunt,
292 3035 436 3093 haereticos
451 3045 573 3104 vocatos,
588 3039 839 3097 atideodamnatos
849 3058 911 3097 csse
966 3037 1061 3104 luerit,
1077 3035 1152 3092 velut
1166 3033 1316 3106 paralytica
1329 3034 1413 3104 jacet,
1428 3047 1480 3088 uec
1494 3031 1607 3102 ligandi,
1630 3045 1683 3088 uec
1706 3030 1763 3086 sol·

117 3125 143 3172 ct
157 3122 407 3179 excommunicatos
421 3125 554 3182 inveniet.
569 3127 645 3183 licet
658 3129 788 3184 enimalia
798 3130 912 3186 haeresis
968 3124 1048 3183 vendi
1063 3130 1224 3195 potestatem
1239 3122 1330 3178 babet.
1346 3122 1423 3177 lianc
1433 3119 1517 3194 igitur
1539 3119 1697 3192 quicunque
1715 3119 1766 3175 sub

117 3207 152 3262 dc
165 3207 325 3266 investitura
339 3213 453 3280 dicatur,
470 3214 524 3270 elia
548 3214 702 3271 simoniaca
718 3235 725 3281 ;
748 3217 800 3273 ista
823 3227 912 3275 tamen
968 3213 1060 3286 specie
1075 3211 1196 3283 pastoris
1211 3210 1350 3283 suscipere
1364 3208 1513 3281 praesumit,
1539 3207 1569 3263 lit
1587 3206 1765 3280 paralyticus,

118 3298 226 3366 quaeda
242 3298 403 3356 investitura
417 3301 527 3369 dicitur,
547 3310 641 3359 eontra
665 3314 787 3361 sanctam
814 3307 913 3362 Eccle·
967 3311 994 3358 ct
1008 3301 1137 3357 haeretica
1150 3300 1228 3371 lepra
1243 3299 1373 3370 pollutus.
1390 3297 1468 3353 lllum
1480 3312 1533 3354 non
1547 3304 1686 3369 pastorem
1698 3294 1768 3352 fidu·

119 3383 186 3438 siam
202 3384 459 3458 lortiuslaculatur.
480 3390 520 3444 lbi
545 3392 619 3447 euim
645 3392 673 3446 in
701 3393 796 3463 primis
825 3396 915 3450 omnis
967 3391 1072 3447 cialiter
1086 3389 1157 3456 diuo,
1174 3404 1226 3444 nec
1235 3388 1309 3444 illius
1323 3386 1446 3442 Pastoris
1473 3385 1519 3458 qui
1545 3384 1664 3441 animam
1688 3400 1765 3442 suam

120 3472 323 3531 ecclesiasticus
338 3478 406 3534 ordo
420 3478 606 3546 contunditur,
632 3482 742 3551 quando
766 3483 818 3538 boe
842 3484 915 3556 qued
967 3478 1059 3552 posuit
1073 3493 1122 3551 pro
1134 3476 1232 3534 ovibus
1247 3475 1303 3532 suis
1315 3478 1407 3548 (loca.
1423 3491 1454 3544 rt,
1464 3477 1519 3544 ll),
1530 3472 1766 3546 llU0dfibe‘m0m·

121 3562 265 3635 unicuique
280 3581 295 3618 a
313 3581 364 3621 suo
380 3574 573 3624 consecratore
589 3568 616 3623 in
629 3569 757 3627 Ecclesia
771 3588 833 3628 cnm
852 3588 915 3629 ora·
971 3569 1062 3624 brnm.
1084 3566 1139 3622 Sed
1153 3566 1198 3622 lur
1211 3573 1238 3621 et
1248 3564 1329 3629 latro,
1346 3572 1373 3621 ει
1388 3563 1469 3636 lupus
1482 3570 1542 3629 est;
1557 3578 1621 3619 nam
1651 3562 1687 3619 ad
1714 3563 1768 3619 boc

122 3649 251 3719 tionibus,
266 3670 327 3725 quta
341 3654 381 3709 ibi
393 3655 567 3723 conveniunt,
584 3657 750 3728 deridebat,
767 3660 918 3717 asaeculari
971 3657 1044 3714 venit
1058 3664 1086 3711 ut
1100 3654 1217 3721 iuretur,
1235 3661 1262 3709 et
1277 3652 1373 3724 rapiat,
1396 3659 1423 3708 et
1451 3658 1553 3707 mactet
1582 3650 1679 3722 (istc,
1706 3651 1765 3721 10).

122 3744 257 3810 potestate
272 3741 349 3812 prius
368 3743 511 3815 accipitur.
534 3744 614 3812 Quod
629 3748 715 3803 sancti
730 3748 846 3819 apostoli
863 3765 918 3806 non
971 3748 1048 3802 lianc
1062 3751 1154 3800 autem
1169 3741 1361 3799 detestabilem
1374 3740 1541 3813 impietatem
1556 3755 1611 3797 non
1624 3738 1714 3795 solum
1725 3739 1771 3812 qui

122 3828 210 3884 selum
224 3829 433 3899 interdixerunt,
450 3833 640 3889 verumetiam
657 3850 754 3892 omnes
776 3836 848 3905 illos,
874 3839 919 3911 qui
973 3833 1085 3901 luciuut,
1102 3831 1151 3888 sed
1167 3830 1213 3904 qui
1228 3830 1401 3888 consentiunt
1416 3829 1451 3897 ei,
1471 3827 1594 3885 damnati
1614 3835 1690 3884 suut.
1723 3827 1772 3884 tlle

124 3933 174 3988 per
188 3918 346 3975 secularem
370 3929 549 3992 postestatem
570 3923 722 3980 Ecclesiam
747 3925 878 3994 obtinent,
904 3944 920 3984 a
974 3938 1042 3978 vero
1058 3920 1203 3988 consentit,
1221 3919 1267 3992 qui
1281 3935 1340 3974 eam
1351 3925 1434 3985 tacet,
1451 3919 1495 3990 qui
1509 3933 1571 3974 eam
1585 3915 1770 3990 noncorrigil.

126 4008 232 4066 Christo
246 4008 298 4066 sibi
309 4011 410 4067 tradita
419 4018 552 4082 potestate
562 4012 770 4070 damnaverunt.
781 4015 815 4070 Et
824 4015 920 4071 merito
974 4010 1060 4083 etqui
1077 4011 1102 4066 ei
1117 4007 1206 4080 palam
1222 4023 1277 4064 nen
1293 4006 1465 4064 contradicit.
1496 4007 1530 4062 Ει
1556 4021 1638 4062 nemo
1665 4013 1708 4061 est
1726 4004 1772 4077 qui

126 4098 242 4168 apostoli
254 4099 355 4167 judicio
370 4099 487 4171 Spiritus
502 4100 589 4157 sancti
602 4102 811 4158 hanehaeresim
823 4103 922 4174 inipso
975 4098 1166 4156 contradicere
1180 4096 1270 4169 palam
1286 4111 1341 4151 non
1355 4093 1463 4163 debeat,
1479 4102 1505 4151 et
1526 4093 1622 4166 possit.
1646 4093 1728 4160 Nam,
1749 4093 1774 4148 si

127 4188 260 4245 Ecclesiae
285 4189 420 4260 principio
456 4189 584 4245 damnare
621 4189 813 4258 decreverunt,
840 4207 922 4264 quam
977 4186 1084 4257 praelati
1097 4201 1152 4243 uon
1165 4186 1248 4242 habet
1262 4183 1462 4250 auctoritatem,
1477 4183 1562 4239 babet
1585 4190 1679 4239 tamen
1692 4182 1772 4238 Chri-

127 4276 210 4348 longo
224 4285 288 4346 post
304 4284 464 4348 temporeet
474 4284 549 4349 patre
564 4277 673 4334 diabolo
685 4279 850 4336 nascituram
861 4297 923 4336 esse
978 4277 1058 4332 stiaui
1074 4291 1181 4341 vocem,
1196 4281 1222 4330 et
1237 4272 1379 4345 Scriptura
1394 4272 1470 4338 dicit,
1487 4279 1513 4328 et
1540 4270 1678 4326 neminem
1695 4269 1773 4326 cxci·

127 4363 326 4434 praeviderunt.
345 4366 413 4421 Cum
437 4365 519 4438 igitur
541 4366 613 4422 laico
642 4376 669 4422 ct
697 4368 865 4434 investitura,
896 4377 924 4424 et
977 4359 1774 4437 pit:Maledictusest,qttiprobt'bctqlndittmascnqeirtc

129 4452 218 4508 omnis
232 4453 313 4507 etiam
327 4453 560 4525 disponendarum
576 4453 922 4512 ecclesiasticarumrerum
938 4445 964 4505 D
979 4455 1050 4525 (ier.
1068 4468 1167 4518 xivttt.
1179 4454 1233 4520 ¹⁰),
1250 4450 1277 4506 id
1289 4458 1443 4515 0³¹2V⁰⁰em
1457 4463 1534 4504 suam
1543 4448 1577 4504 ab
1586 4447 1776 4520 iniri-'Pfflfflle

130 4540 245 4596 facultas
259 4541 385 4612 aSpiritu
395 4550 500 4608 sancto,
513 4543 558 4613 qui
572 4542 599 4597 iu
609 4543 741 4615 apostolis
751 4544 922 4616 loquebatur,
978 4541 1094 4612 peccati.
1116 4540 1183 4595 lllud
1199 4539 1281 4594 etiam
1296 4537 1395 4594 lactum
1412 4537 1574 4605 meminerit,
1599 4536 1673 4610 quod
1697 4535 1776 4592 asina

129 4635 229 4701 negata
243 4628 278 4684 sit
291 4629 400 4701 penitus
415 4639 442 4686 ει
456 4630 612 4698 interdicta,
628 4631 674 4704 qui
689 4632 879 4689 investituram
908 4651 924 4691 a

129 4720 201 4776 laice
215 4718 343 4790 suscepit,
359 4734 415 4774 non
427 4719 537 4787 estjam
552 4720 796 4792 contraapostolos
807 4728 922 4789 tantum,

129 4810 185 4865 imo
194 4815 290 4865 contra
299 4808 444 4865 Dominum
455 4808 656 4879 apostolorum;
667 4808 872 4880 qnodsanctum
883 4817 925 4866 est

131 4898 249 4955 canibus
259 4897 379 4969 exponit.
395 4897 560 4954 investitura
568 4896 651 4963 euim,
667 4897 701 4952 de
711 4913 766 4969 qua
776 4896 922 4970 loquimur,

131 4996 333 5043 sacramentum
347 4994 399 5053 est,
414 4987 441 5042 id
456 4989 498 5042 cel
513 5001 623 5043 sacrum
638 4984 758 5058 siguum,
775 5001 829 5058 que
843 4986 923 5058 prin-

129 5090 195 5145 ceps
209 5074 347 5143 Ecclesiae,
357 5074 622 5147 episcopusscilieet,
631 5074 759 5131 acaeteris
768 5075 924 5131 hominibus

129 5161 282 5218 secernitur
295 5161 394 5233 pariter
407 5172 487 5236 atque
502 5163 672 5238 dignoscitur
688 5177 694 5218 τ
717 5171 742 5219 ει
761 5178 815 5236 quo
840 5178 923 5234 supra

979 4634 1081 4685 latuum
1093 4629 1256 4699 prophetam
1271 4626 1336 4683 olim
1350 4625 1501 4683 correxerit
1512 4626 1606 4696 (Num.
1623 4641 1691 4692 xxn,
1707 4625 1769 4696 28).

979 4718 1095 4789 Quodsi
1110 4716 1190 4772 luerit
1205 4716 1329 4781 vitiosus,
1358 4714 1402 4771 vel
1429 4714 1551 4787 quolibet
1578 4713 1633 4770 alio
1660 4713 1776 4770 erimine

978 4806 1087 4863 infamis
1102 4806 1199 4871 lactus,
1216 4820 1271 4861 non
1288 4804 1351 4860 ideo
1367 4802 1449 4859 silere
1464 4802 1555 4869 debet,
1572 4801 1701 4874 quoniam
1712 4802 1775 4858 uni·

978 4896 1076 4968 cuique
1089 4893 1228 4968 peccatori
1243 4908 1416 4948 communem
1429 4890 1562 4948 Ecclesiae
1575 4888 1668 4959 sidem,
1694 4905 1776 4963 quum

978 5001 1056 5041 suam
1071 4999 1133 5040 esse
1148 4981 1233 5039 credit
1244 4989 1271 5037 ει
1286 4979 1438 5046 confitetur,
1452 4979 1612 5046 defendere,
1629 4987 1655 5036 et
1680 4988 1777 5036 contra

978 5074 1038 5142 ejus
1051 5069 1227 5128 adversarios
1242 5069 1329 5125 libere
1344 5083 1469 5142 pugnare
1484 5067 1556 5124 licet.
1571 5069 1643 5124 Nam
1657 5067 1696 5122 illi
1709 5068 1775 5133 duo,

977 5162 1025 5234 qui
1039 5162 1066 5215 iu
1080 5159 1227 5231 passieune
1241 5156 1350 5213 Domini
1364 5155 1491 5214 crucifixi
1506 5164 1569 5212 sunt
1583 5172 1645 5212 cum
1661 5172 1705 5220 eo,
1716 5164 1775 5211 otb-

133 5251 214 5322 119
230 5250 410 5307 Christianum
421 5268 536 5324 gregem
551 5269 615 5309 cura
629 5252 774 5324 pastoralis
789 5250 814 5307 ei
825 5251 921 5307 tribui·
976 5250 1040 5305 nino
1055 5248 1169 5304 inlames
1179 5255 1266 5313 eraut,
1284 5262 1347 5302 nam
1362 5245 1464 5318 publici
1479 5245 1598 5301 latrones
1614 5262 1622 5298 ε
1649 5261 1774 5317 quorum

127 5348 180 5397 tur.
197 5340 273 5396 Hanc
288 5337 475 5395 investituram
488 5341 522 5396 ab
537 5340 584 5397 ille
598 5341 658 5398 solo
674 5339 814 5413 suscipere
838 5340 921 5398 debet
976 5355 1049 5394 unus
1062 5353 1118 5395 non
1128 5343 1231 5394 tautum
1247 5335 1310 5410 quia
1323 5334 1452 5403 eredidit,
1472 5336 1551 5404 121
1577 5335 1627 5390 sed
1642 5333 1706 5406 quia
1718 5349 1775 5390 suar

123 5625 325 5685 turalaieorum
340 5625 502 5683 adverbum
521 5625 649 5700 leguntur
674 5628 806 5700 opusculo
834 5631 850 5685 ι
870 5627 905 5682 ad
929 5626 1036 5682 Petmm
1063 5621 1146 5680 Leoni
1168 5618 1345 5688 cardinalem,
1372 5617 1421 5675 nbi
1449 5622 1642 5690 argumentum
1670 5622 1775 5674 utrum·

121 5741 174 5797 que
187 5731 284 5784 tractat
297 5740 334 5782 ert
348 5723 480 5782 institute.
