3780 6038
764 248 933 305 warmunt
954 247 1095 302 ,ιιιιιιιιι1
1115 247 1143 302 s,
1163 246 1275 302 mrsu
1612 208 1618 215 ’
1796 247 1842 301 rra

202 379 260 446 ejus
279 373 463 446 operationem
493 388 556 429 caro
587 373 686 428 Christi
705 372 739 427 de
767 387 850 428 carne
879 370 1234 444 VirginisAsubstantiam
1262 369 1352 427 carnis
1389 367 1554 437 ministrans,
1584 369 1690 427 carnali
1718 371 1845 442 concupi·

198 466 369 531 formaretur,
397 472 424 518 et
443 461 528 518 virtus
556 461 690 517 ditissimi
713 460 884 517 obumbravit
909 461 934 515 ei
962 475 997 515 ne
1052 461 1155 517 scentia
1169 467 1304 517 ureretur.

196 254 250 309 ‘riti

619 789 683 891 IN
733 786 1133 892 haltvtfhlh
1174 786 1418 890 DOMINI.

830 999 1027 1066 Secundum
1061 1000 1200 1065 Lucam.

230 1242 241 1269 a
256 1218 326 1273 Exiit
341 1217 460 1274 edictum
481 1233 496 1272 a
511 1217 634 1272 Craesare
652 1216 785 1286 Augusto,
810 1222 839 1268 ut
854 1212 995 1269 describe·
1051 1228 1117 1268 suos
1132 1212 1263 1269 scriberet
1275 1213 1304 1267 in
1319 1212 1478 1269 aeternitate.
1488 1211 1552 1281 Quo
1567 1210 1709 1269 contrade
1724 1209 1847 1281 reprobis

197 1315 272 1364 retur
303 1307 448 1363 universus
481 1306 562 1369 orbis,
587 1328 599 1351 a
620 1312 672 1359 etc.
702 1305 783 1372 (Luc.
815 1303 856 1366 ιι.)
884 1292 995 1370 thena]
1050 1300 1364 1357 diciturzeDelesntur
1378 1302 1413 1357 de
1425 1302 1496 1357 libro
1510 1300 1669 1367 viventium,
1686 1305 1714 1356 et
1729 1313 1792 1355 curn
1803 1297 1848 1370 ju·

195 1395 280 1450 Juxta
299 1394 380 1449 frdem
399 1394 583 1458 historiarum,
610 1400 683 1447 tanta
702 1406 771 1462 pace
789 1390 914 1463 regnavit
934 1391 995 1443 llu-
1050 1388 1100 1444 stis
1120 1405 1174 1444 non
1188 1389 1341 1445 scribantur
1355 1390 1567 1458 (Psal.r.nvrrr).

193 1499 289 1562 gustus
318 1492 396 1546 annis
415 1490 558 1545 duodecim
582 1489 654 1544 circa
669 1496 776 1558 tempus
786 1487 929 1541 dominicae
943 1501 994 1539 na·
1085 1483 1197 1540 Frictum
1222 1491 1263 1539 est
1277 1492 1368 1540 autern
1397 1499 1459 1540 cum
1483 1489 1576 1540 essent
1603 1481 1651 1550 ibi,
1668 1480 1777 1552 impleti
1791 1488 1850 1535 sunt

191 1579 313 1647 tivitatis,
333 1587 361 1633 ut
380 1588 432 1633 tam
448 1577 591 1634 forincesis
607 1592 688 1648 quam
706 1575 831 1630 civilibus
842 1574 921 1629 bellis
936 1581 994 1629 toto
1048 1571 1108 1627 dies
1134 1579 1165 1627 ut
1192 1580 1315 1644 pareret,
1330 1581 1358 1628 et
1375 1572 1483 1644 peperit
1496 1570 1581 1626 fllium
1596 1587 1675 1626 suum
1690 1569 1850 1641 primogeni

194 1668 261 1723 orbe
276 1666 381 1737 sopitis,
392 1674 418 1722 et
432 1666 468 1721 ad
482 1666 599 1721 litteram
611 1665 775 1735 completum
789 1663 913 1719 videatur
926 1661 994 1717 illud
1048 1677 1117 1724 tum.
1150 1671 1265 1739 (henr.)
1285 1669 1369 1738 Bene,
1385 1678 1442 1725 tum
1465 1677 1578 1740 propter
1603 1667 1743 1739 judicium
1768 1674 1848 1721 stem·

193 1753 584 1825 proptreticum100ntlabunt
614 1752 725 1823 gladios
753 1751 780 1805 in
808 1765 945 1814 vomeres,
966 1743 1229 1828 ethavisregjs‚
1245 1766 1301 1813 qum
1316 1766 1431 1829 pmprep
1462 1757 1708 1813 nominjssacrum
1721 1754 1849 1811 Dominus

192 1843 300 1898 lanceas
315 1842 340 1897 in
365 1841 459 1897 falces.
476 1843 536 1896 Non
560 1841 663 1895 levabit
680 1856 749 1911 gens
773 1847 867 1894 eontra
882 1846 992 1909 gentem
1047 1845 1074 1899 in
1102 1846 1259 1902 Qevlrlqhem
1274 1847 1393 1902 nascitur
1412 1861 1419 1900 :
1439 1846 1596 1902 Bethlehem
1618 1858 1741 1916 namque
1756 1844 1848 1900 domm

194 1931 314 2003 gladium
338 1932 405 1999 (tra.
435 1930 479 2001 ul·
505 1954 515 1975 r·
557 1930 733 1984 inertissima
753 1936 841 1982 rotem
871 1936 993 1997 rrnrpore
1043 1937 1130 2005 porris
1145 1935 1348 2006 interpretatur.
1363 1936 1559 2006 (Graccum.)
1575 1935 1611 1989 Et
1624 1932 1661 1988 ibi
1676 1932 1757 2004 panis
1774 1931 1848 1988 virus

192 2021 313 2077 nascitur
328 2020 461 2089 Christus,
478 2018 551 2090 quod
568 2020 641 2072 Deus
657 2026 714 2070 erat
743 2017 770 2070 in
786 2016 894 2070 Christo
910 2032 991 2070 rnun-
1047 2023 1094 2092 qui
1108 2023 1143 2078 de
1162 2022 1234 2079 coefo
1249 2023 1391 2079 descendit
1410 2032 1523 2095 appares
1536 2023 1565 2078 jn
1578 2036 1676 2089 came,
1687 2021 1734 2093 qui
1751 2019 1848 2076 010010.

190 2109 255 2164 dum
284 2108 465 2164 reconcilians
478 2108 529 2161 sibi
545 2108 579 2175 tlt
598 2109 663 2162 cor.
688 2107 725 2170 vi.
743 2106 807 2160 tter
830 2105 921 2175 iraque
936 2119 992 2174 pax
1047 2127 1108 2165 rum
1133 2120 1241 2166 mentes
1270 2112 1376 2167 interna
1405 2111 1529 2167 reficiens
1563 2109 1706 2166 satietate.
1726 2107 1848 2178 Quotidie

190 2213 273 2268 quam
288 2197 351 2252 l'ecit
365 2200 503 2266 ,lugustus
526 2193 698 2266 significahat
713 2209 808 2263 pacem
838 2209 917 2265 quam
933 2195 992 2247 lle-

191 2287 278 2341 diator
296 2292 389 2339 noster·
403 2288 523 2339 facturus
553 2291 619 2349 erat,
637 2291 664 2337 et
677 2298 725 2352 per
753 2297 782 2336 se
798 2286 825 2336 et
847 2297 896 2351 per
911 2281 992 2336 disci·

191 2373 270 2445 pulos
285 2373 354 2427 inter
368 2373 453 2427 Deum
468 2380 496 2426 et
519 2371 658 2427 homines.
678 2371 867 2441 Opportunum
882 2385 991 2441 quoque

190 2462 251 2527 fuit,
266 2469 292 2514 ut
323 2459 464 2515 tremenda
478 2459 591 2514 Romani
614 2458 732 2514 nominis
747 2458 845 2513 umbra
860 2463 991 2529 protege-

191 2558 285 2606 rentur
297 2548 422 2619 discipuli
438 2563 601 2619 quocunque
630 2547 663 2601 ad
677 2545 880 2618 praedicandum
896 2553 991 2600 trans-

191 2638 274 2693 irent.
297 2638 366 2691 Nam
400 2637 507 2692 sicula
539 2636 647 2690 Caesare
666 2635 826 2707 exigebatur
855 2634 990 2705 professio

191 2743 289 2784 census
311 2726 344 2780 ab
364 2725 495 2780 universo
515 2725 592 2793 orbe,
624 2724 694 2781 sica
718 2722 827 2778 Christo
856 2723 990 2796 exigenda

193 2823 251 2871 erat
271 2814 334 2870 fidei
353 2813 490 2885 professio
518 2813 546 2867 in
565 2821 620 2869 tota
639 2812 753 2867 mundo.
780 2811 856 2867 Unde
884 2811 953 2866 illud
982 2829 990 2868 :

194 2905 319 2960 «Eunias
335 2903 361 2957 in
390 2903 520 2958 mundum
544 2902 702 2958 universum
728 2900 874 2972 predicate
896 2900 989 2954 Evan-

188 2989 288 3062 gelium
304 2988 377 3044 omni
392 2995 526 3045 creaturae
537 2988 634 3056 (flare.
658 2992 723 3051 xvv).
742 3007 753 3036 s

1049 2198 1184 2255 Dominus
1210 2200 1238 2254 in
1262 2200 1402 2255 Nazareth
1418 2200 1580 2272 concipitur,
1604 2207 1631 2254 et
1645 2198 1675 2253 in
1695 2196 1847 2254 Bethlehem

1047 2288 1178 2355 nascitur,
1196 2303 1258 2343 cnm
1284 2288 1398 2360 quilibet
1413 2286 1501 2343 fidelis
1532 2286 1612 2343 verbi
1627 2285 1695 2343 flore
1726 2292 1848 2357 suscepta

1048 2376 1161 2432 domum
1177 2393 1207 2433 se
1226 2385 1337 2433 internae
1351 2377 1428 2448 pacis
1443 2376 1538 2432 efficit.
1556 2376 1666 2447 (Bene.)
1683 2374 1812 2445 Quotidie
1824 2373 1848 2428 in

1047 2465 1139 2520 animo
1154 2464 1325 2521 credentium
1336 2464 1415 2536 quasi
1431 2465 1458 2519 in
1472 2473 1548 2521 utero
1563 2462 1693 2537 virginali
1710 2460 1847 2534 perfidem

1046 2554 1208 2625 concipitur,
1224 2571 1273 2625 per
1288 2554 1426 2625 baptisma
1437 2553 1570 2627 gignitur.
1583 2551 1716 2620 Quotidie
1730 2550 1847 2608 Ecclesia

1046 2641 1184 2714 quasiDei
1206 2641 1489 2698 Gentirixcomitatur
1499 2657 1578 2696 suurn
1588 2641 1745 2706 doctorem,
1755 2647 1785 2696 ut
1795 2640 1846 2694 lfa·

1046 2731 1088 2786 ria
1105 2732 1209 2802 loseph
1223 2731 1258 2786 de
1282 2731 1359 2786 ruina
1383 2730 1528 2785 mundanae
1543 2728 1767 2785 conversationis
1781 2727 1845 2799 quod

1046 2819 1160 2875 Galilaea
1180 2827 1268 2886 sonat,
1282 2819 1435 2875 ascendens
1463 2819 1491 2873 in
1505 2818 1643 2874 civitatem
1670 2817 1752 2887 luda,
1769 2816 1845 2872 idest

1045 2907 1225 2964 confessionis
1236 2917 1262 2963 ct
1276 2907 1374 2970 laudis,
1391 2915 1549 2977 aeternaque
1564 2905 1634 2977 Regi
1658 2920 1777 2962 censam
1789 2920 1844 2976 per-

1045 2996 1126 3053 solvit
1138 2997 1299 3052 devotionis.
1330 2996 1396 3065 Quae
1410 2993 1535 3050 Ecclesia
1546 2993 1575 3049 in
1591 2992 1753 3067 exemplum
1766 2992 1844 3050 besta

223 3079 291 3133 llaec
304 3074 453 3147 descriptio
467 3075 556 3146 prima
575 3075 648 3131 facta
663 3083 704 3131 est
725 3091 741 3131 a
756 3076 874 3147 praeside
904 3077 989 3148 Syriae
1002 3090 1028 3155 c
1042 3085 1142 3153 blariae,
1159 3084 1205 3140 alii
1225 3092 1267 3140 est
1282 3085 1358 3156 quasi
1374 3084 1548 3154 desponsata,
1564 3081 1615 3137 sed
1631 3082 1669 3137 ab
1683 3082 1741 3138 alio
1755 3080 1843 3139 fecun-

189 3166 300 3237 Cyrin0.
323 3188 334 3212 a
352 3165 384 3218 Et
398 3164 470 3218 ibant
485 3179 581 3218 omnes
595 3171 624 3217 ut
639 3162 835 3234 profiterentur
850 3165 949 3239 singuli
965 3167 993 3224 in

191 3270 268 3310 suam
282 3253 432 3309 civitatem.
454 3274 464 3299 a
476 3253 533 3306 Nec
546 3251 696 3323 descriptio
705 3252 793 3323 prima
804 3253 994 3327 diciturquan.

189 3350 246 3397 tum
260 3342 293 3396 ad
316 3350 424 3412 tempus
439 3339 549 3410 Cyrini;
564 3355 628 3395 nam
652 3348 733 3396 antea
761 3357 833 3413 saepe
846 3341 993 3415 descriptae

192 3439 302 3495 fuerunt
327 3438 464 3509 pleraeque
478 3445 571 3508 partes
596 3446 739 3494 terrarum.
757 3440 873 3509 Cyrinus
899 3442 991 3498 aCae-

190 3543 253 3583 sare
271 3526 371 3581 missus
382 3526 429 3595 jus
448 3527 513 3581 dare
533 3527 669 3596 gentibus,
685 3535 713 3582 et
740 3542 840 3584 censor
858 3531 986 3599 patrimo·

191 3617 299 3671 uiarum
314 3615 418 3669 futurus
442 3614 547 3685 Syriam
562 3615 645 3670 venit.
662 3616 696 3670 Et
723 3616 786 3687 quia
799 3617 895 3673 ludera
913 3619 991 3691 quasi

195 3704 340 3759 umbilicus
363 3703 445 3758 totius
467 3712 549 3758 terrae
563 3710 614 3769 est,
634 3719 737 3759 census
759 3705 876 3776 primum
892 3707 921 3763 in
935 3724 991 3764 rue-

194 3794 240 3848 dio
266 3801 347 3848 terreo
361 3790 486 3864 exigitur,
501 3799 530 3846 ut
557 3792 620 3847 inde
635 3800 729 3862 postea
757 3795 894 3866 usquead
922 3796 990 3853 fines

192 3880 269 3937 orbis
296 3879 459 3952 requiratur.
499 3879 549 3935 llic
577 3881 695 3952 primum
730 3882 800 3937 facta
826 3892 870 3938 est
897 3885 990 3942 Judaea

188 3977 361 4050 stipendiaria
376 3975 506 4032 Romanis
519 3993 525 4040 ;
541 3975 692 4048 imperante
715 3979 838 4049 llugnsto
853 3986 879 4034 et
892 3982 989 4050 praesi-

184 4067 267 4123 dente
295 4064 392 4136 Cprinc
420 4065 495 4120 ibant
520 4081 616 4121 omnes
652 4065 687 4120 ad
712 4065 932 4138 descriptionem,
959 4084 988 4130 ut

1048 3174 1120 3242 deta,
1136 3173 1200 3229 dum
1212 3174 1302 3244 jungit
1323 3171 1443 3244 pontiflci
1458 3170 1600 3242 proposito
1614 3170 1678 3236 sibi,
1689 3169 1742 3227 sed
1754 3185 1843 3227 eumn·

1047 3264 1119 3319 latur
1137 3262 1234 3319 virtute
1256 3261 1372 3332 Spiritus
1396 3261 1494 3316 seneli.
1516 3260 1577 3316 Und
1601 3259 1788 3330 benelasepb
1801 3276 1842 3315 ov·

1047 3357 1110 3408 ctus
1125 3351 1329 3421 interpretatur,
1345 3348 1469 3404 indicans
1480 3348 1517 3402 nil
1534 3346 1626 3403 valere
1639 3347 1800 3403 instantiam
1813 3347 1843 3402 lo

1047 3439 1155 3512 quentis
1170 3438 1295 3509 magistri
1309 3437 1368 3494 sine
1391 3444 1538 3508 augmento
1552 3436 1665 3506 superni
1686 3435 1838 3505 juvsminis.

1046 3529 1131 3583 Natus
1148 3527 1237 3600 itaque
1252 3526 1386 3582 Dominus
1413 3532 1454 3581 est
1469 3525 1620 3580 secundum
1642 3538 1769 3593 carnem,
1783 3531 1809 3580 et
1820 3532 1842 3577 tu

1046 3616 1196 3675 secundum
1212 3614 1335 3686 spiritum
1350 3613 1487 3669 nasceris.
1502 3611 1581 3681 Quod
1598 3613 1674 3668 enirn
1689 3629 1746 3668 non
1757 3629 1790 3669 ex
1803 3627 1842 3667 ro

1045 3706 1147 3762 tuntate
1160 3704 1250 3761 carnis
1264 3703 1327 3771 viri,
1342 3703 1391 3758 sed
1407 3718 1439 3758 ex
1466 3701 1568 3773 Spiritu
1582 3710 1682 3757 sancto
1698 3710 1783 3758 natus
1798 3708 1840 3763 est

1045 3802 1252 3876 generationem
1282 3799 1409 3873 signavit,
1436 3815 1516 3872 quam
1536 3799 1630 3871 utique
1658 3799 1775 3856 daturus
1793 3803 1841 3855 ent

1045 3908 1078 3948 ex
1098 3891 1209 3962 Spiritu.

1082 4012 1093 4036 ι
1109 3990 1143 4044 Et
1156 3989 1254 4060 pannis
1269 4003 1330 4043 eum
1345 3985 1463 4051 insolvit,
1482 3992 1508 4041 et
1531 3984 1675 4041 reclinavit
1690 3986 1720 4040 in
1746 4000 1838 4057 prase-

1042 4077 1089 4149 pio
1103 4076 1167 4149 quia
1181 4093 1235 4133 non
1251 4083 1307 4132 erat
1320 4075 1345 4130 ei
1359 4075 1437 4130 locus
1452 4074 1479 4128 in
1494 4073 1663 4129 diversorio.
1682 4097 1694 4123 ι
1710 4075 1774 4130 Non
1787 4079 1839 4130 erat

185 4161 286 4234 singuli
301 4160 328 4215 in
345 4176 422 4216 suam
446 4160 584 4216 civitatem
600 4160 705 4216 reversi
732 4161 927 4232 profiterentur
939 4166 987 4221 de·
1041 4165 1119 4222 locus
1140 4166 1167 4220 in
1183 4164 1343 4221 diversoria.
1364 4165 1431 4218 Erat
1452 4161 1525 4218 enim
1539 4161 1735 4218 difficillimum
1750 4176 1837 4219 vecta·

186 4258 271 4314 bitum
291 4274 402 4314 census.
422 4259 466 4315 Sia
495 4275 563 4331 ergo
578 4275 652 4316 nunc
666 4259 817 4331 imperante
836 4262 943 4319 Christo
959 4272 985 4319 et
1040 4263 1083 4311 tes
1101 4254 1221 4325 reperite
1236 4253 1333 4310 domos
1349 4259 1639 4323 pt0P10f0⁰⁰V0¹ttt1m
1654 4267 1689 4308 ³⁰
1712 4250 1838 4324 stetim·

186 4354 299 4427 praemio
313 4353 469 4425 pollicente,
484 4372 535 4426 per
557 4356 686 4413 doctores
701 4357 833 4415 Ecclesiae
848 4361 983 4430 praesides
1040 4345 1106 4400 ¹5⁸¹ss
1127 4343 1282 4398 Jwaum
1300 4355 1369 4414 ‘³⁰⁰⁸
1390 4340 1417 4395 5¹¹
1432 4356 1516 4395 ”⁰⁰³¹
1544 4338 1642 4394 eidem
1657 4347 1725 4396 ²⁰⁰⁰
1749 4336 1840 4395 dewi

187 4467 299 4508 censum
311 4451 422 4518 justitiae
443 4451 627 4522 profiteamur,
640 4453 734 4524 jugem
761 4455 821 4524 ejus
836 4457 908 4529 quod
923 4458 983 4514 leve
998 4448 1027 4512 D
1042 4441 1145 4514 1)ῑῖθῦῑῦ
1161 4456 1242 4496 03053
1258 4438 1420 4510 ⁰0¹¹080fflt·
1437 4437 1636 4503 (⁶⁸⁸⁶0¹³¹⁰S·i
1648 4437 1703 4503 Qui
1717 4436 1837 4492 mimdlffl

186 4557 228 4605 est
241 4549 428 4613 subeamus,et
439 4548 606 4604 inveniemus
621 4550 742 4622 requiem
769 4553 911 4610 animabus
935 4571 985 4613 no·

187 4637 249 4694 stris
276 4637 390 4707 (flrrflh.
410 4637 460 4705 rr).
480 4636 581 4692 Caesari
601 4637 759 4694 solvebatur
770 4638 909 4709 denarius,
931 4645 977 4717 qui

186 4728 282 4783 decem
297 4740 424 4780 nummos
450 4723 587 4797 babebat;
602 4727 646 4798 qui
663 4728 744 4783 titiam
759 4731 869 4787 nomine
885 4731 982 4788 Caesa-

184 4816 221 4870 ris
236 4814 404 4870 titulabatur.
422 4813 457 4867 Et
471 4829 522 4868 nos
536 4814 680 4870 offeravnus
701 4817 761 4885 regi
775 4828 869 4875 nostro
892 4821 982 4877 Deca-

183 4903 278 4975 logum
288 4902 358 4975 legis
372 4903 400 4956 in
415 4917 469 4974 quo
484 4901 586 4958 vultum
617 4906 703 4976 regis,
719 4906 745 4960 id
761 4916 803 4962 est
815 4908 981 4980 agnitionem

184 4991 307 5047 veritatis
322 4991 385 5061 ejus
398 4989 568 5045 inveniemus
584 5010 591 5046 ε

224 5079 382 5134 «Ascendit
405 5084 496 5132 autem
520 5081 622 5150 loseph
644 5082 791 5140 aGalilsea
815 5085 849 5141 dc
872 5086 981 5143 civitate

184 5166 319 5221 Nazareth
332 5167 361 5220 in
376 5165 492 5220 Judeam
507 5167 535 5221 in
559 5169 693 5226 civitatem
707 5171 795 5229 David
822 5192 884 5247 quae
899 5191 981 5232 voca·

186 5260 228 5306 tur
256 5254 422 5318 Bethlehem,
439 5269 472 5308 eo
499 5256 573 5326 quod
588 5267 660 5313 esset
673 5259 708 5314 de
731 5261 813 5317 domo
838 5271 865 5319 et
879 5263 982 5319 familia

187 5340 284 5406 hacid,
301 5349 330 5395 ut
358 5339 532 5411 profiteretur
545 5360 607 5400 cum
634 5348 721 5403 blavia
735 5350 900 5421 desponsata
927 5354 980 5409 sibi

184 5443 267 5484 uxore
277 5437 447 5499 pregnante.
466 5453 477 5477 ι
495 5432 682 5505 (Gerebamus)
693 5459 702 5483 ι·
713 5437 785 5494 Alibi
799 5440 905 5511 concipi
914 5440 979 5497 alibi

183 5524 258 5580 nasci
273 5525 357 5582 valuit
386 5523 527 5593 Dominus,
544 5536 573 5583 ut
599 5529 750 5589 insidiantis
764 5536 881 5593 Herodis
900 5535 976 5594 furo·

181 5639 240 5680 rem
267 5621 372 5681 facilius
392 5621 531 5677 evaderet.
555 5625 699 5685 Nascituro
722 5632 838 5689 Domino
859 5635 976 5690 muudus

180 5721 352 5790 describitur,
374 5717 438 5791 quia
452 5720 497 5778 ille
513 5723 660 5792 apparebat
676 5725 800 5787 incarne
815 5731 860 5801 qui
874 5732 975 5790 electos

1039 4530 1118 4585 vario
1133 4528 1212 4584 vestit
1231 4535 1339 4591 ornatu,
1365 4525 1464 4581 vilibus
1484 4525 1613 4589 induitur,
1629 4534 1661 4580 ut
1675 4525 1772 4580 stolam
1793 4525 1837 4579 inr-

1039 4617 1214 4675 mortalitatis
1243 4615 1439 4686 reciperemus.
1471 4613 1568 4668 Manus
1596 4613 1744 4686 pedesque
1768 4610 1834 4670 cuais

1039 4706 1237 4776 astringuntur,
1254 4713 1283 4758 ut
1297 4710 1396 4759 nostrae
1409 4717 1506 4758 manus
1520 4702 1555 4756 ad
1576 4701 1650 4757 bene
1676 4702 1835 4773 operandam

1040 4805 1180 4877 pedesque
1189 4803 1217 4856 in
1236 4802 1308 4857 viam
1323 4799 1399 4871 pacis
1412 4798 1577 4870 dirigantur.
1595 4800 1626 4852 ln
1656 4799 1792 4871 praesepio
1803 4812 1835 4852 rc

1038 4896 1156 4950 clinatur
1170 4900 1200 4946 ut
1215 4890 1309 4946 fideles
1324 4905 1430 4955 omnes,
1447 4895 1540 4943 sancta
1559 4886 1692 4944 videlicet
1704 4887 1831 4947 animatia

1039 4984 1133 5040 carnis
1147 4997 1204 5037 suae
1218 4980 1357 5035 frumento
1370 4976 1497 5034 reficeret
1506 4975 1554 5047 qui
1569 4977 1652 5046 panis
1666 4984 1710 5033 est
1727 4974 1832 5047 angelo-

1039 5088 1112 5128 rum.
1127 5071 1158 5124 ln
1172 5075 1289 5142 angusto
1316 5065 1432 5137 praesepi
1446 5065 1602 5122 continetur
1615 5072 1646 5120 ut
1657 5081 1708 5121 nos
1724 5081 1774 5137 per
1786 5078 1833 5120 eoe·

1038 5161 1115 5217 lestis
1130 5158 1209 5232 regni
1224 5156 1326 5230 gaudia
1341 5154 1444 5210 dilatet.
1472 5152 1537 5208 Non
1557 5152 1586 5208 in
1601 5152 1686 5209 domo
1699 5159 1832 5225 parentam

1038 5257 1119 5303 natus
1133 5254 1174 5303 est
1188 5245 1330 5311 Dominus,
1359 5251 1386 5297 ut
1402 5242 1558 5299 ostenderet
1572 5240 1638 5314 quia
1666 5256 1716 5312 per
1729 5238 1832 5296 humili·

1038 5346 1122 5392 tatem
1151 5341 1318 5404 assumptam
1335 5330 1413 5400 quasi
1437 5328 1465 5385 in
1480 5328 1570 5386 alieno
1595 5329 1772 5399 nascebatur,
1784 5341 1832 5383 noa

1038 5433 1189 5492 secundum
1204 5436 1373 5502 potestatem,
1394 5428 1443 5483 sed
1466 5428 1619 5484 secundum
1634 5434 1760 5482 naturam
1786 5423 1831 5477 ba·

1036 5531 1191 5589 manitstis.
1208 5529 1278 5584 Nam
1300 5526 1334 5583 de
1350 5532 1485 5598 potestate
1500 5526 1560 5597 ejus
1585 5526 1718 5607 scriptum
1747 5535 1788 5586 est
1805 5524 1830 5581 in

1035 5630 1168 5701 propheta
1185 5645 1191 5680 :
1211 5650 1222 5672 υ
1238 5625 1274 5680 Et
1287 5623 1348 5696 quia
1364 5622 1453 5678 omnis
1468 5637 1532 5680 caro
1546 5620 1641 5680 fenum
1655 5626 1725 5693 (fsa.
1744 5626 1799 5693 xc),
1819 5644 1829 5667 ·

1036 5728 1122 5785 factus
1150 5726 1231 5781 horno
1246 5723 1330 5778 Deus.
1352 5720 1455 5776 Fennm
1481 5727 1606 5777 nostmm
1634 5720 1713 5779 vertit
1727 5721 1755 5779 in
1782 5716 1830 5775 fra·
