3780 6038
107 238 156 301 389

550 232 874 299 rtoaasnrrrxrrtrr
887 226 1111 295 SANCTORUll.
1126 269 1160 279 -
1175 234 1239 293 mo.
1256 238 1304 293 tv.

1699 227 1749 297 rio

105 366 230 437 Troianae
245 364 401 434 llarmensi,
423 366 473 421 sed
487 366 622 438 Erythriae
637 362 904 438 Symmaclrinaellip·
917 365 945 427 Α
959 363 986 418 in
1002 364 1109 431 animo,
1124 364 1247 420 Christus
1262 365 1404 431 Dominus,
1434 367 1463 418 ut
1477 380 1538 420 eum
1561 364 1662 421 laceret
1675 367 1752 422 Cirri-

104 452 227 527 potensis
243 451 316 520 filiae,
330 468 390 525 quae
405 452 598 525 interpretatur
622 454 701 526 quasi
714 451 859 526 syosbulae,
876 450 905 507 id

104 552 143 599 est
165 540 313 599 consilium
341 540 401 608 Dei,
424 540 472 597 vel
495 542 546 598 Dei
570 543 713 609 sententia,
753 540 905 599 veridicum

104 630 306 703 promulgatum
331 637 375 685 est
402 629 568 699 vaticinium,
598 633 670 701 (ara)
688 632 707 688 0
722 635 766 687 ter·
792 631 905 685 beatam

105 719 226 793 lqaam,
244 720 337 793 irrqao
352 719 424 774 Deus
438 723 575 775 extensas
589 723 649 785 est;
665 718 700 774 ad
715 717 830 790 figuram
845 715 905 788 ejus

106 806 147 862 val
162 808 192 862 in
207 806 330 879 qualibet
358 805 469 861 materia
496 807 642 879 depictam,
668 806 812 878 sculptam,
832 802 905 859 inlu-

103 910 172 962 sam,
190 896 325 961 incusam,
355 894 398 949 vel
413 893 440 949 ia
455 893 545 951 fronte
574 905 602 951 et
616 904 728 966 pectore
748 892 840 965 digitis
854 908 905 947 ex·

103 999 230 1056 pressam
246 1002 252 1049 ;
270 998 366 1039 omnes
386 990 536 1054 potestates
551 983 644 1051 aeriae,
666 992 692 1039 et
705 983 733 1038 in
750 981 906 1038 celestinus

104 1078 256 1152 spiritualia
291 1079 422 1153 nequitiae
450 1080 635 1148 extabescunt,
665 1088 692 1136 et
724 1080 809 1133 instar
836 1078 906 1134 lurni

103 1177 287 1225 evanescunt.
305 1170 337 1223 ln
350 1184 415 1223 acre
429 1176 524 1224 contra
544 1185 574 1224 se
602 1168 707 1223 duobus
725 1166 846 1239 digitulis
860 1165 904 1220 in-

102 1264 224 1331 gestum,
241 1256 309 1313 aerii
324 1256 462 1328 principes
478 1256 566 1329 magis
582 1258 795 1327 perhorrescunt
816 1253 904 1310 crucis

102 1344 290 1419 signaculum,
319 1361 401 1416 quam
428 1344 636 1417 inextinguibile
660 1361 693 1400 ex
721 1343 905 1398 llammivoma

102 1434 204 1490 interni
214 1433 325 1490 fornace
353 1431 488 1489 ebulliens
514 1432 682 1488 incendium.
717 1433 751 1487 Et
773 1432 835 1487 licet
853 1432 905 1487 boc

103 1539 189 1587 noctu
204 1539 233 1585 et
247 1530 364 1586 interdiu
390 1530 450 1601 ipsa
468 1529 503 1584 sit
529 1530 696 1600 experientia
721 1528 902 1595 notissimum,

101 1618 136 1675 ad
163 1614 391 1675 honorificentias
427 1625 518 1673 tamen
549 1616 754 1691 glorificandum
782 1615 904 1672 mirifica

959 462 1030 507 stum
1046 469 1134 519 soum,
1159 454 1279 510 resoluto
1308 454 1335 507 in
1360 468 1495 508 sommum
1522 457 1658 524 apparuit,
1688 471 1751 511 cum

959 540 1054 595 eodem
1071 542 1151 613 signo
1179 542 1285 597 coelrtus
1308 541 1336 595 in
1364 541 1408 596 die
1423 550 1544 607 ostenso,
1565 542 1700 613 jussitque
1724 552 1753 598 ut

959 644 1072 685 summa
1087 629 1238 685 devotionis
1254 629 1349 697 studia,
1369 630 1427 698 ejus
1442 630 1638 700 produceretur
1649 630 1752 702 figura-

959 717 1005 783 tio,
1019 733 1078 788 quae
1087 717 1113 771 in
1126 718 1198 772 omni
1208 717 1402 787 congressione
1408 717 1670 787 praeliorurniuvicta
1679 736 1753 775 exer·

958 803 1027 860 ailus
1042 805 1091 859 Dei
1106 805 1174 859 soret
1190 805 1324 869 liberatio,
1340 812 1368 859 et
1396 805 1612 877 inexpugnabilis
1635 807 1753 862 hostium

958 892 1136 965 expugnatio.
1152 894 1210 948 Nee
1239 909 1325 959 mora,
1341 894 1410 948 dirae
1438 893 1577 948 memoria
1600 897 1751 968 Augustus,

959 989 1056 1037 exorto
1069 980 1136 1035 solis
1148 981 1255 1050 jubare,
1266 988 1429 1037 convocatos
1439 981 1473 1035 nd
1488 982 1599 1036 saviros
1614 982 1751 1053 virtutum,

959 1068 1086 1141 egregios
1101 1076 1253 1135 stemmate,
1277 1076 1304 1123 et
1326 1067 1495 1139 pontificatus
1518 1068 1622 1125 iunctos
1644 1070 1752 1137 ordine,

958 1157 1092 1212 consuluit
1114 1158 1148 1213 de
1169 1156 1328 1212 Christianae
1346 1155 1485 1228 religionis
1507 1156 1659 1229 dogmate:
1688 1160 1754 1216 edo-

957 1252 1072 1317 ctusque
1087 1246 1122 1300 ab
1137 1245 1187 1311 eis,
1203 1245 1416 1300 demonstratum
1428 1243 1555 1299 divinitus
1567 1244 1684 1318 siguum,
1696 1257 1753 1304 tro·

957 1333 1058 1404 pheum
1073 1349 1134 1389 esse
1149 1333 1230 1388 totius
1244 1333 1371 1389 salutaris
1384 1331 1504 1387 victorias
1520 1350 1527 1396 ;
1556 1334 1629 1399 (221)
1645 1335 1752 1408 signum

959 1421 1095 1488 bellicum,
1108 1420 1238 1477 vocabulo
1255 1422 1392 1487 taboram,
1411 1420 1483 1492 quod
1498 1420 1569 1477 inter
1584 1420 1637 1477 alia
1650 1424 1751 1494 pretio-

958 1510 1026 1578 sius,
1041 1514 1068 1566 et
1096 1509 1273 1565 excellentius
1299 1517 1361 1564 ante
1389 1509 1579 1581 imperatorem
1602 1511 1707 1581 gestari
1728 1519 1755 1567 et

957 1598 1064 1654 adorari
1084 1598 1169 1653 moris
1182 1606 1239 1653 erat
1261 1597 1391 1653 Romanae
1405 1597 1516 1666 militiae,
1535 1613 1583 1668 per
1597 1598 1752 1655 eruditissi-

102 1705 195 1765 cruais
208 1706 343 1775 labarum,
373 1706 521 1778 singulare,
536 1723 571 1762 ex
585 1706 717 1778 supplicio
745 1705 902 1761 translatum
916 1696 943 1774 Β
957 1702 1018 1742 ¹⁰⁰⁸
1037 1685 1173 1753 aurifloess
1194 1702 1227 1741 0¹
1241 1701 1309 1742 llll>
1331 1686 1486 1757 purissimo,
1508 1693 1535 1740 θῑ
1550 1685 1754 1756 l>retiosissimis

104 1796 235 1851 bumana>
249 1794 343 1851 salutis
357 1797 476 1866 pretium
486 1803 513 1851 et
523 1795 683 1863 remedium,
699 1804 726 1850 et
740 1794 905 1849 tutissimum
959 1775 1086 1847 Cssfflfflss»
1100 1775 1215 1847 procudi
1229 1782 1256 1830 0²
1280 1772 1466 1829 ¹l³¹¹⁸f⁰lm³li
1478 1773 1561 1842 lussit
1574 1774 1602 1827 in
1625 1776 1753 1832 vexillum

103 1892 201 1941 com
215 1883 473 1940 ,aevgjnimjcomm
495 1884 587 1952 jacula
611 1881 905 1939 obstaculummue,
959 1860 1049 1915 crucis
1077 1858 1203 1915 vivificae.
1243 1859 1383 1930 Deputatis
1411 1858 1474 1913 dein
1506 1857 1534 1912 id
1562 1857 1631 1915 offici
1655 1860 1754 1916 indixit

103 1972 156 2029 gg,
171 1971 255 2045 quasi
283 1971 428 2028 odorifeffi
450 1971 574 2039 poribus,
602 1972 637 2027 de
664 1972 792 2041 paradiso
819 1985 906 2027 ωε,
958 1946 1116 2013 vexillariis,
1133 1954 1239 2003 utente
1265 1946 1408 2003 universos
1436 1944 1548 2001 ordines
1569 1946 1621 2002 boc
1633 1947 1753 2003 vicissim

103 2061 253 2132 Scriptura·
265 2061 438 2128 testimoniis,
450 2061 614 2116 fastidientis
624 2060 736 2117 lectoris
750 2075 905 2117 recreemus
959 2036 1129 2105 “herem-3¹¹
1145 2035 1272 2101 humeris·
1290 2042 1317 2090 e‘
1339 2034 1467 2089 ‘messem
1481 2034 1671 2107 Ph³¹⁸⁰ssib⁰⁸2
1691 2052 1752 2092 ¹¹¹⁸·

106 2158 242 2215 mimum·
257 2158 431 2230 Acprimum
445 2158 622 2215 exordiamur
635 2158 707 2214 sacili
730 2157 904 2229 compendio,
959 2133 1030 2188 xime
1051 2132 1237 2187 laborantibus
1258 2132 1285 2186 in
1310 2130 1425 2202 praeliis.
1452 2131 1574 2203 Cumque
1598 2132 1625 2186 id
1644 2133 1752 2205 quidam

107 2255 209 2319 qm„
224 2246 354 2305 virtutum
381 2246 510 2314 efficacia,
529 2246 595 2301 tami
622 2247 695 2319 „igni
727 2247 755 2302 in
783 2245 907 2319 qualibet
958 2237 1013 2278 non
1036 2221 1116 2278 miles
1142 2222 1285 2287 dicendus,
1313 2228 1405 2291 utpote
1436 2220 1494 2275 sine
1513 2228 1623 2292 pectore
1654 2237 1754 2294 eorpus

104 2336 223 2391 materia
243 2336 360 2407 pfaeffi„
386 2336 421 2391 ,p
448 2334 587 2409 5311,qu
614 2336 682 2390 Cum
711 2335 906 2391 Constantinus
959 2318 1059 2384 ferens,
1076 2317 1309 2389 hostiumimpetu
1336 2316 1482 2373 exterritus
1502 2317 1578 2372 alteri
1598 2318 1754 2374 vehendum

104 2433 285 2499 monarchus,
300 2440 363 2503 post
391 2432 544 2503 Philippum
570 2432 689 2503 primurn
712 2432 832 2488 omniurn
848 2433 905 2488 Ro-

105 2536 251 2578 manorum
266 2522 476 2591 imperatorum,
491 2520 526 2576 ad
546 2521 714 2577 hortantum
729 2520 819 2576 divina
833 2537 906 2592 prae-

106 2618 299 2687 destinatione,
316 2618 390 2673 sacri
411 2618 583 2689 baptismatis
604 2618 678 2672 unda
701 2623 904 2691 regeneratum,

107 2716 137 2762 ut
150 2707 204 2761 sub
217 2705 376 2762 Christiano
402 2705 579 2777 imperatore,
596 2706 714 2760 mundus
729 2707 805 2777 (ata)
819 2703 908 2760 mille·

107 2804 206 2861 simum
222 2820 240 2861 a
253 2805 420 2871 conditione,
449 2805 641 2876 appellatione,
658 2813 685 2860 et
699 2820 791 2859 rerum
806 2802 906 2877 glorie,

109 2902 137 2949 et
151 2893 297 2966 dignitate,
322 2893 442 2950 excelsae
465 2901 492 2949 ct
519 2892 684 2948 admirabilis
711 2893 815 2959 Rornae,
831 2890 908 2965 quasi

107 2981 226 3039 natalem
240 2981 394 3039 celebraret
416 2998 530 3038 annum.
561 2980 765 3049 Constantinus,
788 2981 907 3053 inquam,

959 2406 1123 2473 tradidisset,
1142 2422 1179 2463 aa
1205 2407 1285 2479 quasi
1314 2405 1376 2461 vitae
1403 2422 1460 2461 suae
1487 2406 1639 2462 consultum
1667 2415 1752 2476 ratus,

959 2511 1058 2568 pugnae
1072 2511 1103 2551 se
1117 2495 1306 2562 subtraxisset,
1316 2494 1445 2563 aciecula
1454 2494 1593 2551 declinare
1604 2495 1752 2563 voluisset;

944 2590 1024 2647 ¹dnm
1047 2592 1108 2648 ritae
1135 2593 1284 2664 trophaeum
1304 2607 1321 2647 a
1342 2608 1372 2647 se
1387 2591 1415 2647 in
1434 2590 1549 2646 alterurn
1576 2594 1756 2663 transposuit,

961 2681 1035 2750 (222)
1049 2679 1125 2735 illum
1140 2680 1168 2734 in
1194 2679 1289 2746 vitam,
1305 2695 1335 2734 se
1349 2679 1376 2734 in
1390 2687 1506 2734 mortem
1529 2679 1667 2751 deposuit.
1686 2682 1756 2736 Nam

961 2775 1107 2847 evestigio
1121 2776 1187 2831 durn
1209 2774 1317 2845 lugiens
1340 2783 1467 2841 mortem,
1496 2774 1566 2847 fugit
1580 2776 1608 2830 in
1629 2786 1754 2844 mortem,

961 2864 1128 2921 translossns
1156 2863 1289 2935 oppetiit;
1314 2862 1413 2919 viritici
1434 2879 1500 2919 vero
1527 2863 1616 2918 vexilli
1638 2864 1756 2936 bajulus,

961 2951 1112 3007 innumeris
1126 2951 1154 3005 in
1169 2968 1200 3007 se
1214 2950 1313 3020 jaculis
1328 2950 1470 3018 contortis,
1488 2951 1537 3005 sed
1551 2951 1643 3006 divina
1657 2952 1757 3008 virtute

108 3070 138 3125 in
153 3070 312 3126 Christiana
325 3070 457 3143 religione
472 3068 619 3138 secundus,
637 3070 665 3124 in
675 3069 803 3141 catalogo
817 3071 908 3142 Augu.
922 3065 948 3128 C
962 3051 1079 3119 semilis,
1094 3050 1207 3116 fflaelllss
1223 3058 1252 3105 ¹¹¹
1266 3049 1353 3106 Vl⁰¹0l
1379 3064 1442 3104 ⁰¹¹¹ss
1457 3048 1536 3120 Sillffl
1559 3048 1681 3104 Vi⁰²⁰lloe
1703 3051 1756 3105 ‘¹⁰‘

108 3176 226 3233 storum,
242 3168 278 3223 ab
296 3170 419 3239 Augusto
433 3166 549 3222 xxxtv
564 3166 638 3237 (220)
653 3165 742 3237 primo
765 3166 907 3222 ducentis-

107 3266 187 3323 simae
199 3264 296 3337 prima
310 3264 484 3337 olympiadis,
506 3265 656 3321 secundum
679 3265 841 3338 tripartitam
857 3264 906 3321 lli-

107 3362 234 3430 storiam,
249 3378 332 3430 anno,
347 3362 487 3419 ordinatus
500 3362 656 3434 imperator,
680 3362 781 3420 bellum
797 3370 908 3435 pararet

106 3452 244 3508 adversus
257 3451 421 3507 llaxentium
437 3450 551 3507 Herculi
580 3451 740 3507 Maximiani
755 3451 861 3517 silium;
878 3458 907 3507 et

106 3540 306 3608 intumescens,
318 3539 485 3595 etinundans
495 3556 624 3595 curarum
632 3539 748 3613 pelagus
758 3539 785 3595 in
796 3540 907 3596 diversa

107 3634 286 3693 fluctuantem
318 3635 381 3707 ejus
395 3642 514 3706 raptaret
534 3634 674 3702 animum;
699 3642 731 3689 nt
760 3636 908 3694 Corneliae

107 3726 239 3782 centurio
254 3731 317 3779 ante
333 3723 477 3794 baptisma,
493 3738 542 3779 ras
565 3722 706 3780 electionis
720 3723 907 3779 eminentissi-

106 3837 194 3888 mum,
206 3821 276 3878 bora
290 3838 367 3879 aoaa
380 3822 535 3892 manifesta
554 3822 659 3878 viriam
681 3819 749 3876 lucis
772 3823 908 3895 appetam

107 3920 183 3983 (Act.
200 3935 228 3985 x,
244 3923 288 3989 3),
310 3918 350 3973 sic
365 3918 482 3974 necdum
505 3917 604 3973 divinis
626 3917 747 3973 initiatus
761 3919 907 3989 mysteriis,

106 4018 184 4073 circa
196 4016 354 4082 meridiem,
366 4016 501 4071 declinato
514 4015 572 4086 jam
600 4014 668 4083 sole,
680 4030 713 4070 ex
740 4015 842 4071 lumine
865 4015 909 4071 ia·

107 4105 224 4162 ctumin
243 4105 313 4161 eoelo
339 4104 543 4160 victoriossimae
570 4104 661 4160 crucis
687 4104 755 4158 vidit
782 4105 909 4177 signacu-

107 4194 179 4250 lum.
206 4193 332 4264 Dumque
362 4202 440 4248 tantae
468 4192 581 4248 visionis
613 4192 742 4247 attonitus
770 4192 909 4266 prodigio,

109 4290 269 4363 quidesset,
286 4289 352 4361 quid
366 4289 553 4361 portenderet,
570 4296 741 4360 pernoctem
756 4288 912 4345 revolveret

108 4466 274 4524 videtnr1ut
292 4464 463 4539 lberophiloe
477 4464 608 4536 scriptum
629 4464 666 4521 sit
682 4482 733 4536 pro
758 4467 906 4538 Eroplriloe,

110 4536 154 4595 vei
170 4538 338 4609 lleroplriloe,
354 4546 381 4592 et
395 4539 546 4593 narmensi
563 4552 613 4607 pro
627 4537 768 4593 Marmesi.

146 4629 224 4693 rats>
240 4626 261 4681 0
276 4629 318 4681 ter
328 4625 442 4681 beatam
454 4627 572 4698 lippam.
588 4624 758 4680 Aliiversum
774 4624 910 4692 Graecum,

110 4698 167 4752 hoc
179 4696 274 4750 Latino
288 4696 423 4752 versiculo
438 4696 610 4767 exprimunt:

176 4820 197 4877 0
211 4819 322 4891 liparem
331 4822 416 4891 felia,
431 4821 464 4876 ia
478 4836 530 4892 qao
545 4819 622 4876 Deos
635 4821 696 4892 ipre
706 4820 850 4892 pependit.

147 4944 225 5014 (alti)
240 4944 423 5000 milesimum
442 4945 535 5000 llomra
548 4958 668 4999 oasam.
685 4942 764 5012 Quod
775 4944 848 5000 hunc
862 4959 913 4999 an-

111 5030 179 5070 num
191 5014 231 5069 ait
243 5014 410 5072 celebratum
421 5016 474 5071 sub
497 5014 652 5070 Christiano
675 5014 853 5086 imperatore,
878 5015 914 5069 do

112 5086 242 5166 Philippo
257 5085 382 5157 intelligi,
412 5102 466 5141 oon
486 5086 520 5141 de
550 5086 737 5142 Constantium
768 5086 839 5140 Nam
868 5085 914 5140 ille

112 5155 287 5213 Christianus
302 5156 391 5212 iactus
413 5172 485 5213 anno
509 5156 608 5213 Christi
629 5158 692 5213 ata.
707 5156 789 5212 Adde
811 5157 856 5211 bis
877 5156 913 5211 ab

111 5228 148 5283 N.
164 5226 200 5283 C.
220 5227 357 5298 usquead
382 5226 516 5283 Christum
536 5228 599 5295 llil,
629 5243 778 5301 exsurgere
806 5226 914 5284 videbis

112 5296 263 5355 rotundam
274 5297 526 5355 millenarium.Sed
536 5298 602 5355 illud
614 5298 712 5353 mirum
725 5296 915 5369 videturquod

112 5368 152 5426 ait
171 5368 339 5441 Philippum
359 5368 421 5427 idea
442 5374 556 5427 tantam
576 5371 771 5427 Christianam
791 5372 913 5440 saetam,

114 5440 916 5509 armandosmittestmumcmaitaedistemperantiam

115 5514 290 5585 imperatore
307 5512 463 5569 celebraret
480 5514 618 5571 patalam.
642 5512 773 5568 Arbitror
785 5510 850 5567 ideo
862 5512 917 5569 lroa

115 5598 254 5665 asserere,
282 5580 368 5663 quod.
384 5580 531 5707 Philippus,
544 5584 734 5709 quadrienno,
753 5598 808 5654 qao
834 5582 917 5664 Cirri-

116 5662 222 5709 stream
235 5660 391 5725 imperavit,
411 5654 468 5733 prbr
505 5671 552 5729 qur
572 5670 654 5727 quam
681 5662 779 5711 contra
798 5654 918 5727 gentiles

116 5738 270 5797 eorumque
282 5722 501 5797 superebuonern
511 5724 639 5785 moverit.
659 5725 737 5782 Adeo
757 5730 787 5779 nt
799 5724 836 5781 ab
849 5724 918 5799 ipsis

961 3164 1035 3204 mum
1051 3147 1142 3204 rediit.
1162 3147 1257 3219 Neque
1285 3162 1405 3219 unquam
1426 3152 1520 3215 postea
1547 3146 1618 3201 ullus
1632 3145 1660 3201 in
1685 3146 1757 3203 bello

961 3243 1007 3291 aut
1025 3235 1137 3290 vulnere
1162 3234 1273 3300 interiit,
1311 3241 1356 3287 aut
1384 3232 1549 3303 captivitatis
1575 3233 1757 3289 calamitatem

961 3323 1080 3396 pertulit,
1096 3322 1142 3395 qui
1158 3321 1281 3391 ejusdcm
1296 3319 1426 3377 salvificae
1452 3321 1540 3377 erucis
1563 3321 1685 3376 labarum
1708 3338 1758 3395 ge-

961 3429 1033 3477 stare
1061 3421 1171 3477 meruit.
1195 3423 1226 3476 ln
1251 3420 1351 3492 palatio
1382 3420 1505 3489 ejusdem
1528 3420 1598 3475 dirae
1618 3420 1758 3476 memoriae

961 3517 1078 3591 Augusti
1095 3516 1265 3573 Constantini
1294 3516 1367 3587 (223)
1392 3515 1492 3588 primas
1507 3516 1627 3588 quidam,
1646 3500 1759 3572 P'robia·

961 3631 1013 3670 nus
1024 3614 1144 3683 nomiae,
1161 3614 1202 3669 rir
1216 3629 1330 3669 summae
1346 3612 1488 3684 probitatis
1505 3621 1531 3669 et
1552 3612 1701 3682 industria,
1718 3612 1760 3668 in·

961 3702 1076 3759 sanabili
1091 3703 1222 3775 podagrae
1231 3699 1352 3773 elanguit
1366 3701 1486 3769 vulnere,
1504 3717 1536 3758 ac
1546 3700 1622 3757 nullo
1636 3702 1760 3758 humanae

961 3800 1027 3855 artis
1055 3798 1142 3873 potuit
1169 3798 1257 3854 curari
1279 3797 1469 3862 medicamine,
1498 3798 1562 3870 quia
1590 3815 1627 3853 ex
1656 3814 1762 3872 pagano

962 3888 1048 3945 lactus
1060 3886 1239 3953 Christianus,
1255 3886 1412 3958 primariam
1435 3885 1515 3942 totius
1530 3885 1624 3941 salutis
1639 3902 1758 3955 eausam,

963 3984 1111 4041 salutiferas
1126 3983 1216 4040 crucis
1231 3982 1366 4051 virtutem,
1382 3981 1469 4037 noluit
1487 3998 1656 4055 agnoscere;
1677 3990 1704 4037 ct
1723 3982 1758 4049 ei,

963 4071 1758 4147 perquamiasseromiaelesaomaeqeaa[lectitarfflrilip.

964 4184 994 4239 ιι,
1012 4174 1067 4241 10),
1083 4171 1187 4241 respuit
1201 4170 1298 4225 duram
1312 4169 1448 4225 cervicem
1464 4185 1496 4225 ac
1519 4186 1608 4242 genua
1637 4170 1759 4225 flectere.

965 4270 1088 4341 Cumque
1106 4267 1207 4323 diutius
1229 4267 1322 4323 divino
1345 4267 1451 4322 attritus
1465 4267 1587 4334 verbere,
1618 4265 1695 4338 quasi
1706 4266 1762 4335 jam

922 4418 1127 4519 Dgentilibus,
1142 4450 1212 4502 teste
1226 4446 1367 4518 Eutropio,
1391 4461 1445 4501 una
1464 4461 1526 4502 cum
1552 4445 1608 4502 lilio
1630 4445 1657 4501 in
1685 4446 1763 4503 divos

966 4518 1000 4574 sit
1019 4517 1133 4573 relatus.

1003 4606 1493 4731 (ilbiPrimodaeeausimapriaroe
1503 4607 1668 4677 olympiadis
1675 4622 1763 4662 anno.

967 4678 1096 4731 lmmanrs
1108 4678 1357 4800 parachronismos,
1374 4679 1382 4729 i
1425 4685 1466 4731 est
1481 4693 1557 4731 error
1582 4678 1608 4731 id
1633 4686 1763 4745 tempore,

967 4764 1047 4820 quem
1063 4748 1155 4802 maim
1170 4748 1288 4803 tribuere
1303 4746 1430 4817 scriptori
1440 4762 1520 4817 quam
1531 4746 1644 4802 auctori.
1656 4746 1765 4801 Desunt

967 4818 1040 4875 enim
1055 4825 1117 4875 totas
1131 4817 1306 4943 septuaginta
1329 4816 1510 4895 olympiades,
1527 4816 1554 4870 id
1570 4820 1613 4896 est
1630 4816 1694 4896 qnni
1709 4815 1763 4870 du-

967 4892 1041 4946 centi
1055 4888 1202 4962 octoginta.
1244 4888 1287 4943 ide
1302 4888 1449 4943 baronium
1465 4901 1537 4941 anno
1552 4885 1652 4941 Chrrsu
1668 4889 1766 4951 305‚et

967 4976 1003 5015 ex
1018 4959 1064 5015 illo
1075 4960 1188 5031 ejusque
1204 4958 1359 5015 auctoribus
1385 4957 1428 5011 nic
1442 4955 1574 5023 rescribe,
1596 4957 1765 5029 olympiadis

967 5032 1177 5098 ducentesima,
1197 5028 1417 5101 septuagesimae
1440 5027 1550 5098 prima.

1004 5116 1344 5189 (litostpnambeltieam
1361 5114 1490 5171 vocabalo
1504 5114 1643 5172 tabamm.
1666 5115 1706 5171 lie
1728 5115 1766 5172 la-

969 5189 1035 5247 baro
1045 5188 1157 5261 ejusque
1172 5186 1265 5267 effigio¹
1272 5201 1319 5268 res
1333 5193 1375 5242 est
1385 5184 1575 5267 omnibusiere
1586 5185 1768 5269 scriptoribus

968 5266 1197 5387 ἑτῃιιξὲιιὲῗὲιοᾳιιο
1211 5264 1365 5313 notissima.
1380 5254 1450 5312 Vide
1462 5256 1590 5313 eumdem
1604 5256 1766 5325 Baronrnm,

1005 5420 1080 5489 (aaa)
1094 5419 1178 5477 illam
1193 5420 1224 5474 ia
1238 5418 1375 5483 vitamse
1386 5418 1417 5473 ia
1431 5421 1553 5474 mortem
1575 5417 1715 5489 deposuit.
1739 5416 1770 5472 ld

970 5489 1085 5561 contigit
1100 5504 1170 5545 anno
1185 5488 1286 5543 Christi
1301 5490 1366 5545 ill.
1386 5487 1459 5544 ldem
1475 5488 1572 5545 Baron.

1007 5580 1083 5647 (iti)
1096 5581 1195 5637 Prima
1204 5576 1329 5650 quidam,
1354 5578 1509 5635 Prodiaaae
1537 5579 1665 5635 aomirw-
1688 5577 1769 5631 Anno

972 5648 1149 5713 curantia.
