3780 6038
107 217 160 283 165

738 211 934 279 cristata.
955 249 990 261 -
1004 204 1065 274 ita.
1082 205 1129 274 tt.

1711 205 1762 272 led

107 351 185 409 malo
199 350 348 420 ;siuutem
361 350 438 418 bear,
449 348 516 422 qaid
527 363 570 405 mc
584 346 694 405 cedis?
710 347 804 418 (loon.
829 360 907 413 ιιιιιιι,
924 342 1030 410 Avila,
1047 341 1128 399 etiam
1143 341 1165 397 si
1178 341 1238 411 jure
1251 340 1458 414 reprehenditur
1486 349 1592 414 oportet
1618 351 1709 400 tamen
1735 352 1764 399 ut

108 442 168 511 25.)
185 438 256 508 Qum
269 439 363 495 omnia
376 440 412 495 ab
427 452 460 494 eo
475 437 537 493 ideo
553 437 624 495 lacta
639 445 700 493 suat
714 436 854 491 humiliter
867 443 911 489 at-

109 552 164 609 que
178 537 318 608 patienter
333 543 362 591 ut
384 552 436 591 nos
459 551 517 590 suae
538 533 697 589 humilitatis
720 548 752 590 ac
776 531 912 605 patientiae

110 625 281 681 haberemus
296 634 323 681 et
338 640 516 697 sequeremur
529 623 693 695 exemplum.
711 624 797 679 Docet
815 620 911 677 docto-

113 730 157 769 res
170 714 308 770 Ecclesia
321 713 442 788 legitime
456 720 482 768 et
497 712 578 784 plene
594 709 739 778 honorari,
752 710 856 765 etiamsi
868 708 914 763 ali-

112 812 152 859 ter
164 810 250 877 agant
264 817 348 874 quam
363 802 491 870 debeant,
507 801 571 857 dum
587 801 660 856 eirca
681 798 763 855 falsos
787 799 913 855 doctores

113 892 187 948 Dens
202 891 264 963 ipse
279 890 342 946 talia
361 891 462 946 existit.
484 891 622 946 Praeterea
643 897 753 945 sanctos
776 886 914 959 apostolos

114 980 277 1038 Scribarum
293 990 321 1036 et
335 979 544 1045 Pharisaeorum,
558 992 751 1051 perversomm
766 986 847 1049 atque
868 992 915 1030 sa-

114 1070 282 1142 crilegorum
298 1067 451 1134 doctorum,
468 1067 596 1139 potestati
609 1066 757 1132 substituit,
782 1073 915 1137 quatenus

114 1157 306 1232 apostolorum
327 1167 354 1212 et
371 1157 535 1229 probaretur
561 1155 706 1220 humilitas,
737 1162 763 1210 et
790 1154 915 1209 meritum

114 1264 278 1329 augeretur,
295 1263 322 1311 et
337 1270 386 1326 per
399 1255 450 1310 hoc
465 1253 543 1325 plebs
557 1253 712 1309 Christiana
726 1252 843 1308 disceret
855 1265 917 1322 por·

115 1354 172 1401 tare
183 1346 286 1415 jugum
308 1343 366 1399 aeri
381 1342 543 1408 sacerdotis,
559 1341 640 1397 etiam
656 1341 705 1395 snb
729 1339 796 1394 lalsa
820 1354 916 1395 sacer-

115 1444 190 1500 dote.
210 1441 369 1498 Meminisse
380 1439 506 1497 monachi
521 1439 631 1505 debent,
647 1439 774 1509 quoniam
803 1437 917 1491 abbates

115 1533 191 1588 Deus
207 1530 326 1586 instituit
341 1549 348 1596 ;
365 1529 477 1585 abbates
491 1536 583 1584 arxtem
597 1527 745 1582 monachos
769 1525 916 1583 constitue-

116 1638 190 1685 runt.
209 1628 291 1698 Quod
307 1628 329 1682 si
344 1644 396 1685 aas
409 1626 510 1699 aliquid
525 1626 627 1681 audere
642 1632 737 1681 contra
752 1624 838 1678 Deum
855 1638 917 1693 pos-

966 449 981 488 a
996 431 1113 487 subditis
1128 430 1290 486 sufferantur
1304 431 1408 502 pariter
1429 438 1456 486 et
1483 432 1639 487 timeantur.
1663 457 1673 481 ι
1691 433 1763 489 Sub-

967 522 1021 576 tilis
1052 537 1118 593 ergo
1134 519 1175 574 rin
1192 521 1306 575 tenenda
1321 529 1364 575 est
1379 536 1394 575 a
1411 519 1525 575 subditis
1540 520 1721 587 rectitudinis,
1738 531 1764 577 et

967 609 1136 674 humilitatis,
1161 617 1189 662 nt
1215 609 1442 678 reprehensibilia
1470 609 1665 679 magistrorum
1693 611 1765 666 lacta

967 714 1019 754 neo
1043 697 1180 769 placeant,
1208 713 1258 752 noc
1287 705 1377 753 tamen
1406 713 1500 753 eorum
1528 706 1633 753 mentes
1661 714 1675 752 a
1704 715 1764 754 ser-

968 787 1056 843 vanda
1067 788 1147 855 194
1160 786 1356 857 magistrorum
1371 787 1525 842 reverentia
1536 787 1674 842 recedant.
1686 785 1766 854 Quod

968 887 1039 945 bene
1054 888 1112 944 Noe
1127 887 1250 944 debriato
1265 887 1432 958 exprimitur,
1462 888 1539 958 cnjus
1562 888 1661 944 ondeta
1685 905 1766 945 vere·

969 986 1102 1041 condiora
1117 984 1181 1040 boni
1196 983 1242 1039 lilii
1263 986 1352 1040 arersi
1367 984 1502 1041 veniendo
1524 993 1647 1041 texerunt
1673 986 1761 1057 (Gen.

970 1089 1009 1140 tx,
1027 1076 1091 1143 33.)
1107 1072 1178 1143 Quid
1195 1075 1323 1145 estquod
1341 1072 1387 1128 dlii
1403 1073 1597 1129 verecundiam
1612 1074 1696 1145 patris
1718 1092 1766 1129 su·

971 1165 1094 1234 perjeclo
1119 1162 1209 1219 dorsis
1237 1163 1320 1233 pallio
1348 1162 1436 1219 axersi
1463 1166 1602 1218 uenientes
1630 1163 1766 1234 operiunt,

971 1260 1023 1314 nisi
1051 1261 1124 1332 quod
1151 1259 1229 1314 bonis
1259 1259 1374 1314 subditis
1403 1260 1443 1314 sic
1470 1260 1678 1330 prepositorum
1707 1277 1768 1317 suo·

972 1366 1032 1404 rurn
1047 1349 1119 1404 mala
1133 1348 1279 1420 displicent
1291 1355 1320 1404 ut
1333 1356 1421 1404 tamen
1437 1349 1496 1403 hac
1524 1349 1559 1403 ab
1587 1348 1647 1402 aliis
1678 1350 1768 1405 occul·

971 1439 1059 1495 tent?
1086 1437 1117 1493 Si
1142 1454 1206 1494 vero
1234 1437 1335 1492 subditi
1363 1453 1380 1494 a
1408 1446 1544 1494 rectorum
1574 1453 1686 1493 suorum
1722 1454 1768 1493 re-

971 1527 1152 1598 prehensione
1185 1534 1338 1598 temperare
1368 1544 1397 1583 sc
1430 1526 1584 1599 negligunt,
1613 1543 1699 1598 usqne
1733 1529 1767 1581 ad

972 1616 1212 1687 reprehensionem
1267 1615 1352 1685 ipsius
1401 1616 1549 1672 conditoris
1613 1615 1769 1681 excedunt,

117 1735 222 1783 snmus,
240 1718 286 1790 qui
302 1716 417 1772 abbates
441 1713 525 1778 lacit;
551 1721 664 1786 pussant
692 1720 719 1769 et
744 1720 839 1767 contra
867 1705 1049 1773 nosBcnjus
1078 1720 1197 1775 superna
1229 1704 1407 1775 dispositione
1440 1703 1547 1775 praelati
1575 1711 1660 1759 satit.
1701 1705 1771 1759 Nam

117 1816 221 1872 audere
237 1812 375 1880 monachi,
391 1828 409 1869 a
423 1813 522 1885 quibus
537 1811 614 1866 linat.
627 1810 837 1884 Qualescunque
855 1817 919 1866 sunt

118 1913 254 1971 Ecclesiae
269 1911 410 1977 doctores,
423 1910 459 1967 de
473 1910 543 1983 ipsis
557 1918 648 1966 tamen
673 1910 805 1965 Dominus
830 1910 893 1966 dicit
911 1927 917 1963 :

121 2014 173 2081 oui
188 2027 236 2068 ems
245 2011 339 2077 audit,
349 2025 394 2065 me
404 2009 497 2075 ondit,
508 2012 535 2064 et
547 2010 647 2082 qainnr
659 2010 779 2079 spernit,
789 2024 834 2064 ene
843 2024 921 2081 sper-

119 2111 164 2164 ιιιι
180 2110 265 2171 (Lac.
285 2123 313 2173 x,
331 2107 393 2175 13),·
408 2110 436 2162 et
453 2122 460 2160 :
477 2104 531 2172 Qut
545 2106 639 2175 tangil
656 2119 711 2169 uos,
728 2105 921 2175 tongitprrpil·

120 2209 178 2262 lam
193 2206 272 2262 nexili
285 2205 342 2260 mci
356 2204 456 2275 (Zach.
475 2218 505 2271 rr,
518 2206 555 2273 3).
570 2203 695 2276 Tangere
722 2202 774 2258 hoc
803 2203 829 2257 ia
859 2202 921 2259 loco

120 2310 176 2351 noa
190 2294 339 2351 verberum
355 2293 501 2363 quamlibet
536 2292 669 2349 actionem
697 2290 843 2362 significat,
872 2292 921 2347 sed

122 2400 183 2456 qaae
195 2382 228 2437 stt
243 2382 272 2436 ιιι
286 2379 418 2453 praelatos
432 2395 449 2434 a
464 2380 591 2447 subditis,
606 2381 794 2452 proloquente
809 2382 922 2452 praelato

122 2472 162 2527 eis
175 2469 300 2536 diabolo,
317 2469 418 2543 lingum
434 2469 475 2525 xel
488 2469 579 2526 cordis
600 2469 807 2525 detractionem.
837 2470 923 2525 bieria

122 2562 307 2634 atiqacsoror
335 2561 424 2614 Aaron
455 2559 638 2630 prophetissa,
667 2559 730 2612 dnm
759 2558 844 2629 hioysi
876 2559 923 2614 de,-

123 2649 212 2717 traxit,
229 2648 358 2721 quamvis
373 2647 430 2718 ipse
444 2647 583 2719 aliquanto
605 2645 683 2702 aliter
716 2645 820 2712 lecerit,
850 2646 925 2702 illico

123 2737 354 2811 stigmateleprae
369 2735 481 2807 perlusa
495 2744 545 2804 est,
573 2743 600 2791 et
626 2735 661 2791 de
690 2735 788 2790 castris
817 2735 925 2790 Domini

123 2826 197 2883 saras
210 2827 334 2897 proiecta
347 2825 446 2896 (Νιιιιι.
479 2828 562 2892 ιιι.)
595 2826 666 2879 ozas
695 2824 778 2878 etiam
806 2823 924 2889 Levites,

123 2931 186 2971 cam
207 2929 303 2971 arcam
331 2912 441 2969 Domini
465 2911 702 2968 recalcitrantibus
733 2913 812 2981 193
840 2913 926 2967 bobus

125 3023 253 3074 cerneret
269 3014 435 3080 inclinatam,
452 3028 512 3069 eam
529 3012 623 3069 rolens
635 3013 753 3085 erigere,
780 3013 869 3068 statim
892 3013 926 3069 ab

124 3111 230 3184 angelo
247 3109 356 3167 Domini
370 3125 517 3180 percussus
532 3108 633 3163 interiit
648 3109 684 3177 (11
701 3112 762 3181 lteg.
780 3125 816 3176 rr,
833 3115 857 3173 ιι,
887 3112 925 3181 tt.

127 3204 178 3257 Per
191 3216 287 3256 arcam
302 3198 464 3270 prepositus
481 3196 612 3254 Ecclesia
627 3197 761 3269 signatur,
779 3215 859 3270 quem
880 3214 927 3254 re·

126 3288 303 3362 prehendere
318 3287 415 3343 minori
437 3286 526 3343 ordini
542 3286 619 3341 nulla
634 3287 738 3342 ratione
752 3287 927 3358 permittitur.

128 3393 200 3450 Utile
216 3399 259 3447 est
273 3399 301 3446 et
313 3387 509 3456 necessarium,
526 3395 553 3443 at
568 3388 598 3444 E.
615 3389 749 3444 Eusebius
764 3390 840 3460 (310)
853 3389 928 3457 dicit,

127 3490 155 3537 ut
170 3488 296 3539 rectores
309 3495 325 3533 a
339 3477 458 3535 subditis
472 3477 626 3545 timeantur,
642 3485 669 3533 et
682 3478 718 3533 ab
747 3476 815 3545 ipsis
838 3478 930 3535 corri-

128 3577 231 3644 gantur
244 3573 276 3624 ut
289 3567 407 3623 hamana
426 3565 571 3622 formidine
586 3582 701 3637 peccare
723 3574 852 3634 metuant,
884 3566 931 3639 qui

129 3660 223 3718 dirius
232 3657 338 3726 judicia
353 3672 406 3713 noo
421 3653 735 3712 lormidantDeteriores
750 3655 931 3726 qnippesnnt,

131 3756 160 3804 ut
173 3748 249 3803 idem
264 3745 324 3817 ipsc
337 3744 444 3814 asserit,
456 3745 505 3816 qui
515 3744 729 3800 detractionibus
737 3743 883 3799 doctorum
896 3744 933 3798 vi·

131 3846 186 3892 tara
200 3849 362 3905 moresque,
378 3833 503 3905 quamvis
525 3832 667 3889 rideantur
691 3831 931 3903 reprehensibiles,

130 3926 325 3996 insequuntur,
342 3921 384 3977 his
407 3919 468 3992 quis
488 3920 653 3975 substantias
674 3921 789 3976 aliorum
813 3922 933 3992 pradia·

132 4030 191 4086 que
205 4010 348 4082 diripiunt.
365 4009 400 4064 Et
413 4008 475 4065 ideo
504 4010 575 4079 iuste
602 4008 718 4064 infames
746 4017 817 4076 sunt,
845 4018 873 4065 et
898 4010 934 4066 ab

133 4099 262 4158 Ecclesia
277 4106 400 4155 extorres
414 4096 491 4153 linat.
507 4099 579 4152 Nam
592 4097 632 4153 sie
646 4098 701 4154 odit
713 4098 786 4154 Deus
810 4114 859 4155 eos
888 4098 934 4171 qai

133 4200 296 4272 linguarum
310 4195 420 4269 gladiis,
437 4211 485 4250 seu
499 4195 621 4269 quolibet
633 4194 687 4251 alio
702 4196 784 4253 modo
803 4197 935 4252 adversus

135 4290 235 4344 Patres
248 4291 401 4350 armantur,
417 4292 445 4339 ut
460 4284 570 4340 Petrum
584 4286 736 4350 invasores,
753 4293 780 4341 et
806 4285 833 4339 iu
861 4284 935 4341 omni

134 4382 238 4439 muodo
253 4387 384 4436 notantur
397 4376 522 4434 ialamia.
543 4377 618 4448 Quos
633 4379 706 4434 enirn
720 4380 796 4436 Deus
819 4396 868 4436 suo
893 4397 933 4436 re-

134 4470 257 4527 serravit
268 4467 383 4540 jndicio,
397 4468 516 4523 humano
540 4467 658 4523 examini
683 4467 860 4524 condemnari
885 4485 936 4527 aec

134 4557 473 4630 debent,necpossunt.Et
482 4554 645 4612 B.Gelasius
656 4572 727 4629 papa
737 4558 778 4623 (31
788 4561 827 4628 1);
841 4557 937 4615 «oves

134 4674 199 4731 quae
213 4655 317 4730 pastori
332 4670 384 4711 suo
401 4653 555 4711 commissae
564 4663 636 4722 sant,
648 4671 710 4710 eam
722 4656 936 4726 reprehendere,

134 4746 190 4803 nisi
219 4742 393 4801 acatholica
420 4740 473 4797 fide
499 4740 700 4810 exorbitaverit,
737 4758 788 4800 nec
826 4743 936 4814 debent,

134 4851 189 4893 nec
204 4832 342 4889 ullatenus
357 4845 487 4888 accusare
501 4838 627 4903 possunt,
657 4830 720 4904 quia
747 4831 820 4888 lacta
846 4839 939 4903 pasto·

135 4939 198 4980 ram
212 4922 273 4979 arla
283 4935 379 4978 eorum
393 4918 485 4994 gladio
501 4918 626 4976 ferienda
641 4935 695 4976 non
717 4928 789 4991 sunt,
815 4919 939 4993 quamvis

134 5021 213 5070 recte
230 5009 458 5084 reprehendenda
473 5009 632 5065 rideantur.
660 5009 693 5065 Et
721 5011 753 5066 Β.
788 5009 939 5084 Gregorius

136 5113 166 5170 ia
183 5109 333 5194 lloralibus
348 5107 539 5180 (armachan,
556 5108 673 5167 dicens:
705 5129 716 5160 ι
747 5108 938 5181 hlagistrorum

173 5288 253 5370 (313)
269 5282 413 5342 Eusebius.
430 5282 513 5356 Papa,
524 5286 569 5343 cui
583 5286 799 5345 tribuitorctiam
811 5287 845 5343 ab
857 5284 941 5344 Itone

137 5361 246 5417 decreti
261 5364 335 5429 part.
355 5369 383 5409 x.
400 5368 459 5425 cap.
475 5357 540 5413 ιιι.

174 5432 255 5501 (311)
270 5429 303 5483 tt.
320 5426 449 5483 Gelasitu
463 5444 548 5501 papa.
568 5424 638 5490 Quae
651 5425 694 5482 hic
709 5424 815 5485 Gelasii
841 5429 941 5486 dicitnr

139 5498 291 5565 sordentia,
308 5510 371 5553 eam
385 5497 695 5568 Caiopapatriburttxo
718 5505 787 5565 part.
819 5517 847 5569 s,
876 5516 938 5572 cap.

138 5572 209 5631 aaa.
229 5568 344 5641 Legitur
355 5566 384 5625 ιιι
397 5566 510 5627 Eusebii
518 5568 634 5642 epistota
644 5569 679 5625 al
689 5567 847 5641 Egyptian
868 5572 941 5627 ands

139 5654 169 5703 et
182 5658 202 5703 a
216 5636 459 5705 Gratiaaocitatnr
471 5654 506 5697 ιι.
545 5640 598 5697 .t.
615 5638 682 5697 dues
710 5655 762 5695 nee.

176 5708 498 5793 ιιιωλιιηοιιυιιι
536 5708 673 5773 ινιιιιιιι.
686 5656 748 5769 ab.
777 5725 848 5786 aar,
870 5727 936 5790 cap.

974 1792 996 1847 si
1025 1808 1110 1863 opera
1138 1792 1276 1848 hominum
1316 1792 1417 1862 injusta
1454 1793 1604 1857 ridentur,
1642 1802 1770 1864 potestas,

974 1898 1034 1954 quae
1062 1897 1077 1935 a
1106 1882 1163 1936 Deo
1201 1889 1265 1950 est,
1304 1898 1448 1953 numquam
1487 1881 1538 1936 erit
1574 1881 1626 1936 nisi
1659 1883 1771 1952 justa;

974 1986 1055 2043 quam
1083 1969 1173 2038 injusti
1201 1971 1325 2026 homines
1361 1970 1498 2025 multoties
1533 1978 1645 2043 propter
1678 1972 1772 2039 subje-

975 2074 1081 2123 ctorum
1098 2067 1193 2122 merita
1209 2067 1310 2123 habere
1326 2069 1529 2139 permittuntur.
1549 2069 1611 2123 Non
1633 2076 1673 2123 est
1702 2069 1773 2125 tole·

976 2156 1089 2211 randaa
1105 2155 1258 2227 praepositis
1277 2156 1391 2228 superba
1405 2156 1554 2228 loquacitas
1579 2157 1625 2211 ιιι
1644 2173 1775 2228 praesum-

976 2244 1033 2316 ptio
1048 2244 1248 2313 subjectorum.
1270 2245 1332 2301 llac
1349 2254 1411 2300 suat
1425 2244 1497 2301 enim
1513 2245 1582 2301 sicat
1605 2247 1775 2302 venerabilis

977 2333 1052 2403 (313)
1068 2333 1165 2389 doctor
1180 2341 1206 2388 et
1220 2343 1324 2405 martyr
1351 2333 1514 2406 Cyprianus,
1540 2335 1644 2401 scribit,
1670 2336 1776 2392 hareti-

977 2438 1071 2479 corum
1087 2431 1174 2486 ortus,
1190 2431 1272 2494 atque
1294 2432 1407 2478 conatus
1440 2424 1677 2479 schismaticorum
1705 2425 1775 2481 mala

977 2518 1164 2591 cogitantium,
1180 2528 1208 2573 ut
1234 2519 1274 2575 sie
1304 2520 1417 2591 superbi
1446 2520 1571 2591 superbis
1595 2521 1720 2592 placeant
1748 2529 1777 2576 ιιι

978 2606 1153 2678 prepositum
1170 2608 1289 2678 superbo
1319 2616 1425 2663 tumore
1450 2617 1637 2664 contemnant.
1671 2610 1715 2665 Sic
1742 2609 1777 2664 de

978 2695 1104 2752 Ecclesia
1125 2695 1270 2762 receditur,
1287 2696 1326 2751 sic
1344 2695 1431 2752 altare
1455 2696 1597 2768 protanam
1625 2707 1703 2753 extra
1726 2700 1777 2754 lic·

979 2782 1090 2838 alesiam
1105 2784 1303 2851 collocatur,sic
1314 2791 1410 2840 carrera
1421 2800 1517 2855 pacem
1527 2785 1626 2840 Christi
1635 2794 1661 2841 et
1670 2786 1776 2842 ordina·

980 2873 1091 2938 tionem,
1107 2882 1188 2943 atque
1202 2872 1329 2927 unitatem
1356 2872 1405 2926 Dei
1429 2872 1620 2928 rebellatur...
1647 2873 1779 2945 Opportet

981 2977 1046 3033 ergo
1061 2961 1235 3027 monachum,
1251 2960 1285 3015 de
1301 2975 1355 3032 quo
1370 2959 1435 3014 milri
1452 2961 1595 3032 scripsisti,
1608 2978 1643 3016 ne
1669 2969 1696 3017 et
1718 2963 1777 3032 ipse

942 3049 1144 3126 Cdaemaainm
1161 3046 1216 3113 dat,
1242 3064 1327 3122 agere
1353 3047 1474 3104 audaciae
1497 3065 1553 3105 suae
1580 3049 1776 3120 paenitentiam,

983 3143 1008 3190 et
1022 3136 1153 3190 honorem
1168 3133 1216 3189 Dei
1232 3133 1258 3188 in
1287 3134 1428 3189 sacerdote
1456 3134 1536 3189 etiam
1567 3135 1644 3191 aliter
1675 3145 1778 3208 agente

983 3237 1146 3296 agnoscere,
1163 3229 1189 3279 et
1202 3230 1257 3280 tota
1271 3222 1362 3278 cordis
1377 3230 1404 3278 et
1431 3222 1555 3294 corporis
1581 3224 1780 3295 supplicatione

983 3327 1032 3367 suo
1047 3310 1192 3383 preposito
1208 3309 1376 3366 satisfacere.
1398 3309 1516 3380 Quodsi
1539 3313 1675 3383 superbus
1699 3313 1780 3368 exsti·

984 3399 1057 3468 terit,
1072 3414 1171 3455 exerce
1185 3399 1212 3453 in
1229 3414 1292 3456 eum
1307 3400 1418 3455 honoris
1433 3399 1470 3455 tui
1485 3407 1657 3471 potestatem,
1675 3410 1704 3456 ut
1719 3408 1780 3458 tan-

985 3511 1065 3568 quam
1080 3495 1227 3563 homicida,
1262 3496 1341 3566 195
1359 3495 1392 3550 ab
1408 3495 1482 3552 omni
1508 3496 1605 3553 ordine
1629 3498 1781 3569 depositus,

986 3597 1027 3652 xcl
1044 3596 1083 3652 sic
1098 3604 1229 3668 agnoscat
1238 3594 1687 3671 ecclesiastieaeeensuroerigorem
1699 3621 1706 3667 ;
1718 3616 1782 3659 uam

987 3694 1010 3750 si
1026 3695 1098 3748 Deus
1112 3693 1236 3765 superbis
1250 3693 1356 3765 angelis
1367 3710 1421 3749 aon
1437 3694 1566 3766 pepercit,
1583 3697 1710 3768 superbis
1733 3700 1782 3756 ho·

987 3781 1105 3838 minibus
1129 3782 1296 3852 parcendum
1323 3783 1459 3838 dedocuit.
1490 3784 1693 3841 ilomicidarum
1716 3804 1783 3844 vero

987 3871 1152 3943 triagcnera
1169 3887 1231 3926 esse
1245 3870 1372 3926 Clemens
1387 3880 1497 3927 sanctus
1519 3874 1603 3942 tart),
1634 3875 1783 3947 discipulus

988 3961 1020 4016 B.
1042 3961 1113 4015 Petri
1129 3968 1156 4015 et
1169 3975 1317 4016 successor
1328 3960 1397 4030 rjus,
1412 3959 1440 4014 in
1451 3961 1563 4015 consilio
1573 3962 1698 4018 resideas
1709 3979 1784 4019 asse·

989 4049 1049 4115 ruit,
1067 4056 1093 4104 ct
1108 4063 1216 4118 poenam
1232 4064 1325 4103 eorum
1337 4047 1450 4118 parilem
1466 4048 1525 4104 sare
1536 4064 1586 4104 nos
1594 4051 1696 4107 docuit.
1709 4053 1783 4109 Sicut

989 4144 1059 4201 caim
1071 4143 1258 4199 interfectores
1269 4142 1392 4211 fratrum,
1405 4144 1440 4198 ita
1452 4153 1478 4200 et
1488 4145 1657 4201 detractores
1676 4164 1782 4215 eorum,

990 4249 1092 4304 cosque
1106 4232 1404 4298 odientes,lromicidas
1419 4232 1576 4305 appellavit,
1601 4235 1662 4305 quia
1686 4246 1713 4290 et
1739 4238 1785 4309 qui

990 4318 1098 4384 accidit,
1115 4325 1141 4371 et
1156 4316 1201 4389 qui
1216 4317 1274 4372 odit
1288 4317 1398 4373 l'ratrem
1412 4333 1502 4383 suum,
1532 4325 1557 4372 et
1584 4319 1629 4390 qui
1656 4320 1784 4390 detrahit,

949 4406 1127 4482 Dhomicidn
1141 4413 1191 4474 est,
1209 4404 1335 4477 quoniam
1349 4405 1492 4471 detractio,
1510 4406 1589 4461 etiarn
1606 4409 1629 4462 si
1652 4423 1715 4464 cnm
1741 4426 1787 4467 re·

991 4495 1069 4550 ritate
1085 4494 1239 4560 misceatur,
1255 4510 1286 4548 ex
1298 4493 1361 4549 odio
1370 4496 1467 4565 surgit.
1485 4494 1588 4566 Optare
1599 4505 1691 4552 tamea
1702 4498 1788 4556 debes

991 4584 1081 4656 magis
1094 4583 1207 4653 injurias
1222 4582 1372 4638 odientium
1386 4583 1487 4655 pietate
1501 4591 1528 4639 et
1538 4586 1666 4655 patientia
1678 4588 1787 4644 vincere

992 4688 1073 4745 quam
1088 4687 1223 4729 concessa
1237 4672 1284 4726 tibi
1299 4671 1408 4727 licentia
1423 4682 1449 4728 et
1461 4674 1618 4729 auctoritate
1634 4674 1786 4732 vindicare.

994 4760 1069 4826 l'ale,
1088 4765 1114 4815 et
1129 4777 1190 4832 quae
1205 4760 1252 4815 tibi
1266 4760 1437 4832 scripsimus,
1454 4762 1477 4816 si
1493 4762 1564 4817 bona
1579 4770 1651 4829 sunt,
1663 4772 1738 4819 tene.

1244 4942 1414 4999 EPISTOLA
1429 4943 1534 4998 xxut.

996 5104 1132 5179 doffridas
1147 5102 1357 5162 l'irtdoelnenais
1372 5104 1538 5160 rtroncsterr'i
1556 5104 1638 5164 ahias
1652 5104 1687 5162 G.
1705 5124 1790 5168 vene·

997 5284 1028 5336 tt
1044 5292 1070 5338 et
1089 5285 1118 5336 ¹5
1134 5291 1158 5338 et
1174 5278 1243 5351 apud
1255 5278 1428 5334 huetbertum
1445 5280 1588 5338 diaconam
1605 5284 1652 5339 lih.
1669 5302 1698 5349 ιι,
1729 5304 1789 5357 cap.

997 5357 1057 5409 155.
1074 5356 1193 5423 speculi,
1210 5350 1324 5420 quodex
1337 5351 1464 5477 Gregorii
1485 5356 1630 5411 llorulibrrs
1641 5360 1790 5430 excerpsit.

1031 5430 1105 5496 1113)
1122 5424 1377 5501 ιιιιοιιιιιιιιιιιινιψ1
1413 5427 1563 5497 aprianus.
1580 5428 1665 5500 Epist.
1695 5432 1728 5484 ιιι
1757 5430 1792 5485 ad

997 5496 1173 5569 Rogatianum
1188 5492 1223 5548 dc
1235 5488 1351 5548 dmconr
1364 5499 1571 5553 enntmnetioso.

1030 5565 1246 5637 totticionem
1262 5568 1389 5626 scaelus.
1406 5566 1492 5641 Epist.
1508 5571 1519 5623 ι
1536 5569 1571 5626 ad
1586 5568 1717 5627 iacobum
1736 5571 1792 5630 ne-

998 5647 1066 5695 trem
1083 5639 1202 5698 Donrini.
