3780 6044
90 218 144 273 893
575 212 867 273 carbonariotvas
885 212 940 273 SS.
969 215 1120 276 Partus.
1137 244 1171 259 ·-
1188 215 1285 273 blut.
1686 214 1738 271 891

90 351 219 411 magnus.
241 337 275 393 Ut
290 343 446 391 monstrant
465 336 556 411 magni
574 353 643 410 quos
668 316 731 395 lacit
745 337 790 395 ille
803 337 888 413 magi.
903 338 1051 408 Anocaat,
1066 339 1130 396 dum
1143 339 1256 413 gravior
1269 339 1304 396 sit
1326 348 1352 398 ει
1366 341 1456 416 magis
1469 338 1553 399 noxia
1566 334 1739 410 improbitas,

89 427 195 482 Mentes
210 432 373 481 cunctorum
389 442 451 498 qum
464 432 528 482 sunt
546 425 646 500 ubique
661 427 782 483 riorum.
801 428 893 483 Esurit
942 427 1120 501 benignitatis
1134 429 1296 485 obumbrata
1325 429 1474 487 velamine.
1493 430 1528 486 Et
1551 427 1613 484 idco
1625 424 1741 483 cavendi

89 522 168 586 atque
195 514 259 581 sitit,
286 529 410 586 quosque
439 523 529 586 potest
553 514 671 587 perimit.
701 515 755 572 Sed
769 517 893 573 modicos
942 525 1004 573 sunt
1018 534 1080 590 quaa
1094 517 1185 574 crines
1213 534 1269 574 suoe
1284 518 1389 574 fraudis
1404 528 1430 575 et
1445 517 1558 574 brachia
1572 515 1654 586 longe
1668 514 1739 569 late-

88 601 153 658 fidet
168 602 250 658 trahit
274 602 301 657 in
330 602 477 659 dulcedine
505 605 593 672 verbi,
620 619 738 678 namque
762 603 816 660 fide
843 603 893 660 lir-
942 605 1181 680 quedispergunt‚
1199 607 1242 662 vel
1265 607 1384 678 speciem
1407 603 1741 662 induuntmnltilormem.
1782 614 1785 619 ·
1879 646 1885 655 .

89 706 217 747 mosnon
233 689 374 746 trahitilla
390 691 474 747 viros.
504 692 533 747 ln
548 708 603 765 quo
617 692 739 765 quisquis
754 692 866 749 conlidit
881 707 890 765 ;
941 701 976 756 Et
993 700 1124 756 isrienim
1152 701 1244 772 polypi
1269 710 1330 756 sunt
1360 718 1447 759 nexus
1461 701 1592 773 plurimos
1611 697 1741 752 habentes

88 788 132 845 vel
147 787 239 860 specie
253 797 355 845 certam
371 789 422 844 sibi
435 789 526 846 mittit.
549 789 591 846 sd
604 791 696 863 stygia
710 799 773 848 tunc
789 790 893 865 rapitur
942 793 969 843 at
983 788 1145 844 callidorum
1172 786 1347 861 ingeniorum
1373 789 1499 863 vestigia,
1516 788 1614 861 quibus
1633 784 1741 840 irretire

88 893 171 949 quam
187 877 258 933 mole
272 876 419 949 decipitur.
941 883 1059 948 possunt
1086 876 1215 949 quidquid
1238 877 1266 932 iu
1293 878 1423 950 scopulos
1458 893 1514 934 suae
1540 874 1642 932 itandis
1669 871 1740 930 inci-

120 994 161 1049 Dc
179 1008 302 1049 mercna
315 996 344 1048 ct
368 993 478 1065 vipera.
518 993 601 1066 Viper
632 1002 673 1050 est
692 993 891 1067 nequissimum
940 971 1024 1028 desit·

87 1096 175 1152 genus
203 1080 296 1135 bestiae
310 1088 337 1136 et
365 1097 453 1152 super
467 1097 548 1139 omne
573 1083 649 1154 quod
676 1082 824 1154 serpentini
838 1098 892 1156 ge·
976 1080 1016 1135 De
1030 1094 1148 1136 cancro.
1166 1078 1286 1136 Concros
1300 1079 1390 1136 vocari
1415 1079 1494 1151 quasi
1508 1078 1632 1145 conebae,
1660 1091 1741 1134 crura

87 1168 165 1224 neris
179 1175 221 1224 est
230 1168 355 1235 astutior,
366 1169 414 1223 ubi
426 1170 541 1226 coeundi
550 1170 726 1242 cupiditatem
737 1186 891 1243 assumpte
941 1166 1082 1235 habentes,
1106 1167 1218 1224 inimica
1245 1167 1344 1224 ostreis
1371 1167 1526 1233 animalia;
1548 1183 1645 1224 eorum
1668 1166 1740 1222 enim

88 1257 123 1312 sil
137 1257 408 1324 mulentmtlififflfli
428 1267 521 1314 nolam
531 1259 583 1313 sibi
592 1259 701 1331 requirit
712 1260 839 1331 copulam
848 1265 892 1320 val
941 1265 1069 1322 manibus
1097 1265 1192 1322 vivunt
1221 1265 1288 1321 nriro
1312 1264 1436 1338 ingenio.
1469 1266 1593 1338 Namque
1622 1264 1739 1320 validam

87 1370 186 1410 noram
214 1360 362 1426 praeparat,
408 1372 616 1428 progressaque
654 1356 689 1411 ad
713 1355 788 1410 littus
812 1356 892 1414 sibilo
941 1354 1113 1424 testamejus
1139 1354 1248 1425 aperire
1277 1369 1331 1409 non
1354 1362 1452 1425 potest,
1480 1355 1601 1425 explorat
1630 1352 1739 1425 quando

88 1443 231 1498 testificata
246 1443 422 1514 praesentiam
437 1445 479 1498 sui
494 1444 529 1499 ad
544 1444 716 1517 conjugalem
732 1445 892 1516 amplerum
940 1452 1031 1498 ostrea
1046 1442 1166 1498 claustra
1181 1450 1312 1498 testarum
1340 1442 1457 1514 aperiat,
1487 1451 1550 1499 tunc
1576 1457 1677 1498 cancer
1699 1440 1740 1496 la-

91 1530 166 1585 illanr
183 1539 293 1587 evocat.
313 1533 528 1607 lllurenaautem
545 1532 726 1589 invitatanon
749 1533 836 1602 deest,
865 1540 893 1590 et
940 1537 1029 1587 tenter
1055 1530 1162 1603 lapillos
1185 1530 1280 1601 injicit,
1304 1538 1386 1603 atque
1412 1531 1541 1602 impedita
1565 1529 1741 1587 conclusione
1822 1556 1825 1561 ·

87 1628 229 1676 venenatae
243 1621 363 1690 serpenti
377 1621 514 1692 expetitos
538 1638 604 1677 usus
618 1638 675 1677 suae
690 1622 811 1693 impartit
825 1638 890 1679 con·
940 1635 1039 1683 ostrea
1052 1643 1151 1684 carnes
1166 1626 1266 1683 erodit.
1293 1626 1414 1683 Tradunt
1428 1626 1538 1700 quidam
1567 1625 1662 1683 decem
1676 1639 1742 1681 cau·

82 1713 244 1783 junctionis.
270 1718 342 1789 Quid
370 1720 422 1775 sibi
451 1721 508 1777 vult
535 1736 626 1777 sermo
649 1721 805 1790 hujusmodi
833 1721 888 1777 nisi
904 1694 931 1755 Β
945 1715 999 1771 cris
1018 1730 1080 1771 cum
1099 1715 1181 1770 ocimi
1209 1715 1349 1786 manipulo
1376 1715 1494 1790 alligatis
1521 1712 1676 1786 omnesqui
1705 1711 1743 1767 mi

86 1807 216 1864 ferendos
230 1824 293 1864 esse
320 1824 415 1865 mores
429 1804 580 1881 eonjugum
595 1811 609 1864 ι
633 1817 660 1865 et
674 1810 697 1864 si
718 1809 819 1866 absens
834 1813 886 1878 est,
942 1810 1006 1858 sunt
1018 1804 1184 1875 scorpiones
1199 1804 1232 1858 ad
1248 1819 1309 1859 eum
1338 1802 1428 1860 locum
1442 1803 1572 1860 coituros.
1592 1802 1660 1859 Sunt
1674 1815 1740 1874 argo

86 1896 145 1965 ejus
159 1897 356 1968 opperiendam
373 1898 556 1968 presentiam,
572 1897 636 1955 licet
654 1898 776 1970 siasper,
791 1897 886 1965 fallax,
940 1900 1065 1957 homines
1092 1901 1139 1970 qui
1154 1901 1245 1957 cancri
1275 1916 1326 1956 usu
1340 1901 1367 1956 io
1396 1900 1494 1957 alienae
1510 1917 1591 1956 usum
1620 1899 1739 1957 circum·
1820 1900 1823 1905 '
1875 1968 1881 1981 Ι

85 1985 251 2055 inconditus,
267 1985 398 2055 lubricus,
417 1985 670 2056 temulentusQuid
681 1989 759 2058 pejus
768 2001 886 2056 veneco,
941 1988 1099 2060 scriptionis
1113 1988 1246 2060 irrepant,
1266 1996 1293 2044 et
1307 1986 1491 2045 infirmitatem
1506 1987 1623 2061 propriae
1635 1985 1751 2042 virtutis
1847 1990 1862 2037 ι’

86 2083 159 2154 quod
182 2083 210 2138 in
224 2085 340 2155 conjuge
355 2100 467 2138 murone
485 2099 541 2140 non
567 2083 688 2158 refugit?
715 2086 817 2142 t'oestn
832 2100 887 2141 non
941 2084 1001 2132 astu
1030 2076 1147 2148 quodam
1179 2076 1341 2143 suffulciant,
1370 2077 1446 2132 lratri
1474 2076 1565 2132 dolum
1588 2082 1741 2132 ncctcntet

86 2171 173 2239 deest,
188 2179 216 2226 et
230 2171 364 2242 serpentis
379 2171 512 2228 lubricum
541 2173 634 2229 sedula
649 2172 778 2230 ahsente
806 2188 888 2229 com.
940 2164 1054 2221 alterius
1065 2167 1215 2236 pascantur
1229 2181 1362 2220 aerumna.
1390 2166 1431 2221 Tu
1445 2172 1535 2221 autern
1550 2163 1666 2237 propriis
1680 2171 1741 2220 esto

86 2259 228 2331 plectitur.
257 2260 308 2316 lile
322 2269 369 2317 tua
383 2261 459 2318 mala
473 2269 573 2334 portat,
590 2269 616 2317 et
630 2261 748 2318 levitatis
762 2261 889 2319 leminea
941 2271 1093 2330 contentus,
1114 2271 1141 2320 et
1168 2262 1258 2320 aliena
1273 2272 1298 2320 te
1330 2263 1499 2319 damnanon
1513 2269 1635 2334 pascant.
1649 2263 1741 2317 bonus

88 2354 253 2422 facilitatem,
268 2365 297 2412 tu
312 2357 399 2413 virum
414 2366 490 2413 tuum
503 2374 559 2415 non
582 2366 670 2429 potes,
687 2358 792 2428 mulier,
804 2359 888 2415 suati-
941 2352 1020 2408 cibus
1034 2360 1077 2407 cst
1088 2351 1248 2423 simplicitas
1276 2352 1440 2409 innocentiae
1460 2368 1518 2407 suae
1536 2351 1609 2408 bona
1621 2350 1739 2418 habens,

87 2460 164 2501 nere·
181 2445 266 2501 Adam
282 2462 332 2516 per
347 2447 432 2502 Evam
446 2447 578 2517 deceptus
605 2455 647 2504 est
660 2449 744 2513 (Gen.
762 2447 813 2518 ru),
830 2463 888 2503 non
941 2438 1065 2495 insidiari
1079 2440 1169 2495 nescit
1197 2440 1305 2508 alienia,
1334 2456 1386 2496 nec
1400 2438 1522 2497 avaritia
1536 2455 1595 2495 suae
1609 2438 1669 2496 lace
1696 2438 1741 2494 in-

87 2534 144 2588 Eva
159 2549 210 2605 per
233 2534 335 2593 Adam.
368 2533 577 2604 Quemvocavit
602 2536 636 2591 ad
651 2536 761 2607 culpam
786 2535 890 2592 moliar
941 2536 1071 2603 ardescit,
1087 2537 1130 2599 cui
1145 2537 1250 2593 lurnrm
1272 2536 1401 2593 omnead
1428 2536 1556 2591 vinctum
1569 2535 1741 2608 dispendium

86 2623 190 2695 justum
205 2630 247 2679 est
262 2630 290 2679 ut
303 2639 364 2679 eum
392 2625 606 2695 gubernatorem
630 2631 762 2691 assumat,
786 2639 821 2679 na
834 2624 889 2680 ite·
941 2632 992 2691 est,
1010 2624 1044 2680 ad
1058 2624 1231 2695 cupiditatem
1255 2625 1422 2681 incendium.
1438 2625 1472 2680 Et
1495 2624 1557 2680 idco
1570 2623 1650 2679 beata
1662 2631 1703 2678 est
1719 2621 1743 2678 si

88 2738 147 2778 rum
163 2721 280 2778 leminea
297 2721 423 2779 facilitate
437 2724 556 2780 labatur.
576 2724 630 2780 Sed
658 2722 787 2779 horridus
801 2731 829 2779 ει
842 2722 886 2778 in·
942 2714 1011 2769 ΜΝ
1027 2728 1075 2769 ⁸1¹⁸
1088 2714 1195 2769 ὓθιθΐῑῑ
1210 2728 1271 2770 ⁰l¹m
1296 2713 1409 2770 ῗθΐῑῑθῑθ
1437 2720 1595 2785 mimi-¹2
1611 2719 1636 2766 ⁸¹
1649 2710 1741 2766 <imni-

88 2810 242 2867 culrnsesr,
275 2810 331 2867 Sed
351 2811 437 2868 semel
464 2812 586 2883 placuit:
607 2812 746 2885 Numquid
771 2811 816 2868 vir
830 2810 889 2867 [ω.
940 2803 991 2858 bus
1006 2801 1177 2873 praeferenda
1193 2803 1340 2870 thesauris,
1370 2801 1432 2874 quia
1446 2801 1543 2857 melius
1558 2799 1742 2872 estexiguum

89 2907 203 2969 quanter
226 2899 630 2972 esteligenduleomparem
645 2916 723 2955 suum
738 2900 828 2955 ethos
843 2914 888 2957 ιε·
940 2915 1002 2956 curu
1017 2899 1067 2955 Dei
1083 2899 1191 2966 timore,
1212 2913 1292 2971 quarn
1316 2898 1436 2954 thesauri
1464 2896 1629 2969 magnisine
1646 2896 1743 2954 timora

88 2986 180 3058 quirit,
209 2994 237 3043 at
250 3003 340 3059 equus
354 2988 452 3061 diligit,
471 2997 497 3045 et
511 2989 535 3044 si
549 2996 667 3045 mutetur
681 2988 760 3054 alius,
777 2988 887 3043 trahere
941 2989 1000 3057 eius
1015 2989 1106 3059 (Pron.
1136 2989 1194 3060 xv).
1213 2988 1327 3045 Utamur
1341 3003 1407 3060 ergo
1431 2986 1591 3059 ingeniosd
1615 3001 1742 3058 quarem

86 3085 183 3157 jugurn
198 3085 286 3141 nescit
302 3104 308 3141 :
322 3101 436 3157 compar
449 3085 561 3141 alterius
575 3085 619 3140 vel
634 3086 668 3141 ad
684 3101 714 3141 se
728 3100 782 3141 non
798 3093 887 3140 rurum
901 3039 925 3104 C
941 3076 1005 3132 dam
1022 3076 1139 3149 gratiam
1150 3084 1176 3132 et
1187 3076 1300 3133 salutem
1310 3076 1450 3143 tuendam,
1462 3091 1516 3131 non
1528 3074 1685 3130 adalienam
1694 3073 1744 3130 cir·

88 3179 177 3243 putat,
202 3177 231 3229 tu
256 3175 379 3247 jugalem
404 3173 534 3245 repudias
563 3183 648 3240 tuum,
678 3182 703 3229 et
732 3181 811 3245 putas
826 3188 888 3229 esse

87 3257 260 3323 mutandum,
276 3264 303 3312 et
317 3257 339 3312 si
354 3273 409 3313 uno
424 3257 526 3314 deserit
540 3257 597 3324 dia,
629 3256 779 3328 suspicaris
793 3256 889 3313 ruins-

87 3353 151 3421 lcm,
168 3361 195 3410 et
210 3355 298 3410 statim
316 3354 455 3428 incognita
478 3371 562 3412 causa
577 3355 655 3427 qussi
674 3355 812 3428 cognitam
836 3370 889 3427 pu·

86 3442 164 3498 doris
178 3444 338 3515 exsequeris
353 3444 494 3513 injuriam.
522 3444 626 3516 Vipera
644 3445 783 3501 absentem
798 3444 889 3516 requi·

86 3531 129 3598 rit,
149 3531 291 3588 absentem
307 3538 393 3599 vocat,
410 3535 438 3588 et
452 3532 551 3588 blando
570 3531 723 3603 proclamat
737 3533 828 3599 sibilo,
843 3540 888 3588 at·

87 3636 140 3691 que
168 3620 214 3676 ubi
241 3622 388 3677 adventure
415 3636 572 3692 comparem
595 3621 722 3687 senserit,
748 3636 888 3678 venenum

86 3719 199 3784 evomit,
215 3719 397 3774 reverentiam
421 3719 518 3774 marito
546 3717 676 3775 deferens
703 3718 889 3775 verecundata

85 3806 233 3879 nuptialem
248 3808 377 3881 gratiam,
393 3815 421 3863 tu
436 3807 545 3871 moliar,
570 3807 761 3864 advenientem
775 3807 810 3863 da
825 3807 889 3863 lon-

86 3896 189 3969 ginquo
207 3898 346 3958 meritum,
358 3896 535 3953 contumeliis
549 3897 673 3968 repellis.

121 4014 160 4069 De
174 4015 283 4086 polypo.
313 4010 431 4082 Polypus
445 4011 537 4082 piscis.
555 4011 581 4067 id
599 4020 640 4067 est
655 4011 782 4084 multipes
799 4031 804 4067 :
822 4011 887 4082 pltt·

85 4100 171 4156 rimos
197 4102 268 4158 enim
296 4117 384 4157 nexus
398 4101 490 4156 habet.
514 4101 569 4156 lsta
592 4100 753 4173 ingeniosus
778 4100 888 4155 hamum

942 3172 1178 3231 cumscribendam
1194 3173 1393 3230 innocentiam.
1408 3173 1486 3230 Licet
1495 3171 1576 3228 nobis
1592 3171 1630 3227 uti
1646 3187 1744 3227 exem-

942 3263 994 3335 plis
1008 3262 1152 3318 maritimis
1165 3263 1201 3319 ad
1226 3262 1378 3334 proiectum
1399 3268 1501 3318 nostrae
1515 3260 1620 3327 salutis,
1636 3275 1692 3316 nou
1707 3260 1742 3316 ad

941 3351 1059 3409 alianum
1076 3350 1241 3424 periculum.

977 3461 1015 3516 Dc
1029 3460 1142 3516 echino.
1172 3458 1293 3515 Echinus
1321 3458 1372 3516 iste
1394 3465 1533 3525 terrenus,
1563 3472 1642 3529 quem
1658 3455 1741 3530 vulgo

942 3557 1056 3613 ericium
1084 3563 1193 3623 vocant,
1224 3556 1248 3612 si
1279 3555 1343 3629 quid
1376 3545 1536 3611 insidiarum
1563 3551 1741 3626 persenserit,

942 3645 1029 3716 spinis
1044 3644 1101 3700 suis
1115 3645 1261 3713 clauditur,
1277 3653 1359 3716 atque
1374 3642 1402 3699 in
1428 3658 1477 3699 sua
1492 3660 1522 3700 se
1536 3641 1639 3716 colligit
1654 3654 1742 3706 arms,

943 3741 970 3788 ut
998 3733 1155 3805 quicunque
1180 3750 1242 3789 eum
1270 3732 1485 3806 contingendum
1499 3729 1634 3804 putaverit
1648 3728 1744 3785 vulne·

942 3837 1026 3885 retur.
1043 3830 1173 3901 Idemque
1197 3831 1309 3887 echinus
1333 3829 1423 3885 lutura
1436 3829 1599 3900 praevidens,
1616 3825 1744 3899 geminas

942 3918 993 3973 sibi
1007 3918 1146 3988 repirandi
1162 3918 1220 3973 vias
1234 3918 1331 3983 munit,
1358 3927 1387 3973 ut
1402 3916 1511 3989 quando
1538 3917 1652 3971 boream
1662 3914 1743 3969 ilatu-

943 4023 1003 4061 rum
1017 4005 1162 4080 collegerit
1191 4005 1432 4078 septentrionalem
1463 4006 1611 4070 obstruat;
1631 4002 1742 4074 quando

942 4103 1007 4152 noto
1022 4094 1180 4167 cognoverit
1193 4095 1285 4167 detegi
1299 4093 1372 4150 aeris
1387 4091 1481 4147 nubila
1493 4090 1528 4145 ad
1543 4089 1744 4161 septentriona-

84 4197 226 4261 appetens,
242 4189 379 4245 branchiis
408 4188 606 4260 complectitur,
635 4203 689 4243 non
705 4204 799 4244 morsu
816 4207 822 4242 :
838 4204 889 4245 nac
942 4192 996 4247 lem
1023 4208 1053 4248 sa
1068 4191 1199 4258 conterat,
1215 4200 1244 4246 ut
1259 4191 1339 4246 llatus
1367 4186 1487 4246 declinet
1500 4186 1610 4252 obvios,
1626 4194 1742 4244 etere·

85 4279 163 4349 prius
187 4278 295 4334 dimittit
309 4294 392 4351 quam
408 4293 500 4335 escam
528 4277 745 4335 circumroserit.
777 4277 889 4334 vadoso
941 4279 1026 4352 gione
1040 4281 1187 4336 nocituros.
1202 4280 1266 4336 llaec
1290 4279 1324 4334 de
1339 4278 1436 4335 echino
1451 4285 1571 4332 terreno.
1591 4276 1631 4332 De
1646 4276 1743 4333 echino

85 4380 175 4429 autam
189 4374 216 4429 in
244 4373 335 4430 littore
354 4382 457 4444 petram
474 4382 570 4430 nactus
599 4372 720 4445 alligitur
734 4372 758 4429 ei
774 4391 782 4439 3
807 4380 887 4442 atque
901 4397 928 4458 D
944 4378 1033 4425 autem
1049 4369 1156 4425 marino
1171 4368 1270 4425 dicitur
1283 4367 1356 4438 quod
1370 4368 1404 4423 sit
1417 4365 1518 4422 animal
1533 4364 1669 4439 exiguum,
1690 4365 1743 4421 vile

85 4461 218 4518 nebuloso
232 4462 344 4533 ingenio
368 4463 490 4518 colorem
519 4462 601 4528 subit,
633 4470 660 4518 et
687 4461 769 4516 simili
794 4462 887 4532 specie
940 4482 972 4522 ac
988 4464 1173 4535 despicubile3
1190 4461 1354 4518 maritimum
1373 4462 1533 4534 plerumque
1549 4462 1630 4517 index
1646 4461 1744 4516 luturae

84 4563 164 4631 terga
178 4558 288 4614 obtutus
303 4559 434 4630 plurimos
458 4559 574 4629 piscium
589 4559 648 4614 sine
662 4560 716 4615 ulla
730 4558 887 4631 suspicione
941 4553 1119 4625 tempestatis,
1149 4559 1196 4606 aut
1211 4551 1412 4624 tranquillitatis
1437 4550 1582 4607 annuntius
1598 4549 1667 4606 solet
1682 4563 1744 4605 essa

83 4644 329 4717 trandisatlapsos,
346 4647 410 4701 dum
426 4662 480 4702 nou
502 4656 694 4718 praecaventet
710 4663 807 4702 aarum
822 4648 886 4718 opi·
940 4642 1143 4715 navigantibus.
1177 4642 1300 4712 Denique
1323 4656 1384 4697 cum
1413 4638 1562 4712 procellam
1601 4646 1743 4695 ventorum

84 4742 193 4800 ιιιιιιιιι,
208 4736 318 4793 assibus
329 4734 439 4792 iurtivae
453 4737 519 4792 artis
543 4736 666 4803 includit,
682 4744 709 4791 et
736 4736 799 4791 sinu
814 4751 886 4808 quo·
940 4730 1125 4804 praesenserit,
1140 4729 1281 4787 calculum
1297 4729 1416 4786 validum
1431 4728 1535 4800 arripit,
1553 4742 1669 4799 eumque
1693 4741 1743 4781 ra·

83 4822 145 4877 dnm
173 4840 232 4879 sum
259 4825 351 4881 carnis
379 4824 527 4894 intercipit.
560 4825 605 4880 Sic
633 4832 783 4894 spontanea
812 4825 888 4880 venit
940 4829 979 4884 lut
992 4829 1132 4883 saburram
1147 4828 1231 4893 vetnit,
1248 4835 1274 4882 et
1289 4835 1420 4899 tanquam
1434 4826 1584 4881 anchoram
1601 4821 1691 4885 trahit,
1707 4837 1742 4877 nc

83 4920 188 4992 presta,
204 4929 229 4977 et
245 4921 347 4975 talibus
367 4919 474 4989 capitur
498 4919 669 4993 argumentis
686 4920 797 4992 :qualia
824 4929 887 4976 sunt
940 4917 1092 4973 excutiatur
1105 4915 1246 4971 lluctibus.
1263 4916 1359 4986 ltaque
1374 4929 1427 4969 non
1444 4912 1500 4968 suis
1515 4928 1545 4968 se
1560 4912 1659 4966 liberat
1674 4910 1741 4966 viri-

82 5024 178 5064 eorum
193 5009 239 5081 qui
253 5008 394 5081 ingenium
413 5025 491 5063 suum
508 5024 581 5079 saepe
605 5016 782 5075 commutant,
799 5010 886 5065 etdi-
939 5004 991 5059 bus
1013 5003 1169 5060 sedalieno
1198 5002 1300 5058 stabilit
1316 5009 1343 5057 et
1357 5001 1427 5074 regit
1441 5000 1576 5073 pondera.
1594 4997 1657 5068 Quo
1674 4998 1744 5053 indi·

83 5112 177 5153 versas
192 5097 308 5154 nocendi
324 5107 400 5152 artes
414 5107 533 5162 movent,
550 5104 579 5152 ut
594 5097 765 5170 singulorum
781 5106 886 5153 mentes
939 5103 992 5170 cio,
1018 5109 1107 5156 nautae
1127 5101 1198 5155 velut
1226 5101 1335 5173 signum
1352 5097 1448 5153 luturae
1462 5096 1671 5168 perturbationis
1693 5112 1742 5153 cn-

82 5210 237 5264 sensusque
261 5201 426 5265 pertentent,
465 5210 526 5250 cum
561 5194 766 5250 continentibus
796 5194 885 5250 conti·

82 5285 206 5338 nentiam
224 5283 413 5353 predicantes,
429 5282 457 5336 in
482 5282 555 5338 coitu
569 5283 809 5354 intemperantium
824 5291 887 5337 tan·

82 5386 161 5439 equam
188 5370 262 5426 devii
277 5372 310 5426 ab
335 5371 424 5427 studio
439 5371 583 5437 rastitatis,
599 5379 626 5427 et
646 5372 764 5427 demersi
780 5371 885 5427 intem·

80 5466 214 5537 per-arrtiae
240 5467 395 5535 volutabris,
416 5477 445 5523 ut
471 5469 516 5541 qui
532 5484 580 5524 eos
591 5468 704 5523 audiunt
720 5476 766 5523 aut
782 5467 883 5536 rident,

79 5555 189 5613 incauta
218 5556 344 5612 facilitate
372 5573 402 5612 se
431 5557 556 5623 credant,
585 5572 672 5630 eoque
687 5556 766 5612 citius
782 5556 883 5611 labun-

80 5669 133 5729 tur,
149 5661 215 5718 dum
230 5662 399 5736 distinguere
413 5679 468 5719 non
483 5671 591 5733 norunt,
620 5678 671 5719 nec
684 5670 797 5719 cavetur
810 5661 884 5736 quod

939 5197 1062 5262 pessunt,
1080 5198 1106 5244 et
1121 5189 1172 5243 sibi
1201 5195 1360 5261 piscarent
1375 5203 1408 5243 ne
1437 5201 1485 5241 eos
1498 5185 1647 5258 imparatos
1661 5184 1742 5241 turbo

939 5278 1102 5349 improvisus
1131 5277 1264 5332 inveniat.
1290 5277 1368 5347 Saepe
1399 5273 1526 5331 homines
1553 5273 1741 5330 contusionem

938 5367 1014 5423 aeris
1029 5366 1131 5433 rident,
1149 5373 1175 5420 et
1190 5381 1263 5436 saepe
1280 5363 1489 5436 lalltrnturquod
1504 5362 1665 5435 plerumque
1681 5376 1741 5417 eam

939 5455 998 5511 sine
1012 5461 1172 5526 tempestate
1199 5453 1369 5522 discutiant;
1393 5453 1505 5509 echinus
1537 5467 1592 5506 non
1616 5450 1739 5507 lallitur:

938 5553 1130 5610 echinumsus
1158 5566 1328 5623 nequaquam
1358 5550 1437 5624 signa
1453 5556 1628 5621 praetereunt.
1662 5549 1739 5606 Unda

938 5659 1037 5734 exiguo
1053 5658 1165 5715 animati
1180 5666 1252 5717 tanta
1263 5657 1386 5726 scientia,
1403 5664 1432 5713 ut
1445 5657 1533 5713 lutura
1548 5653 1711 5728 prenuntiat
