3780 6038
66 238 135 293 1060

532 230 826 289 bumouartorttss
845 230 897 287 SS.
922 230 1073 290 tamnu.
1089 262 1124 274 -
1138 231 1205 289 tls.
1226 233 1265 288 ll.

1649 236 1718 291 1070

61 385 203 458 jiciuntnr,
223 395 250 443 et
270 385 352 442 modo
366 384 391 442 ei
405 383 572 441 adhaerendo
587 400 637 454 per
651 382 744 449 fidem,
762 389 865 454 etpost
878 382 906 447 Α
920 390 1016 441 1οειιε
1029 383 1123 440 debito
1137 384 1245 440 absolvi
1258 384 1419 452 debeamus,
1437 402 1470 441 ex
1486 385 1626 457 proposita
1640 386 1716 441 salu-

63 475 223 533 inbaerendo
236 492 287 547 per
302 473 433 546 speciem.
454 473 507 543 Qui
522 488 591 545 ergo
612 473 680 543 petit
696 480 727 527 ut
753 487 868 545 regnum

63 574 116 629 Dei
130 572 267 639 adveniat,
289 572 335 627 ille
363 570 486 643 prolecto
504 570 620 625 salntem
636 570 774 625 bominum
791 585 869 642 qute-

64 661 111 718 rit.
127 664 166 717 Αε
179 677 230 733 ρει
249 662 301 717 hoc
316 662 380 715 dum
397 676 445 730 pro
473 658 613 716 communi
633 659 756 715 omniurn
779 657 869 713 salute

67 750 197 823 postulat,
235 750 329 806 livoris
348 749 442 805 vitium
461 765 491 803 se
519 748 670 819 reprobare
688 747 868 804 demonstrat.

68 839 138 896 Huic
153 838 278 910 petitioni
292 839 374 893 datur
390 837 506 908 Spiritus
523 836 643 909 pietatis,
659 845 688 891 ut
701 836 761 909 ipae
775 834 809 890 ad
824 850 872 891 cor

69 940 185 994 veniens
199 935 235 991 ad
252 934 453 1009 benignitatem
470 934 535 990 illud
564 934 706 1000 accendat,
736 939 872 1005 quatenus

72 1023 107 1078 ad
125 1021 250 1078 eamdem
270 1020 352 1076 bomo
379 1026 492 1077 aeterne
518 1018 686 1075 baereditatis
714 1017 872 1089 passessio-

72 1127 146 1177 nem,
161 1110 195 1166 ed
210 1125 292 1182 quarn
307 1108 375 1164 alios
389 1108 535 1181 pervenire
550 1107 634 1179 cupit,
650 1107 710 1179 ipse
720 1106 871 1177 perveniat.

108 1217 201 1274 Tertia
228 1216 323 1288 petitio
347 1223 389 1272 est
417 1223 516 1273 contra
551 1215 636 1284 iram,
675 1229 729 1287 qna
765 1214 873 1271 dicitur.

75 1307 162 1362 «liat
180 1305 309 1361 voluntas
342 1315 389 1360 tua
409 1304 479 1361 sicut
506 1304 624 1361 incaelo
654 1303 726 1359 etin
749 1311 834 1359 terra.
860 1331 871 1352 ..

73 1395 135 1451 Non
147 1395 219 1451 enim
235 1394 290 1449 vult
305 1393 471 1450 contendere
498 1393 545 1465 qui
559 1392 625 1449 dicit
639 1412 649 1449 .·
668 1414 679 1439 ·
702 1391 875 1449 1011111111-

73 1502 116 1549 tas
135 1501 191 1557 tua,
209 1514 220 1541 v
239 1492 288 1545 sed
304 1490 357 1546 sibi
372 1491 479 1561 placere
505 1490 606 1547 indicat
621 1489 756 1561 quidquid
774 1489 876 1545 volun·

74 1581 138 1637 tatis
151 1581 203 1637 llei
217 1580 307 1647 fuerit,
329 1579 388 1635 sive
412 1580 439 1634 in
466 1596 496 1636 se
515 1596 564 1635 seu
591 1580 620 1634 in
634 1578 694 1633 aliis
721 1578 875 1634 secundum

923 472 958 527 tis
973 473 1129 529 conditione
1156 473 1284 529 donatur.
1310 474 1379 529 Huic
1402 490 1474 546 ergo
1489 475 1612 545 petitioni
1639 475 1721 530 datur

924 562 1042 632 Spiritus
1057 563 1176 629 consilii,
1191 563 1238 635 qui
1252 563 1350 619 doceat
1364 578 1414 619 nos
1422 564 1449 617 in
1464 565 1516 619 lroc
1526 564 1626 620 saeculo
1639 564 1721 619 liben-

924 660 1155 730 terpeecantibus
1183 661 1211 716 in
1237 676 1287 716 nos
1308 660 1523 717 misericordiam
1552 660 1719 731 impendere,

925 756 1057 820 qnatenus
1071 749 1097 803 in
1115 750 1205 806 futuro
1233 765 1294 806 cum
1310 749 1497 821 propeccatis
1518 750 1619 805 nostris
1635 750 1722 806 ratio-

924 853 988 893 nem
1003 837 1136 893 reddituri
1150 854 1254 906 sumus,
1268 855 1427 895 mereamur
1437 838 1654 896 misericordiam
1680 838 1722 894 in·

925 951 1032 991 ventre.

962 1041 1047 1098 Sexta
1061 1042 1155 1112 petitio
1169 1050 1210 1098 εει
1219 1051 1314 1099 contre
1327 1042 1430 1117 gulam,
1446 1060 1500 1117 qua
1514 1044 1615 1102 dicitnr
1630 1060 1637 1098 t
1655 1068 1667 1093 u
1682 1044 1725 1100 Ne

927 1146 977 1186 nos
991 1130 1107 1187 inducas
1120 1131 1349 1199 intentationem,
1361 1133 1464 1189 »idest
1478 1134 1570 1191 induci
1582 1133 1725 1205 permittas

927 1226 955 1281 in
971 1227 1162 1283 tentationem.
1193 1229 1258 1285 liae
1285 1237 1327 1284 εει
1345 1229 1456 1285 tentatio
1483 1244 1536 1302 qua
1563 1228 1725 1285 111111111-

930 1310 979 1365 bra
992 1311 1082 1367 carnis
1097 1328 1171 1382 saepe
1184 1326 1234 1382 per
1247 1311 1402 1367 naturalem
1417 1313 1568 1384 appetitum
1582 1312 1618 1368 ad
1633 1312 1726 1368 excel-

929 1415 991 1455 sum
1006 1402 1115 1455 trabere
1130 1399 1234 1467 nititur,
1248 1408 1276 1456 ει
1290 1400 1407 1457 latenter
1430 1400 1596 1473 voluptatem
1608 1401 1727 1471 subjicit,

929 1498 994 1554 dum
1008 1500 1151 1555 manifeste
1175 1499 1256 1555 uobis
1272 1500 1307 1555 de
1335 1499 1499 1555 necessitate
1514 1499 1666 1554 blanditur.
1699 1500 1729 1554 11

931 1604 1011 1659 quarn
1025 1587 1148 1660 profecto
1164 1588 1341 1644 tentationem
1355 1595 1420 1644 tuno
1434 1603 1611 1660 nequaquem
1626 1586 1732 1643 induci·

75 1671 219 1727 0000000000
248 1684 304 1725 ⁵¹¹ae
330 1668 496 1741 0080000000
527 1667 679 1739 0001000000·
712 1667 780 1723 Huic
806 1682 876 1739 0080
932 1693 1005 1742 mur,
1032 1678 1055 1731 si
1070 1677 1111 1734 sic
1124 1678 1267 1733 studemus
1290 1677 1440 1734 secundum
1456 1692 1732 1733 rnensuramueces·

75 1770 198 1843 petitioni
212 1772 296 1826 datur
310 1771 429 1841 Spiritus
443 1768 580 1833 scientias,
595 1775 624 1823 ut
638 1768 698 1840 ipse
712 1767 747 1823 ad
761 1782 811 1823 cor
824 1741 917 1822 ve·B
933 1762 1019 1818 sitatis
1033 1771 1136 1818 uaturoe
1151 1762 1302 1818 subsidium
1321 1762 1492 1833 impendere,
1508 1770 1537 1817 ul
1551 1769 1641 1819 tamen
1656 1778 1732 1818 sern-

75 1859 157 1916 nieus
185 1859 293 1915 erudiat
322 1859 400 1925 illud,
421 1867 447 1913 et
475 1856 622 1914 salubriter
650 1863 828 1928 compunget.
849 1863 880 1911 ut
930 1875 980 1931 per
994 1858 1199 1915 meminerimus
1213 1858 1366 1932 appetitum
1392 1859 1426 1913 ab
1442 1859 1570 1916 illecebra
1586 1858 1733 1932 voluptatis

77 1947 145 2004 sciat
160 1949 241 2004 bomo
256 1948 359 2003 malum
374 1946 448 2018 quod
474 1946 575 2016 patitur
602 1962 638 2001 ex
653 1962 702 2001 sna
716 1945 797 2015 culpa
811 1958 878 2015 pro·
933 1963 1070 2004 coercere.
1100 1946 1180 2017 Quod
1195 1956 1224 2003 ut
1248 1947 1356 2019 impleri
1380 1946 1530 2015 valeamus,
1547 1948 1626 2005 datur
1654 1948 1734 2005 nobis

77 2035 180 2100 venire,
197 2035 220 2090 ai
235 2035 298 2109 quid
313 2044 404 2090 autem
421 2033 485 2089 boni
501 2033 638 2099 babuerit,
666 2050 699 2089 ex
719 2032 879 2088 misericor·
932 2037 1089 2109 petentibus
1103 2037 1221 2108 Spiritus
1236 2036 1432 2109 intelligentiae,
1444 2046 1473 2092 ut
1487 2038 1594 2093 interna
1620 2037 1734 2094 refectio

78 2124 123 2180 00
143 2124 256 2180 000000
283 2124 445 2195 proaedere,
461 2138 493 2178 00
522 2138 573 2194 000
587 2122 640 2177 000
658 2122 756 2190 000000,
773 2122 833 2178 0000
851 2121 880 2176 00
933 2135 1013 2191 verbi
1028 2135 1079 2192 Dei
1092 2135 1243 2207 appetitum
1257 2135 1424 2191 exteriorem
1439 2136 1576 2192 cohibeat.
1606 2143 1633 2191 ει
1653 2152 1734 2192 men·
1835 2158 1838 2163 ·

78 2213 160 2269 0000
175 2230 237 2286 (100
253 2213 380 2281 0000000,
401 2212 459 2268 0000
478 2211 506 2266 00
520 2211 601 2267 00000
630 2228 691 2284 (1000
704 2227 759 2266 000
788 2209 878 2275 000001
934 2231 988 2279 tem
1004 2223 1120 2296 spiritali
1132 2223 1194 2280 cibo
1215 2224 1380 2290 roboratam,
1398 2240 1448 2280 nec
1462 2224 1552 2281 valeat
1580 2225 1735 2296 corporalis

79 2311 172 2359 00000
198 2302 356 2358 (3000000000
377 2317 432 2358 000
451 2300 546 2367 000000.
567 2300 618 2356 sed
636 2316 687 2372 000
711 2299 801 2356 000000
829 2315 879 2370 ts·
934 2321 1046 2383 egestas
1075 2312 1211 2386 frangere,
1240 2328 1291 2368 neo
1315 2312 1407 2369 earnis
1432 2312 1558 2385 voluptas
1586 2329 1731 2385 superare.

78 2401 203 2457 beotiam
222 2401 367 2457 exbibete·
391 2399 500 2471 Optime
532 2413 601 2471 erg⁰
620 2414 671 2471 per
690 2397 880 2470 0001000000·
935 2409 1083 2479 Propterea
1093 2423 1212 2480 namque
1227 2408 1358 2464 Dominus
1372 2408 1432 2481 ipse
1448 2409 1577 2465 tentatori
1592 2425 1655 2477 sno,
1670 2408 1736 2465 dnm

78 2507 142 2546 0000
161 2489 256 2547 000000
286 2506 347 2560 quae
375 2488 482 2557 510000
512 2487 632 2544 0000000
658 2495 790 2557 operante
808 2485 882 2541 0000·
936 2496 1065 2553 esurienti
1080 2496 1132 2552 sibi
1145 2496 1343 2553 fraudulentam
1359 2497 1395 2553 de
1422 2498 1565 2554 exterioris
1588 2497 1667 2569 panis
1692 2513 1737 2555 re·

78 2579 136 2635 rius
147 2596 183 2636 θΧ
197 2578 350 2635 humililate
378 2578 509 2643 1183011110,
535 2576 574 2631 118
589 2575 780 2649 011001300110
799 2572 883 2630 animi
936 2584 1054 2642 sectione
1069 2586 1274 2659 guggeslioneffl
1306 2586 1416 2654 faceret,
1444 2588 1698 2658 respbssdssdlsselis
1728 2604 1735 2641 ς

76 2678 230 2750 mitigatur,
265 2676 330 2748 quie
364 2689 517 2732 econverso
552 2672 664 2729 stultum
684 2673 726 2727 ira
745 2670 883 2738 interficit,
934 2674 1315 2751 ι1111111ε111111ειιίιίι
1338 2675 1626 2741 bomo,sedinomui
1653 2674 1737 2731 verbo

79 2765 189 2839 quando
203 2767 232 2819 in
246 2765 372 2821 adversis
386 2782 436 2836 per
450 2763 628 2833 impatientiae
642 2762 734 2817 vitium
750 2760 884 2833 agitatus,
938 2772 989 2827 nei
1003 2771 1114 2843 (patra,
1133 2774 1185 2841 w),
1203 2793 1215 2817 s
1231 2777 1260 2826 ut
1274 2780 1368 2842 aperte
1381 2771 1583 2826 demonstraret
1593 2770 1666 2843 quia,
1675 2784 1738 2826 cum

79 2864 162 2928 atque
176 2863 305 2919 omacius,
318 2855 360 2910 rel
376 2854 478 2909 malum
490 2852 563 2924 quod
578 2853 679 2924 patitur
693 2867 723 2906 se
738 2850 883 2917 meruisse.
938 2876 1015 2916 mens
1030 2859 1077 2915 illo
1092 2876 1163 2930 pane
1178 2858 1252 2915 intus
1267 2858 1401 2925 reficitur,
1413 2875 1466 2916 non
1482 2874 1649 2932 magnopere
1664 2866 1739 2916 curat

79 2942 123 3000 Vel
139 2941 238 2997 bonum
255 2940 327 3013 quod
349 2941 439 3005 habel,
459 2938 642 3012 pefssl'dilbm
661 2937 802 3008 decepisse
829 2951 883 2991 non
937 2949 960 3003 si
975 2948 1039 3004 soris
1068 2949 1104 3003 gd
1127 2956 1235 3020 tempus
1258 2948 1349 3003 famen
1378 2948 1467 3005 camis
1495 2949 1620 3020 patiatur,
1649 2948 1738 3004 Datur

80 3040 218 3114 agnoscit.
248 3041 325 3096 llana
344 3047 434 3095 antem
467 3037 604 3105 virtutem,
625 3036 653 3092 id
681 3043 723 3092 est
742 3050 881 3106 compun·
937 3054 1006 3111 ergo
1022 3042 1116 3095 contra
1129 3036 1223 3111 gulam
1238 3037 1354 3108 Spiritus
1369 3037 1563 3109 intelligentiae,
1580 3037 1629 3093 sed
1641 3036 1687 3092 ille
1702 3036 1738 3093 ad

80 3129 197 3185 ctionem
212 3127 269 3183 sive
283 3127 408 3184 dolorem
423 3126 564 3199 praenrinm
579 3124 775 3182 consolationis
790 3122 881 3197 sequi·
896 3083 921 3148 C
934 3143 982 3183 cur
996 3126 1120 3193 veniens,
1135 3125 1266 3182 emundat
1280 3125 1346 3181 illud
1361 3133 1442 3197 atque
1458 3124 1594 3197 purificat,
1612 3133 1639 3181 et
1654 3124 1736 3180 illum

80 3227 132 3289 tur,
148 3226 177 3277 ul
187 3221 236 3292 qui
251 3222 295 3277 hic
309 3227 406 3291 sponte
421 3235 515 3276 coram
540 3220 597 3274 Deo
613 3234 663 3289 per
678 3217 798 3273 lamenta
811 3214 879 3271 alili·
933 3223 1087 3280 interiorem
1103 3223 1211 3279 oculum
1227 3239 1261 3278 ex
1275 3223 1382 3279 ratione
1406 3222 1484 3279 verbi
1499 3222 1550 3278 Dei
1564 3222 1641 3294 quasi
1669 3237 1737 3295 quo·

79 3319 162 3394 gitur,
200 3318 256 3375 illic
284 3333 377 3375 verum
395 3316 524 3389 gaudium
542 3324 569 3372 ει
596 3314 717 3371 laetitiam
754 3312 879 3371 invenire
934 3321 996 3377 dam
1010 3321 1127 3393 collyrio
1142 3336 1256 3389 sanans,
1273 3335 1307 3377 eo
1321 3337 1410 3393 usque
1424 3320 1590 3377 luminosum
1604 3327 1737 3393 atqueae-

80 3414 227 3465 mereatur.
933 3426 1018 3466 unum
1032 3408 1124 3475 efticit,
1141 3418 1169 3464 ut
1199 3409 1234 3465 ad
1249 3409 1337 3481 ipsam
1366 3410 1447 3466 etiam
1463 3408 1571 3465 deitatis
1584 3408 1739 3467 claritatem

114 3511 216 3582 Quarta
229 3511 324 3583 petitio
338 3518 380 3567 est
406 3518 501 3566 eontra
517 3508 663 3579 tristitiam,
681 3525 735 3580 qua
749 3507 848 3564 dicitur
869 3525 876 3563 ε
933 3499 1174 3571 contemplandam
1202 3499 1350 3570 perspicax
1372 3498 1430 3555 fiat.
1454 3499 1555 3554 Contra
1579 3498 1672 3554 vidum
1687 3498 1740 3573 igi·

81 3608 212 3664 «Panem
236 3615 361 3663 nostrum
386 3606 572 3679 quotidianum
598 3606 633 3661 da
648 3605 728 3659 nobis
743 3604 838 3660 bodie.
864 3623 876 3655 ι
933 3606 975 3653 tur
989 3597 1062 3671 gulae
1076 3597 1228 3653 remedium
1241 3598 1398 3670 opponitur,
1415 3598 1519 3655 scilicet
1539 3597 1659 3669 Spiritus
1688 3597 1735 3653 iu·

79 3703 196 3759 Tristitia
216 3718 336 3775 namque
363 3703 473 3758 taedium
492 3710 535 3757 est
561 3702 645 3757 animi
672 3717 732 3758 cnm
748 3716 878 3768 maerore,
933 3686 1103 3760 00010000·
1122 3688 1166 3743 00
1193 3687 1295 3757 000000
1314 3686 1613 3761 000000000001100000
1627 3686 1738 3742 000000·

81 3793 192 3863 φηῃᾱο
207 3808 295 3857 mens,
323 3791 526 3864 quodammodo
542 3789 677 3846 tabefacta
693 3799 721 3845 οι
748 3790 815 3845 pipp,
831 3804 881 3847 suo
933 3775 1076 3833 uecordia
1103 3774 1234 3831 nascitur.
1251 3775 1384 3832 blanditia
1412 3791 1478 3833 vero
1493 3775 1588 3831 cordis
1602 3774 1739 3831 visionem

81 3881 240 3946 amaricata,
259 3881 365 3936 interna
394 3882 467 3935 bona
482 3895 536 3935 non
560 3879 673 3951 appetit,
698 3886 779 3951 atque
805 3880 880 3935 omni
934 3875 1185 3947 Deipromeretur;
1201 3874 1272 3931 sicut
1286 3874 1417 3946 scriptum
1433 3881 1498 3929 est:
1518 3896 1529 3922 v
1545 3873 1619 3929 Beati
1635 3873 1738 3931 mundo

82 3977 179 4050 vigore
193 3985 236 4033 εει
250 3984 367 4044 mortua,
384 3976 460 4032 nullo
473 3975 622 4046 spiritualis
643 3975 800 4032 refectionis
827 3976 881 4034 de·
933 3964 1026 4031 0⁰fd02
1041 3963 1171 4036 (10000000
1185 3962 1238 4033 0000
1252 3963 1342 4019 00000
1356 3962 1487 4018 00000000
1499 3961 1612 4029 1010000·
1627 3963 1683 4031 V)·¹·

84 4066 187 4122 siderio
201 4065 347 4121 hilarescit.
374 4066 521 4136 Propterea
535 4065 571 4121 ad
585 4064 738 4120 sanandum
767 4066 821 4122 hoc
839 4065 882 4122 vi·
972 4061 1091 4132 Septima
1105 4060 1200 4132 petitio
1215 4067 1257 4115 est
1271 4067 1371 4115 contra
1385 4058 1531 4125 luxuriam,
1547 4058 1712 4130 quedicitur
1730 4076 1739 4116 ι

85 4153 151 4210 tium
173 4153 318 4225 deprecari
331 4168 382 4208 nos
404 4161 512 4223 oportet
534 4152 753 4210 misericordiam
781 4154 883 4221 Dei,nt
939 4149 1129 4205 «biberanos
1144 4163 1161 4203 a
1175 4147 1288 4203 malo·
1320 4146 1523 4203 Convenienter
1553 4161 1623 4202 sane
1639 4162 1738 4204 servus

85 4242 147 4315 ipsa
160 4242 239 4298 solita
264 4242 363 4314 pietate
377 4241 474 4297 animae
487 4241 569 4298 taedio
582 4257 632 4298 suo
646 4241 786 4315 languenti
801 4243 885 4299 iuter·
936 4246 1090 4302 libertatem
1105 4244 1180 4316 petit,
1197 4252 1225 4301 et
1239 4243 1343 4301 idcirco
1352 4244 1421 4301 bule
1438 4242 1564 4317 petitioni
1578 4243 1660 4300 datur
1673 4244 1738 4317 Spi-

85 4357 129 4397 nea
152 4339 307 4397 refectionis
334 4340 464 4410 pabulum
492 4340 646 4406 admoveat,
677 4348 707 4395 ut
720 4341 793 4413 quod
822 4340 884 4412 ipsa
937 4335 1008 4390 ritus
1031 4335 1181 4405 sapientise,
1214 4333 1260 4405 qni
1284 4335 1418 4389 amissam
1447 4332 1554 4405 captivo
1577 4333 1738 4390 libertatem

84 4429 186 4495 absens
212 4431 299 4485 nescit
322 4437 464 4500 appetere,
484 4436 566 4502 gustu
595 4428 791 4485 misericordiae
811 4446 921 4509 pra-D
936 4424 1070 4491 restituat,
1086 4431 1110 4478 et
1118 4423 1215 4496 jugum
1224 4422 1326 4495 iniquae
1340 4422 1535 4478 dominationis
1545 4423 1619 4495 qnod
1629 4422 1686 4479 suis
1697 4423 1740 4479 vi-

85 4518 170 4575 sentis
184 4517 327 4574 admonita
342 4518 455 4589 incipiat
468 4532 574 4573 amare.
609 4519 697 4574 batur
724 4534 791 4589 ergo
821 4519 883 4578 huic
939 4522 1081 4578 ribusnou
1107 4520 1201 4585 valuit,
1217 4520 1398 4593 pergratiam
1421 4521 1529 4591 adjutus
1544 4522 1655 4578 evadat.
1688 4522 1740 4578 Sa·

84 4616 209 4689 petitioni
233 4614 348 4687 Spiritus
367 4613 540 4683 fortitudinis,
568 4622 597 4669 nt
624 4614 796 4672 fatiscentem
823 4616 885 4671 ani·
939 4610 1040 4682 pientia
1067 4625 1186 4682 namque
1201 4625 1218 4665 a
1232 4626 1331 4680 sapore
1356 4609 1466 4679 dicitur,
1484 4625 1546 4666 cum
1566 4618 1740 4682 mensgustn

84 4703 268 4775 mamexigat,
297 4712 431 4775 quatenus
446 4703 494 4758 ills
521 4703 629 4774 pristini
656 4704 760 4775 vigoris
787 4704 887 4762 virtute
939 4701 1052 4757 internae
1064 4699 1215 4755 dulcedinis
1245 4706 1326 4779 tacta,¹
1356 4706 1481 4755 totamse
1507 4714 1557 4771 per
1570 4696 1741 4753 desiderium

84 4801 237 4865 receptae
264 4791 372 4848 defectu
386 4792 429 4847 sui
455 4791 526 4847 taedii
540 4792 574 4845 ad
593 4791 762 4848 desiderium
786 4792 887 4849 interni
940 4788 1011 4844 intus
1026 4788 1140 4861 colligit,
1157 4803 1209 4844 nec
1224 4787 1359 4858 farisiam
1379 4795 1505 4843 enervata
1521 4789 1549 4842 in
1577 4786 1670 4843 carnis
1692 4801 1741 4843 vo·

84 4891 188 4947 amoris
202 4889 384 4947 convalescat.
401 4890 483 4945 Creat
495 4906 567 4961 ergo
583 4889 703 4960 Spiritus
718 4890 886 4946 fortitudinis
939 4887 1044 4957 luptete
1058 4886 1224 4950 dissolvitur,
1243 4884 1306 4955 quia
1321 4892 1405 4940 totum
1420 4885 1493 4939 intus
1507 4882 1629 4954 possidet
1642 4883 1670 4938 in
1685 4898 1741 4956 quo

85 4980 115 5037 in
129 4979 214 5036 corde
229 4979 329 5034 famem
340 4977 461 5048 justitiae,
473 4986 512 5043 ut,
524 4978 588 5033 dum
599 4978 643 5035 bic
658 4995 708 5049 per
717 4978 886 5036 desiderium
941 4977 1100 5033 delectatur.
1131 4974 1259 5046 congrue
1280 4974 1364 5046 igitur
1378 4980 1473 5029 contra
1502 4972 1669 5029 exteriorem
1692 4988 1741 5030 vo·

85 5068 196 5141 pietatis
222 5067 327 5124 fortiter
337 5068 503 5133 accenditur,
534 5067 589 5122 illic
604 5083 655 5138 pro
684 5068 799 5139 praemio
826 5068 887 5140 ple-
940 5075 1072 5147 luptatem
1083 5076 1195 5131 interior
1208 5072 1326 5129 dulcedo
1341 5071 1498 5143 opponitur,
1514 5081 1543 5128 ut
1560 5081 1663 5143 quanto
1680 5072 1743 5146 plus

86 5174 152 5214 0000
167 5157 340 5213 0000000000
355 5157 507 5212 0000000000
522 5162 723 5228 0000010000·
941 5174 989 5229 1111
1004 5189 1100 5244 sapere
1114 5180 1141 5229 ει
1155 5171 1264 5245 ριεεειε
1278 5170 1430 5242 increparit,
1444 5177 1520 5225 tanto
1532 5170 1645 5227 liberius
1657 5182 1742 5245 atque

123 5278 224 5349 Quinta
247 5279 342 5351 petitio
356 5286 398 5335 est
412 5286 508 5336 contra
521 5280 679 5346 avaritiam,
694 5296 751 5351 ¹qua
765 5280 865 5338 dicitur
878 5296 886 5338 ι
941 5270 1074 5328 0000000
1089 5268 1143 5325 0000
1171 5268 1346 5335 00000010οῑ1
1362 5267 1527 5338 0000000100
1542 5266 1569 5325 00
1597 5268 1744 5341 0000001000

88 5391 102 5421 s
133 5367 887 5435 11111111111111111,1111111111-
942 5353 1508 5429 1111111101111111110111010
1538 5357 1612 5429 evod
1626 5366 1744 5429 appetu,

86 5474 150 5515 mus
175 5456 347 5513 debitoribus
369 5458 484 5513 nostris.
504 5480 516 5507 ι
546 5458 655 5513 lustum
670 5458 744 5514 enim
760 5467 805 5515 εει
818 5466 847 5515 ιιι
861 5459 890 5515 11
942 5456 999 5504 0000
1012 5463 1062 5519 000
1075 5461 1201 5502 00000000
1212 5444 1286 5500 00000
1299 5444 1468 5517 0010000000·
1487 5444 1604 5517 8100000
1617 5461 1684 5520 0010
1698 5462 1747 5503 00·

87 5546 232 5605 reddendo
245 5546 337 5603 debito
349 5559 403 5602 non
418 5545 516 5602 debeat
530 5560 594 5602 esse
607 5546 719 5615 anxins,
734 5547 781 5620 qui
795 5546 823 5603 in
833 5546 891 5604 exi·
942 5544 1051 5618 pienter
1064 5557 1114 5602 cor
1128 5558 1181 5599 sua
1197 5540 1348 5599 dulcedine
1371 5548 1498 5615 tangam,
1523 5550 1551 5599 et
1565 5542 1635 5600 foris
1645 5558 1749 5601 coneu-

89 5642 184 5719 gando
197 5640 389 5699 nolueritesse
417 5654 525 5697 avarus.
540 5640 574 5697 m
600 5640 664 5699 ideo
691 5656 785 5700 cuma
811 5642 891 5701 nobis
944 5642 1085 5716 piscantia
1113 5641 1245 5700 ardorem
1272 5646 1423 5713 temperat,
1452 5646 1486 5695 ει
1508 5640 1612 5705 sonsa
1635 5634 1778 5695 maenaa.
1865 5710 1871 5715 -

88 5746 141 5807 per
153 5730 205 5789 bei
218 5730 338 5807 gratiam
352 5729 446 5787 vidum
459 5728 582 5787 araride
603 5730 716 5801 tolbtur,
743 5731 861 5807 qualiter
874 5724 1381 5807 e''‘seeut·utntuspaeeuesea,
1394 5710 1821 5796 qnatenusammmut„
1876 5718 1885 5761 ·,
