3780 6038
57 200 108 256 tas

690 189 881 247 EPISTOLAE.
901 219 936 230 ·-
951 185 1014 247 tta.
1035 190 1070 248 ι’.

1657 202 1709 258 tat

57 332 147 396 potest
161 338 217 381 non
231 320 405 396 praecipitari,
421 329 448 377 at
467 319 513 392 qui
526 318 585 390 ejus
613 318 735 391 repletur
763 318 857 374 dulce·
873 318 898 379 Α
913 316 1015 373 inventi
1028 326 1108 383 suut;
1126 328 1153 375 at
1169 336 1249 378 nemo
1259 339 1379 396 unquam
1391 340 1421 381 se
1431 339 1481 395 pro
1493 323 1707 399 Deopauperem

57 414 128 477 dine,
146 428 202 470 uon
216 420 305 485 potest
321 428 375 468 non
397 409 556 466 amaricari.
588 409 656 463 Vere
683 408 803 481 graviter
830 413 857 463 et

56 509 173 563 multum
209 508 331 581 graviter
352 506 545 579 praecipitatur,
575 505 620 577 qui
649 505 779 559 mundum
808 520 857 575 per

57 598 135 653 deria
149 614 279 669 sequens,
294 597 365 651 illius
379 611 474 651 amora
489 595 628 664 deceptus,
640 594 703 661 sire,
713 609 795 665 quam
807 608 856 664 per

58 685 236 756 semetipsam
251 685 352 741 veritas
365 684 467 750 docuit,
480 692 613 739 caemento
636 681 776 738 charitatis
802 696 856 737 non

55 783 189 855 jungitur.
209 782 348 838 lllaetiam
359 780 722 845 vehementeramaricatur,
738 779 782 835 cui
791 779 855 833 dum

57 888 182 944 praesens
197 871 326 927 saeculum
340 870 532 942 prosperitatis
546 869 692 925 dulcedine
708 868 855 934 blanditur,

57 960 81 1017 in
92 960 308 1016 amaritudinem
323 959 438 1016 vertitur
453 958 515 1014 vitis
530 959 636 1024 alienae,
653 966 679 1013 et
695 957 759 1029 quia
783 972 857 1013 rerae

57 1050 101 1107 riti
115 1050 228 1106 Christo
242 1048 327 1105 inseri
342 1049 439 1117 noluit,
454 1057 483 1104 ut
497 1048 601 1120 palmes
617 1046 703 1113 fieret,
721 1046 756 1101 ab
784 1046 854 1117 ipso,

57 1157 83 1204 ut
96 1156 270 1204 sarmentum
286 1146 341 1215 liat,
357 1146 525 1219 praeciditur.
547 1146 634 1212 Viam,
652 1160 733 1216 quam
748 1143 857 1214 specia-

57 1237 116 1293 liter
130 1253 165 1293 ac
181 1236 359 1308 singulariter
373 1236 518 1292 tenendam
542 1236 598 1291 rita
627 1233 720 1289 docuit
746 1240 856 1301 aeterna,

58 1324 161 1380 utinam
178 1325 248 1382 sicut
263 1325 392 1396 ignorare
406 1340 461 1381 non
475 1339 630 1395 possumus,
646 1323 681 1377 ita
703 1337 757 1378 non
780 1322 856 1378 acci-

58 1430 121 1486 pere
135 1430 193 1470 nou
208 1429 363 1486 possemus,
379 1419 405 1469 et
419 1422 511 1469 tenere
527 1412 659 1468 vellemus
671 1411 678 1467 l
691 1411 741 1467 Via
764 1410 856 1482 utique

57 1511 102 1567 illa
116 1512 178 1569 baec
191 1520 243 1580 εει,
259 1527 313 1567 non
329 1510 419 1567 solum
434 1527 494 1582 quae
509 1526 558 1566 sus
582 1518 644 1566 sunt
667 1508 767 1565 Christi
791 1524 856 1580 pau-

57 1601 311 1673 peribuserogare,
332 1600 381 1655 sed
404 1615 455 1670 pro
484 1599 593 1654 Christo
623 1599 706 1653 etiam
736 1599 856 1669 seipsum

911 405 983 469 lecit,
1001 414 1027 461 et
1043 408 1130 463 Deum
1144 410 1245 467 habere
1259 413 1391 484 nequivit.
1424 414 1501 471 Unde
1531 414 1662 472 Salvator
1679 416 1709 473 in

911 495 1071 567 Evangelio,
1087 512 1146 552 cum
1164 500 1264 555 Petrus
1277 517 1306 556 sc
1327 509 1354 557 et
1369 502 1438 557 alios
1452 502 1602 574 discipulos
1616 505 1709 561 omnia

910 583 1063 654 reliquisse,
1077 594 1103 639 et
1117 586 1192 641 illum
1215 597 1322 645 secutos
1345 607 1407 646 esse
1433 590 1558 658 dixisset,
1589 608 1644 648 non
1672 596 1708 650 ad

911 671 963 725 boc
978 672 1040 742 quia
1054 674 1143 729 omnia
1158 676 1333 748 reliquerant,
1351 680 1400 734 sed
1417 680 1453 734 ad
1476 682 1527 736 buc
1555 682 1617 753 quia
1645 698 1708 738 eum

911 761 996 814 secuti
1021 761 1134 832 luerant,
1160 766 1311 833 respondit,
1341 777 1367 823 et
1395 768 1458 823 inde
1481 768 1536 824 illis
1564 771 1706 840 praemium

911 856 1020 905 aeterne
1035 850 1221 908 retributionis
1233 855 1364 924 promisit.
1376 855 1456 925 Quod
1466 858 1559 929 utique
1575 859 1707 914 Dominus

911 953 964 993 non
981 937 1100 1004 lecisset,
1116 942 1138 995 si
1154 942 1235 998 homo
1262 960 1311 1014 pro
1338 945 1397 1001 sula
1424 961 1517 1001 rerum
1548 947 1707 1005 dimissione

911 1027 999 1081 Deum
1014 1027 1115 1084 habere
1130 1029 1272 1100 potuisset.
1285 1033 1332 1088 llle
1347 1040 1441 1089 tamen
1452 1051 1500 1106 pro
1510 1035 1707 1108 serelinquere

910 1115 1003 1170 omnia
1017 1133 1071 1171 non
1085 1119 1260 1189 reprobarit;
1277 1121 1324 1175 sed
1340 1121 1417 1188 illud,
1435 1121 1482 1178 ubi
1495 1131 1601 1179 certam
1613 1125 1705 1181 bomi-

910 1204 953 1259 nis
968 1204 1082 1260 salutem
1097 1206 1209 1273 sciebat,
1225 1209 1401 1279 approbavit.
1421 1211 1454 1265 Et
1466 1227 1517 1267 nos
1534 1211 1625 1285 itaque
1653 1230 1706 1285 pro

910 1292 968 1349 Deo
983 1293 1138 1366 relinquere
1153 1295 1254 1362 omnia,
1268 1306 1294 1352 et
1308 1313 1446 1369 pauperes
1457 1316 1591 1367 recreare,
1622 1304 1701 1371 241

910 1382 971 1454 quia
986 1382 1086 1437 bunum
1100 1390 1151 1449 est,
1169 1401 1225 1440 non
1244 1387 1421 1457 reprobamus
1438 1407 1444 1455 ;
1462 1389 1511 1443 sed
1526 1389 1706 1460 quodmelius

909 1476 962 1538 est,
980 1472 1099 1527 l'eritate
1114 1473 1240 1543 docente,
1252 1475 1434 1546 approbamus
1444 1484 1471 1532 et
1480 1493 1575 1533 omues
1586 1487 1612 1534 et
1621 1477 1707 1534 maxi-

909 1576 953 1615 me
983 1562 1085 1617 amicos
1114 1570 1235 1629 nostros,
1264 1565 1386 1619 utrium
1416 1565 1577 1623 indubitate
1613 1567 1707 1624 salutis

58 1688 489 1762 abnegatapauperibus239
506 1688 578 1759 quod
601 1704 679 1743 suum
706 1695 747 1743 es,
774 1658 1029 1756 da1·0‚B‘⁰¹¹⁰³⁰t¹
1042 1667 1175 1723 germana
1202 1652 1336 1708 charitate
1365 1670 1504 1724 rogamus,
1532 1664 1558 1712 et
1585 1657 1707 1729 rogando

58 1778 141 1833 virtus
156 1785 200 1834 est
221 1776 409 1848 perfectionis.
444 1778 518 1833 Licet
546 1776 617 1833 enim
645 1776 739 1832 omnia
765 1784 858 1832 uestra

59 1867 228 1939 pauperibus
242 1866 425 1932 conteramus,
438 1866 519 1921 nobis
533 1865 667 1937 prodesse
681 1882 734 1920 non
745 1864 855 1936 poterit,

58 1958 79 2012 si
93 1973 145 2013 nos
161 1957 220 2012 Deo
235 1955 396 2022 auserimuS,
409 1956 599 2024 cujussumus.
612 1953 728 2023 Quando
739 1955 813 2009 Deus
824 1970 857 2009 ex

56 2056 213 2112 limoterrae
228 2054 451 2121 bominemiecit‚
465 2054 500 2108 ad
515 2054 663 2109 hocl'actus
678 2060 730 2120 est,
746 2060 773 2107 ut
788 2050 857 2107 diri-

56 2145 107 2200 tias
121 2144 182 2200 siue
196 2142 251 2200 fine
266 2160 412 2199 mansuras
428 2159 490 2200 curu
505 2142 552 2198 illo
567 2142 721 2214 possideret
735 2140 762 2195 iu
773 2139 855 2209 coelo,

56 2262 109 2302 non
124 2254 154 2301 ut
167 2246 279 2302 diritius
294 2247 382 2302 subito
398 2246 534 2317 perituras
548 2244 718 2315 pauperibus
743 2243 857 2299 donaret

57 2335 83 2390 iu
98 2334 217 2391 saeculo.
237 2336 335 2391 l‘ostea
350 2351 415 2391 veru
444 2350 505 2390 curn
534 2333 634 2388 salsam
660 2331 855 2387 beatitudiuem

57 2443 200 2506 appetens,
217 2441 243 2488 ει
252 2448 344 2489 veram
355 2432 494 2487 miseriam
508 2432 659 2499 inveniens,
668 2431 704 2487 de
713 2430 856 2486 altitudine

57 2539 129 2579 rerae
144 2522 322 2577 beatitudinis
337 2522 419 2576 homo
434 2520 591 2577 contractus
604 2519 713 2585 cecidit,
725 2521 800 2574 Deus
811 2519 858 2590 qui

57 2629 118 2668 eum
133 2609 474 2678 creaverat,ejusmiseriae
484 2607 770 2681 compassus,eollegit
783 2601 857 2663 irac-

911 1754 1062 1796 monemus.
1077 1741 1141 1796 llaec
1155 1750 1244 1796 autem
1256 1741 1412 1813 deprecatio
1436 1753 1529 1800 nostra
1544 1744 1588 1802 vel
1604 1748 1706 1803 exhor-

911 1829 976 1883 tatio
991 1829 1013 1882 si
1028 1829 1219 1889 contemnitur.
1236 1833 1332 1887 merito
1347 1832 1451 1904 culpari
1468 1849 1521 1889 non
1545 1850 1705 1908 possumus,

910 1917 959 1972 sed
973 1932 1021 1972 eos
1036 1917 1177 1990 plangere,
1194 1927 1220 1973 et
1235 1920 1347 1990 deipsis
1362 1937 1417 1977 nou
1425 1922 1601 1979 mediocriter
1610 1924 1706 1983 dolere

910 2005 1052 2075 debemus,
1069 2008 1115 2078 qui
1130 2007 1164 2062 de
1180 2015 1252 2063 tanto
1269 2018 1424 2081 contemptu
1440 2012 1557 2066 esistunt
1580 2013 1706 2085 culpabi·

909 2094 959 2159 les,
977 2102 1003 2150 et
1018 2096 1107 2150 minus
1121 2112 1236 2168 capaces
1251 2095 1363 2155 rationis
1378 2114 1440 2154 esse
1461 2099 1595 2168 videntur,
1624 2117 1708 2175 quam

909 2184 1043 2254 pecudes.
1063 2184 1185 2240 Pecudes
1214 2186 1288 2240 euim
1317 2202 1420 2257 pascua
1446 2189 1560 2245 meliora
1588 2190 1707 2247 libenter

910 2280 1081 2343 appetunt,et
1091 2274 1126 2329 sd
1135 2273 1181 2329 illa
1192 2274 1282 2330 minus
1291 2276 1364 2331 bons
1374 2276 1443 2332 sorte
1454 2277 1596 2348 ducantur,
1608 2280 1707 2352 quibus

909 2361 1000 2417 valent
1029 2363 1152 2418 mutibus
1176 2365 1373 2420 contradicunt.
1403 2366 1470 2421 Cum
1498 2367 1584 2440 igitur
1611 2369 1706 2439 homo,

910 2466 991 2522 quem
1007 2450 1127 2506 formans
1138 2452 1273 2508 Dominus
1284 2469 1338 2508 non
1350 2453 1438 2509 solum
1450 2455 1610 2513 rationalem
1632 2457 1708 2527 lecit,

911 2554 1002 2594 rerum
1017 2539 1100 2595 etiam
1115 2540 1138 2595 si
1149 2540 1267 2612 sigillum
1278 2559 1336 2597 suoe
1344 2543 1469 2616 imaginis
1478 2552 1504 2600 ει
1522 2546 1708 2604 similitudinis

910 2627 1060 2699 impressit,
1078 2630 1168 2685 rideat
1196 2631 1332 2698 animalia,
1363 2648 1424 2704 quae
1451 2641 1558 2690 creator
1585 2637 1708 2693 omnium

57 2705 857 2781 ‘umbssliffne⁰h⁰l5¹⁸¹l⁸0⁰ssflflliite²l⁰0d0¹¹¹¹¹i⁰⁰00¹1·
911 2726 1098 2773 creaturarum
1115 2718 1311 2775 irrationabilia
1334 2721 1449 2790 crearit,
1479 2725 1600 2795 propriae
1627 2726 1709 2783 saluti

58 2798 174 2854 simum
184 2796 280 2861 fumis
293 2797 429 2869 integrum
441 2795 514 2851 seffl-
527 2796 556 2849 ¹¹¹
567 2810 620 2867 qua
632 2810 689 2850 ΜΒ
707 2794 856 2850 issaesfifflss·
912 2807 1068 2878 providere,
1085 2815 1110 2864 et
1126 2808 1249 2863 melioris
1265 2809 1389 2865 utilitatis
1401 2827 1494 2878 causa,
1523 2815 1628 2884 pastori
1655 2832 1707 2874 suo

59 2886 119 2941 bitis
134 2885 290 2942 dilectionis
308 2884 467 2955 operatione
483 2884 543 2955 pius
559 2883 701 2951 Dominus,
718 2882 858 2955 nonquod
912 2894 995 2951 00qu
1009 2903 1036 2950 er
1051 2910 1170 2966 empore
1184 2895 1307 2961 obedire,
1336 2896 1426 2954 vitm
1454 2899 1545 2955 minus
1572 2903 1654 2970 bona,
1678 2911 1708 2959 ut

58 2985 139 3041 bomo
154 2985 283 3052 babebat,
300 2985 349 3040 sed
359 2984 431 3055 quod
441 2984 524 3038 homo
535 2990 603 3049 erat,
615 2998 671 3037 non
684 2982 793 3054 quidem
807 2996 857 3038 sua
871 3027 896 3091 C
911 2984 1025 3039 meliora
1039 2983 1149 3038 valeant
1163 2983 1284 3040 invenire
1299 3000 1306 3040 :
1324 2985 1347 3039 si
1360 2986 1411 3041 Dei
1427 2995 1453 3042 et
1468 2988 1576 3043 Domini
1591 2991 1707 3047 suicon-

59 3074 236 3139 necessitate,
253 3073 303 3128 sed
318 3073 436 3128 bominis
450 3072 574 3138 utilitate,
584 3070 718 3143 quaesivit.
731 3071 857 3141 Seipsum
911 3071 982 3138 silio,
998 3071 1040 3126 vel
1054 3080 1191 3142 praecepto
1206 3072 1268 3129 duci
1282 3087 1336 3128 non
1351 3075 1458 3144 patitur,
1475 3076 1570 3133 saltem
1595 3079 1707 3149 pecudis

57 3188 104 3244 pro
118 3171 234 3228 homine
249 3170 323 3227 dedit
339 3171 421 3237 Deus,
438 3185 487 3241 pro
503 3169 612 3225 bomine
628 3167 715 3225 sactus
726 3169 819 3236 homo,
832 3176 858 3224 et
911 3161 1037 3231 exemplo
1051 3159 1085 3215 ad
1102 3161 1217 3216 meliora
1237 3170 1400 3233 provocetur
1418 3178 1424 3218 :
1450 3164 1586 3237 relinquat
1606 3168 1702 3222 transi-

57 3276 119 3318 tum
134 3261 170 3315 de
185 3259 265 3333 plaga
275 3258 378 3325 lateris,
394 3259 450 3315 imo
464 3258 598 3330 potiusde
609 3273 679 3314 rena
694 3274 750 3312 suae
761 3257 858 3313 dulcis·
912 3249 991 3317 ῑθϊῑᾶι
1008 3265 1068 3305 cum
1085 3250 1183 3322 quibus
1195 3265 1244 3320 pro
1259 3259 1334 3307 ⁰0l²0
1344 3262 1371 3306 θῑ
1386 3252 1445 3324 ipse
1460 3254 1608 3322 transierit,
1638 3272 1709 3328 qut·

58 3359 133 3415 simae
147 3357 290 3415 charitatis
304 3373 355 3428 pro
366 3357 476 3412 bomine
487 3355 603 3413 incruce
614 3355 740 3411 funderet
751 3354 859 3427 sangui·
912 3344 991 3394 tenus
1006 3347 1108 3394 aeleffiss
1122 3338 1245 3395 invenite
1270 3348 1416 3396 Πιῡιθθῑιιι·
1451 3341 1523 3397 Salis
1551 3351 1642 3400 lamen
1667 3352 1710 3402 est

57 3473 119 3513 „em
129 3455 285 3529 proprium,
295 3453 341 3509 paq
352 3453 664 3510 commemqohomqnem
675 3453 856 3524 comparavit,
912 3427 1010 3484 melius
1021 3427 1159 3484 hominem
1174 3429 1337 3485 rationalem
1352 3430 1489 3488 rationalis
1503 3432 1644 3505 sapientias
1658 3434 1710 3492 Dei

59 3563 112 3603 „00
125 3544 249 3601 hominis
265 3559 388 3601 censum,
399 3542 508 3598 Reddat
521 3542 605 3616 igitur
617 3543 710 3611 homo,
725 3558 776 3599 nec
791 3542 858 3599 red,
912 3517 974 3574 duci
989 3517 1113 3585 consilio,
1133 3534 1213 3590 qnam
1239 3518 1370 3576 insensati
1398 3528 1424 3576 et
1445 3508 1620 3579 irrationalis
1647 3525 1708 3580 ani·

58 3641 123 3698 dere
138 3638 250 3697 differat
264 3639 322 3695 Deo
333 3638 463 3710 seipsum,
480 3638 576 3695 credat
591 3654 620 3693 se
649 3637 708 3706 ejus
736 3639 859 3709 pretioso

58 3729 193 3803 sanguiue
208 3737 329 3801 emptum
345 3727 561 3784 misericorditer
575 3731 602 3784 et
616 3728 799 3801 redemptum,
808 3744 860 3786 uec

60 3845 88 3885 se
101 3828 142 3883 illi
158 3827 287 3899 praeierat
302 3826 349 3899 qui
365 3825 611 3896 eumrcdcmit,sed
620 3824 647 3881 id
658 3826 747 3898 potius
759 3826 860 3882 tribuat

59 3916 194 3990 quisdille
222 3916 341 3972 maxime
366 3915 473 3988 quaerit.
506 3915 638 3985 lujustum
667 3924 708 3971 est
729 3915 801 3973 enim
830 3924 859 3972 ut

58 4006 140 4062 bomo
155 4022 186 4061 se
201 4005 260 4061 Deo
275 4003 390 4071 auferat,
406 4020 487 4076 quem
500 4006 576 4060 tanto
589 4004 679 4076 pretio
693 4004 856 4077 acquisivit,

60 4105 143 4173 240
159 4102 209 4158 scd
222 4102 359 4157 Creatoris
373 4101 415 4156 sui
442 4110 467 4157 et
496 4101 686 4173 Redemptoris
710 4102 859 4176 diligenter

60 4202 155 4249 tenens
170 4189 324 4254 consilium,
338 4205 389 4244 sua
403 4189 495 4245 omnia
510 4206 558 4261 pro
573 4190 631 4259 ejus
646 4206 742 4247 amore
771 4192 857 4248 relin-

59 4297 134 4362 quat,
150 4297 177 4344 et
193 4288 326 4358 seipsum,
355 4286 417 4359 quia
445 4286 507 4343 licet
534 4286 625 4342 ornnia
648 4288 798 4361 reliquerit,
823 4290 858 4345 ad

57 4376 273 4451 conquirendam
288 4375 403 4431 salutem
418 4384 549 4431 aternam
563 4375 618 4430 sibi
640 4392 695 4432 non
721 4378 855 4449 proderit,
871 4391 898 4452 D
913 4409 1063 4464 invenisse,

58 4467 109 4522 uisi
135 4466 239 4522 mundo
266 4465 425 4521 renuntians
453 4464 590 4520 Christum
615 4473 757 4537 sequatur,
788 4468 859 4523 sicut

58 4563 229 4637 sequendum
244 4579 273 4618 se
288 4562 389 4619 docuit.
401 4561 540 4618 Christum
556 4562 634 4635 sequi
648 4563 766 4620 simulet
781 4581 858 4619 mun-

58 4662 122 4717 dum
137 4667 180 4717 est
193 4659 373 4729 impossibile.
390 4659 466 4715 Unde
483 4659 507 4714 si
532 4660 612 4715 nobis
641 4677 696 4716 uon
724 4661 857 4732 creditur,

59 4751 95 4805 illi
111 4749 209 4805 saltem
225 4748 361 4815 credatur,
376 4748 422 4819 qui
437 4763 492 4804 non
506 4749 646 4816 mentitur,
664 4749 710 4821 qui
725 4749 752 4804 in
767 4751 860 4805 Even-

58 4848 131 4919 gelio
140 4847 221 4911 dicit;
232 4846 391 4913 Quicnemo
397 4849 488 4917 polest
500 4847 734 4905 duobusdominis
754 4850 859 4905 seruire

59 4937 171 5005 (natta.
181 4951 221 5000 ιν,
246 4936 301 5003 att,
314 4934 372 4990 Deo
382 4934 510 4991 uidelicet
519 4937 662 4992 etmundu.
676 4936 858 4993 liberalitates

59 5024 297 5095 eleemosynarum
307 5023 475 5095 pauperibus
490 5024 573 5081 lactas
589 5025 661 5080 obsit
673 5033 701 5080 ut
715 5026 856 5098 vitupere-

60 5139 119 5178 mus
135 5123 142 5178 1
160 5121 211 5177 sed
225 5120 353 5177 divitibus
368 5122 448 5191 hujus
457 5123 550 5180 saecoli
563 5124 617 5179 boc
632 5122 761 5179 daremus
789 5140 858 5181 con·

60 5213 161 5278 silium,
178 5211 202 5266 si
211 5210 292 5266 nobis
306 5211 481 5284 acquiescere
495 5213 606 5281 vellent,
624 5220 653 5268 ut
668 5222 777 5270 reutras
790 5231 858 5286 pau·

58 5318 154 5374 perum
170 5301 271 5357 borres
285 5299 415 5370 iacerent,
432 5316 466 5356 ne
479 5317 614 5373 pauperes
629 5301 712 5371 lame,
728 5318 779 5359 uec
803 5304 858 5374 ipsi

59 5398 205 5455 tenacitate
218 5397 355 5469 perirent.
374 5395 452 5453 Certa
465 5413 602 5469 pauperes
616 5414 730 5470 pascere
752 5400 856 5472 proba-

60 5485 113 5543 bile
127 5493 171 5543 est
181 5504 190 5553 ;
201 5485 253 5541 sed
266 5485 347 5542 valde
356 5482 526 5558 probabilius
539 5502 568 5543 se
576 5502 628 5558 pro
639 5487 697 5545 Deo
707 5504 857 5561 pauperem

61 5579 164 5640 iacere.
184 5579 262 5638 llulti
274 5582 348 5638 enirn
362 5591 390 5639 et
410 5597 544 5655 pauperes
565 5592 709 5657 pararunt,
732 5585 857 5659 relique·

60 5678 125 5731 runt
137 5670 242 5745 omnis,
256 5668 307 5729 ssd
319 5669 383 5747 quia
395 5686 427 5731 εε
449 5680 641 5747 sarraremnt,
661 5672 715 5731 sibi
735 5674 857 5734 damnati

912 3606 993 3662 malis
1005 3607 1152 3678 provocari
1166 3608 1303 3680 exemplo.
1323 3611 1445 3666 Ducatur
1476 3611 1566 3684 itaque
1594 3613 1709 3670 consilio

913 3696 973 3761 Dei,
990 3696 1109 3768 seipsum
1124 3713 1175 3768 pro
1189 3698 1248 3766 ejus
1263 3714 1354 3754 aurore
1368 3715 1515 3772 pauperem
1529 3700 1650 3769 laciens3
1663 3702 1710 3775 qui

912 3785 1075 3841 nonidcirco
1086 3786 1313 3843 reconciliationis
1327 3787 1425 3859 opibus
1440 3805 1490 3845 nos
1507 3792 1588 3859 242
1600 3792 1707 3860 ditavit,

913 3874 980 3947 quia
990 3890 1124 3946 pauperes
1150 3874 1234 3944 parit,
1265 3876 1391 3947 quamvis
1420 3878 1522 3933 bonum
1548 3888 1631 3950 esset,
1659 3880 1709 3937 sad

914 3963 974 4034 quin
987 3979 1018 4019 se
1032 3979 1082 4034 pro
1097 3962 1175 4018 nobis
1186 3980 1336 4035 pauperem
1350 3964 1422 4021 lecit.
1447 3966 1476 4022 Si
1488 3967 1559 4022 enim
1575 3969 1708 4026 Dominus

913 4052 941 4107 in
955 4052 1057 4107 mundo
1068 4051 1145 4107 dires
1161 4051 1218 4109 fieri
1233 4052 1373 4121 voluisset,
1392 4054 1485 4109 militia
1502 4056 1595 4127 utique
1609 4073 1658 4114 sua
1673 4074 1709 4115 ne

911 4141 1013 4196 ludaeis
1028 4142 1187 4208 traderetur,
1204 4144 1274 4197 sicut
1288 4142 1347 4214 ipse
1361 4142 1388 4197 in
1404 4143 1556 4215 Evangelio
1566 4145 1640 4213 dicit,
1656 4163 1709 4218 pro

912 4230 959 4285 illo
973 4231 1150 4301 decertasset,
1166 4246 1217 4287 nec
1231 4247 1280 4302 pro
1308 4232 1390 4287 nobis
1413 4231 1534 4305 cruciligi
1564 4234 1707 4306 potuisset,

912 4319 1056 4376 necmori.
1074 4321 1108 4376 Et
1134 4321 1199 4393 quia
1229 4322 1344 4377 bumana
1372 4320 1484 4377 miseria
1513 4322 1624 4381 aliunde
1653 4340 1708 4382 uon

1090 4408 1260 4483 suffragium,
1288 4411 1456 4467 miserorum
1487 4413 1623 4470 caruisset
1655 4414 1710 4472 stne

912 4498 1084 4569 supplicium,
1101 4498 1128 4554 Si
1144 4500 1183 4553 its
1198 4508 1249 4566 est,
1266 4499 1321 4555 imo
1336 4499 1398 4572 quia
1415 4502 1553 4558 veraciter
1581 4503 1619 4559 ita
1647 4520 1710 4561 esse

912 4586 1043 4653 creditur,
1058 4594 1120 4658 post
1135 4588 1343 4659 suspensionem
1358 4589 1518 4658 Salvatoris,
1535 4600 1597 4664 post
1619 4608 1708 4664 pocu-

912 4674 966 4729 lum
982 4675 1063 4741 lellis,
1081 4682 1142 4747 post
1156 4676 1267 4750 plagam
1282 4677 1387 4737 lateris.
1403 4688 1464 4751 post
1478 4689 1635 4753 perceptam
1645 4696 1709 4754 gra-

912 4764 978 4819 tiam
991 4764 1172 4835 baptismatis,
1190 4766 1235 4838 qui
1264 4783 1278 4821 a
1304 4768 1432 4825 Creatore
1460 4784 1510 4824 suo
1533 4767 1708 4826 discordasse

912 4854 1052 4925 peccando
1063 4872 1093 4910 se
1108 4855 1239 4926 meminit,
1256 4858 1320 4912 utile
1331 4865 1373 4912 est
1400 4862 1483 4929 atque
1508 4857 1706 4926 necessarium,

913 4949 1087 5013 utpeecator
1114 4945 1196 5000 laomo
1224 4943 1377 5001 voluntaria
1405 4952 1563 5016 paupertate
1591 4945 1708 5004 Domine

912 5032 1112 5103 reconcilietur,
1129 5033 1193 5105 quia
1204 5035 1294 5103 justus
1309 5034 1441 5089 Dominus
1451 5042 1626 5106 peccatorem
1654 5036 1707 5092 ho-

912 5123 1012 5178 miuem
1025 5123 1075 5178 sibi
1090 5121 1284 5178 reconciliasse
1294 5123 1463 5196 agnoscitur,
1471 5123 1544 5180 unde
1554 5132 1581 5179 et
1592 5124 1707 5197 pauperi

913 5211 1033 5285 paradisi
1040 5212 1124 5281 janus
1138 5217 1221 5281 patet,
1237 5219 1264 5268 et
1278 5212 1312 5267 ab
1328 5211 1375 5268 illa
1389 5212 1467 5271 dives
1482 5212 1650 5270 excluditur.

1190 5462 1361 5524 aristosa
1381 5462 1417 5522 X.

912 5622 1194 5749 dcffridatsindtpntts
1210 5666 1422 5731 lindociaensls
1435 5669 1710 5729 monotes-itariae
