3780 6038
10 5252 14 5289 i

10 5292 14 5317 r

10 5354 14 5409 l

10 5426 14 5451 s
60 5406 82 5449 Η
93 5401 118 5455 S.

701 234 888 295 EPlSTOLAE.
901 266 938 281 -
951 236 1015 295 ΠΒ.
1031 234 1076 297 tt'.

585 384 664 457 ¹⁶⁰
696 405 862 495 einen

310 578 476 639 cristata
501 580 618 639 rutel.

57 689 253 751 Dilectissimo
262 690 375 750 denatae
399 694 604 752 ardentissime
622 696 764 754 Patrium
786 697 862 768 (278)

93 782 342 853 Hapeaionmiana
352 780 489 840 abbata-m
501 785 752 851 eccellentissimo,
761 787 864 859 detsti-

94 870 288 941 deafilterum
309 887 425 928 auorum
434 872 580 940 riciniatus,
598 874 757 946 qeedPotri
769 875 860 946 fitius,

93 964 124 1017 ct
138 958 252 1017 derideo
267 976 377 1018 seruus.

92 1068 166 1138 Quid
184 1070 288 1137 salutis,
303 1070 402 1141 quidve
431 1073 549 1135 lionoris,
566 1074 646 1128 nullis
674 1073 741 1129 meis
755 1091 860 1145 praufe-

56 1156 185 1213 dcutibus
212 1160 256 1214 rel
280 1159 504 1230 subsequentibus
532 1162 642 1232 riieritis,
658 1179 726 1233 pura
753 1164 862 1220 dilectio

55 1248 223 1303 restranrilri
243 1250 394 1315 contulerit,
423 1250 486 1305 duur
502 1266 574 1322 saepe
596 1260 686 1307 ruente
701 1252 856 1320 considere,

57 1352 120 1406 nuae
134 1352 186 1407 pro
211 1338 290 1392 tantis
318 1337 456 1394 beneticiis
483 1339 565 1411 digne
580 1341 728 1410 rependere
753 1343 860 1397 valeam

58 1424 182 1480 invenire
205 1442 261 1481 uon
285 1442 404 1498 possum.
433 1428 511 1497 Quod
524 1437 613 1485 uinea
632 1431 739 1485 clrarius
762 1430 858 1498 liabeo,

57 1514 144 1569 allero
159 1514 304 1584 meipsum,
330 1517 517 1587 quippecajus
531 1525 616 1573 totum
643 1518 763 1575 bonitate
773 1526 860 1575 restra

58 1603 186 1657 htiusistis
199 1603 330 1658 animum.
347 1605 400 1661 Sed
420 1622 501 1676 quem
515 1606 622 1661 bonitas
636 1614 724 1662 restra
747 1607 858 1677 snpien-

58 1698 98 1745 ter
115 1691 212 1758 hausit,
242 1708 322 1761 quem
337 1693 481 1766 diligenter
509 1694 560 1749 sibi
587 1694 714 1759 subdidit,
744 1696 860 1750 (latomus

56 1782 134 1841 illd)
163 1781 294 1835 Hearicus
308 1781 394 1837 abbas
414 1783 574 1855 impugnare
590 1785 658 1853 161
677 1800 731 1839 nau
751 1783 857 1839 desiuit.

55 1871 210 1939 Antequam
227 1869 338 1925 liaberet
361 1870 510 1940 abbatiam,
527 1880 554 1926 et
568 1880 671 1944 postca,
699 1873 771 1928 buna
799 1888 859 1944 qaae

911 408 1185 511 QUARTUS·

876 586 905 649 Α
920 587 984 645 lare.
996 587 1065 645 ilinc
1077 587 1217 645 occasione
1231 592 1351 662 accepta,
1366 584 1460 644 omma
1485 585 1712 657 machinamenta,

918 678 1109 752 quibuspotest
1137 693 1233 734 nocere
1248 678 1275 733 in
1290 694 1333 733 mc
1361 684 1477 746 exercet,
1494 677 1535 733 cui
1545 677 1567 732 si
1595 694 1649 734 uon
1664 692 1713 750 pro

917 769 1092 835 triremium,
1122 768 1215 823 saltem
1243 783 1292 838 pro
1315 775 1403 824 vestra
1418 768 1577 839 paternitate
1604 783 1714 839 parcere

916 858 1061 912 debuisset.
1079 856 1155 911 t'enn
1170 857 1237 911 alter
1252 857 1326 925 Saul,
1342 872 1386 912 nie
1411 857 1486 926 qirnsi
1497 856 1585 912 David
1607 856 1714 929 lugien-

917 955 969 1002 tem
986 946 1154 1017 persequitur
1173 960 1181 1013 3
1197 946 1269 1000 nulla
1286 962 1351 1018 erga
1379 963 1422 1001 me
1438 946 1608 1001 fraternitatis
1635 962 1713 1003 cent-

916 1036 1040 1106 passinne
1055 1041 1186 1089 irroretur.
1204 1034 1262 1106 Ego
1276 1033 1301 1087 ei
1316 1033 1437 1089 resistere
1453 1051 1501 1089 urae
1528 1050 1646 1105 posstun,
1663 1051 1714 1091 nee

915 1132 1011 1201 debeo,
1028 1132 1156 1202 queniam
1184 1131 1414 1186 tnurisuetudimm
1434 1140 1549 1186 vestram
1577 1130 1712 1187 offendere

915 1229 1015 1276 metuo.
1041 1222 1074 1275 Et
1085 1221 1148 1290 quia
1163 1236 1207 1275 rue
1235 1219 1338 1293 erigere
1367 1228 1459 1275 contra
1473 1237 1534 1274 eum
1562 1221 1713 1276 audolenus

915 1326 1058 1382 praesnnio,
1082 1318 1171 1365 vestm
1192 1309 1238 1378 pia
1252 1308 1389 1377 severitas,
1406 1309 1542 1363 humiliter
1568 1326 1668 1379 quasa,
1683 1326 1711 1365 se

915 1407 1008 1456 centra
1022 1415 1083 1453 eum
1094 1399 1190 1471 erigut,
1205 1405 1232 1453 et
1246 1396 1297 1453 sibi
1321 1397 1450 1453 arandara
1464 1397 1598 1471 dignetur,
1615 1415 1648 1453 nc
1663 1415 1708 1454 me

914 1504 1002 1555 aestro
1018 1512 1109 1552 errrore
1127 1496 1217 1567 potius
1237 1511 1318 1565 quam
1341 1495 1413 1550 mole
1436 1512 1492 1550 saec
1520 1496 1712 1567 magnitudinis

914 1594 1029 1660 preeunt.
1046 1585 1074 1640 Si
1090 1592 1178 1640 autem
1194 1584 1227 1639 de
1251 1599 1295 1638 nie
1310 1584 1437 1654 queritur,
1454 1584 1630 1654 querimonia
1656 1600 1712 1641 suaa

915 1685 1056 1756 prasentia
1071 1689 1158 1737 restra
1177 1681 1261 1753 judex
1276 1682 1381 1736 existat.
1407 1682 1460 1736 Vos
1475 1683 1712 1754 seniperappella·

913 1774 950 1840 ri,
980 1782 1005 1827 et
1032 1773 1120 1828 adbuc
1142 1771 1259 1843 appelle.
1289 1769 1433 1842 Sapientiae
1461 1778 1556 1826 vestra)
1580 1770 1711 1841 judicium

912 1863 1002 1917 subire
1017 1860 1149 1916 desidero.
1165 1860 1252 1915 Aniba
1268 1858 1401 1916 tillirestri
1414 1876 1506 1914 senius
1522 1874 1528 1923 ;
1545 1859 1589 1914 ille
1600 1860 1708 1931 quidem

55 1958 132 2029 patui
146 1958 181 2011 ne
197 1958 243 2013 ille
270 1957 369 2028 dicere,
385 1959 441 2014 dixi
458 1976 464 2026 ;
479 1960 514 2015 rial
535 1962 663 2017 honorem
688 1962 855 2017 manasterrii
870 1952 897 2015 B
913 1952 966 2009 oris
980 1950 1156 2023 professione,
1181 1949 1228 2005 sed
1244 1947 1319 2020 162
1335 1964 1398 2021 ego,
1417 1949 1488 2003 llcus
1502 1949 1551 2003 scit
1573 1949 1618 2019 qiri
1628 1949 1710 2005 caula

55 2047 241 2103 cluniacensis
264 2064 362 2104 nomen
389 2050 447 2120 ejus
462 2050 616 2121 predicari.
640 2050 750 2106 lllomm
775 2052 856 2107 etiam

54 2136 220 2203 inimicitiae,
257 2138 355 2207 quibus
381 2147 487 2210 praeest,
513 2140 647 2194 incurrere
671 2156 720 2211 pro
742 2156 773 2195 en
802 2157 857 2196 non

53 2228 148 2281 metui.
165 2226 227 2297 lpse
240 2241 305 2281 sero
328 2227 394 2280 mini
409 2228 536 2283 confratri
551 2243 599 2284 suo
622 2229 695 2283 rutila
709 2245 757 2300 pro
778 2229 858 2285 benis

53 2315 179 2369 retribuit
205 2316 292 2384 (280),
321 2314 497 2371 retributione
524 2317 650 2372 videlicet
677 2333 758 2387 quum
785 2318 857 2372 Deus

55 2418 109 2459 nen
123 2404 209 2457 novit.
225 2404 323 2459 Nescio
352 2420 404 2474 qun
419 2405 515 2459 mentis
544 2413 701 2475 tempestate
729 2406 855 2479 agitatur,

54 2500 81 2547 et
95 2492 123 2546 in
137 2507 182 2545 me
196 2507 304 2546 servam
328 2499 423 2548 vestrm
438 2493 585 2548 sanctitatis
599 2494 656 2549 siue
671 2509 752 2549 eausa
776 2495 855 2553 iure-

56 2582 136 2636 bitur.
152 2581 273 2637 Tenum.
291 2597 371 2651 qrrain
387 2583 578 2637 monasterium
607 2591 724 2639 naseam
737 2591 857 2655 tempore

56 2669 254 2725 ienerabilium
292 2678 488 2727 auteccssemm
515 2687 624 2727 suarum
657 2687 706 2743 per
749 2673 857 2745 triginta

56 2775 142 2814 annos
156 2768 185 2813 et
197 2774 231 2815 eo
255 2758 372 2830 amplius
399 2759 507 2831 pacitice
528 2768 555 2815 et
568 2762 715 2832 apostoliea
743 2762 856 2817 auetori-

56 2854 110 2902 tate
131 2846 184 2901 sibi
210 2846 345 2901 firmatam
373 2848 491 2904 noscitur
512 2849 672 2921 pessedisse,
699 2849 775 2904 terris
802 2850 856 2905 suis

55 2936 121 3007 qiua
134 2936 224 2993 vicina
250 2943 300 3004 est,
316 2936 367 2992 sibi
380 2938 445 2993 satis
460 2938 636 2995 interrederate
663 2938 754 2993 nititur
768 2954 855 3011 copu-

88 3134 167 3202 (ἥδ)
182 3133 292 3206 lteeonl
303 3133 437 3190 allatam
452 3135 703 3192 eccellentissimo.
712 3135 854 3207 singulare

911 2054 995 2121 aravit,
1010 2051 1099 2109 cordis
1114 2050 1267 2107 elevatione.
1282 2052 1343 2107 lt'on
1358 2050 1488 2107 debemus
1501 2051 1583 2125 igitur
1592 2051 1707 2109 imicem

911 2142 1060 2208 dissentire,
1092 2140 1139 2195 sed
1166 2142 1295 2195 bonorem
1323 2148 1351 2195 et
1372 2139 1514 2197 utilitatem
1529 2140 1710 2195 Cluuiaccnsis

912 2229 1066 2287 monasterii
1093 2244 1212 2299 quaerere
1239 2227 1415 2297 concorditer,
1431 2229 1510 2285 rabis
1531 2229 1708 2300 multiplicare

911 2320 1022 2387 anricus,
1039 2316 1162 2373 iuiruicas
1191 2317 1315 2389 ruitigare
1332 2332 1339 2386 3
1355 2317 1378 2371 si
1392 2317 1534 2373 necessitas
1560 2317 1654 2390 exigit,
1669 2318 1709 2373 eis

911 2408 1013 2479 pariter
1025 2406 1147 2463 ebriare.
1164 2407 1271 2479 liuguae
1285 2406 1453 2461 discretionis
1468 2407 1555 2474 Pater,
1583 2422 1616 2461 ne
1631 2407 1709 2463 aliter

911 2505 985 2569 agat,
1001 2495 1161 2568 cunipescite
1176 2494 1307 2550 domnum
1327 2494 1401 2549 illum
1417 2494 1553 2563 abbatem,
1569 2511 1648 2566 quem
1663 2494 1708 2551 di-

911 2594 974 2641 cuut
1001 2585 1124 2642 homiues
1151 2600 1185 2639 ex
1210 2583 1292 2655 louge
1308 2591 1428 2653 tempere
1456 2582 1537 2639 luisse
1568 2584 1709 2642 discordiae

911 2684 1069 2742 amatorem,
1084 2672 1274 2729 seminatorem
1296 2672 1459 2745 jurgiorum,
1475 2672 1550 2742 pacis
1565 2673 1708 2744 perturba-

910 2770 1005 2819 torem.
1021 2764 1081 2818 Non
1096 2762 1201 2817 auferat
1223 2761 1349 2817 fratribus
1363 2761 1460 2816 nostris
1473 2769 1588 2817 vestram
1616 2763 1709 2818 eleari·

911 2860 1010 2921 tatem;
1026 2867 1081 2907 non
1096 2866 1142 2906 eos
1156 2850 1213 2905 sinc
1228 2849 1340 2905 utilitate
1356 2858 1484 2921 provocet
1498 2850 1613 2905 adirem
1629 2863 1637 2919 ;
1653 2866 1707 2905 uon

911 2942 1008 2997 tribuat
1021 2940 1061 2995 eis
1073 2946 1166 2996 cenna
1179 2939 1267 2994 laeum
1292 2938 1505 3006 cluniacensem,
1522 2954 1602 3008 quem
1631 2942 1707 3009 (281)

908 3137 982 3193 etum.
1012 3138 1130 3193 Faemnt
1145 3142 1171 3191 et
1185 3135 1246 3193 aliae
1259 3142 1353 3205 postea
1376 3134 1536 3207 complures,
1552 3136 1579 3190 iu
1608 3135 1706 3206 quibus

54 3218 166 3323 prorsus
194 3205 285 3261 saeculi
302 3206 380 3276 liiijus
406 3214 603 3271 arnnruentum,
632 3206 786 3277 ordinisque
813 3208 853 3261 sui
907 3218 1005 3280 praeter
1023 3224 1182 3264 consensum
1210 3206 1317 3263 abbatis
1345 3206 1526 3263 Cluniueensis
1553 3205 1638 3262 abbas
1652 3224 1705 3263 nou

49 3290 59 3325 ι

68 3290 134 3329 ecus
147 3276 228 3347 llugo
250 3275 464 3331 Cluuiamnsium
490 3277 575 3332 abbas
591 3293 617 3330 r.
634 3277 777 3334 Oulerieus
806 3278 853 3332 l'i·
868 3312 893 3377 C
907 3280 1067 3352 eligebatur.
1084 3281 1175 3349 ltaque
1191 3293 1243 3334 non
1262 3294 1332 3333 runa
1346 3277 1404 3333 liius
1418 3284 1466 3342 est,
1483 3294 1563 3348 quam
1593 3278 1705 3334 Clunia·

51 3345 113 3399 talis
127 3346 162 3402 dc
176 3345 509 3419 llahertaabbatepostea
525 3349 639 3404 Uticensi
657 3368 662 3404 :
681 3349 850 3405 cluniacum
907 3352 1026 3406 censium
1042 3350 1128 3407 ordini
1158 3349 1248 3405 tribuit
1264 3350 1398 3404 Pasclralis
1420 3349 1454 3405 ad
1469 3350 1611 3422 Hugoncm
1640 3352 1706 3405 scri·

48 3418 286 3487 perrexeramus·
294 3422 363 3474 tuac
373 3420 538 3476 monastice
544 3419 849 3492 pbalunpillupoablas
903 3423 970 3477 bens
987 3442 992 3477 :
1009 3422 1155 3493 ltelipieai,
1165 3420 1260 3490 inqiut,
1271 3424 1372 3477 vestre
1381 3436 1432 3492 per
1439 3420 1705 3491 omnipotentiellet

50 3487 851 3563 temporibusaustrisapecioleurerioclioremdecasproee-
902 3495 1025 3565 pretinm
1035 3492 1276 3564 sedisapostolicae
1291 3492 1451 3563 berrtpattas
1461 3494 1637 3563 protelatur,
1649 3508 1703 3564 que

48 3559 207 3637 retllnjus
217 3566 290 3614 tanto
304 3560 430 3614 illustrior
443 3561 502 3616 laus
516 3561 574 3628 luit,
590 3568 690 3631 quanta
710 3563 850 3632 praeleuu-
901 3562 983 3620 aiam
988 3564 1131 3649 plerisque
1141 3564 1172 3618 ia
1182 3562 1404 3633 lectalerpieote
1414 3563 1532 3619 Dauniae
1540 3579 1592 3634 per
1602 3565 1701 3619 vestre

48 3644 79 3682 ra
87 3628 250 3685 diuturnior.
265 3632 357 3685 Annos
368 3632 439 3687 cuim
456 3631 560 3701 [incinit
587 3634 631 3686 tt.
647 3630 745 3701 Quanti
759 3640 848 3687 auum
901 3634 1105 3692 sollicitudines
1124 3633 1260 3698 stadium,
1277 3633 1410 3690 ullaulla
1426 3636 1532 3700 secret,
1549 3634 1698 3699 instituta,

48 3716 114 3754 eum
130 3700 233 3767 tenent,
249 3701 372 3758 Urbanus
400 3703 424 3757 ll
438 3703 482 3772 qni
497 3702 650 3758 monastice
663 3704 723 3759 vitae
734 3704 851 3759 initiatus
900 3705 1165 3776 abidcseccrotper
1175 3704 1698 3777 Gallioramperteaestrestitutoreli·

48 3770 84 3825 ab
100 3787 135 3825 ee
149 3772 247 3837 luerat,
268 3771 403 3835 declarant
419 3790 478 3843 quar
493 3773 527 3828 ad
538 3773 611 3829 illam
627 3774 654 3827 in
668 3774 733 3854 ipsis
743 3773 849 3845 pontiti·
899 3779 952 3849 pio.
962 3775 1120 3830 Ettlalixtus
1133 3775 1157 3829 ll
1171 3774 1205 3829 ad
1221 3774 1484 3839 Pontiumabbatcm‚
1495 3774 1696 3846 religionisma·

48 3851 125 3895 catus
152 3843 194 3898 sui
222 3842 341 3899 exouliis
368 3845 437 3899 inter
462 3844 515 3899 alia
540 3845 645 3914 scripsit
660 3846 702 3899 lus
723 3844 814 3901 serbis
839 3865 845 3901 :
898 3848 1008 3903 nesticae
1022 3846 1076 3900 suis
1103 3845 1268 3915 temporibus
1289 3846 1477 3915 speculum,ia
1491 3846 1580 3901 Gallia
1605 3847 1693 3902 decu-

50 3913 848 3985 Tibierpe,secretissime,reuerentisatrnceedilectissime
899 3925 1018 3973 rirecntam
1034 3917 1208 3973 cluniacense
1222 3916 1412 3971 monasteriam
1428 3916 1508 3972 luisse
1523 3915 1625 3971 scribit.

47 3984 848 4070 {retentanturerrationesedisapostolieoesumiliaritate
936 3994 1011 4053 4280)
1027 3987 1219 4044 Retribatione
1229 4004 1315 4066 quam
1328 3988 1401 4044 near
1416 4004 1473 4043 neit
1489 3988 1576 4044 nouit.
1591 3985 1698 4043 ltlarbn-

48 4070 181 4127 enerues
192 4056 368 4113 eruditissime
379 4060 552 4128 lamminae
566 4057 683 4114 certabit
698 4058 846 4128 relipionia
898 4059 948 4114 dus
968 4058 1133 4114 ltealoneusis
1160 4057 1194 4112 ad
1210 4057 1369 4111 ltarnnldum
1397 4058 1605 4130 dmlegavorum
1633 4059 1695 4127 epi-

48 4127 221 4193 reeerentia,
241 4126 421 4198 siapalnrtrn
435 4128 513 4185 aetia
530 4128 646 4184 debetur
658 4129 848 4200 praenestiae
898 4146 1020 4202 scopum.
1036 4131 1098 4184 lloee
1109 4131 1151 4184 est
1161 4128 1310 4185 retributio
1324 4129 1489 4199 ineptorum,
1500 4145 1585 4199 quom
1602 4128 1696 4186 Demi·

48 4196 223 4255 dilectionis.
234 4198 284 4252 liat
292 4202 433 4269 preterea
446 4200 517 4271 qaod
532 4215 582 4255 aas
598 4199 648 4256 tibi
666 4216 724 4257 aen
738 4201 846 4263 otinas.
899 4219 955 4258 nas
970 4202 1070 4268 nescit,
1086 4216 1141 4273 quo
1150 4200 1228 4254 orele
1239 4198 1497 4272 retrilaaotarpre
1508 4198 1697 4256 benis.Nustcr

50 4272 154 4342 taceae
167 4268 342 4325 moereatcrie
351 4268 489 4326 debitores
502 4270 602 4341 fedat,
617 4270 748 4342 oneratam
764 4275 848 4342 perte

50 4339 535 4409 manasticoeratiplonisrudtmcala
544 4342 695 4414 susceptio
704 4345 847 4399 taeeceae·

51 4408 91 4465 ee
105 4424 157 4479 per
170 4410 326 4466 secandam
340 4411 434 4466 soracti
448 4411 476 4480 Sp
486 4411 573 4467 tritas
582 4414 705 4482 pretinm
718 4416 845 4469 renatas.

84 4480 160 4548 iare)
185 4481 327 4537 llenricut
353 4480 447 4538 abtas.
476 4482 688 4553 dugeriacensis,
712 4482 747 4538 ad
765 4499 845 4553 arreni

53 4551 127 4621 epist.
143 4556 168 4605 3.
198 4552 397 4623 dageriarense
409 4553 599 4607 monesurnun
614 4553 641 4607 iu
669 4554 700 4609 iis
714 4555 765 4610 linc
780 4562 846 4609 tenr-

54 4637 115 4689 pare
128 4622 298 4688 censebatur,
308 4638 369 4692 ιιιιιιι
385 4638 401 4676 a
415 4623 582 4679 cluniacensi
597 4624 693 4679 abbate
708 4625 844 4693 regeban-
899 4627 976 4695 Qaiad
991 4633 1080 4681 autem
1101 4624 1126 4678 lii
1160 4644 1174 4679 e
1190 4640 1242 4679 ano
1254 4632 1333 4694 nuptie

899 4272 947 4328 lib.
965 4289 983 4340 ι,
1000 4272 1077 4342 epist.
1109 4273 1162 4340 153
1181 4269 1228 4324 lib.
1257 4285 1287 4337 u,
1303 4270 1381 4341 epist.
1400 4273 1432 4325 ll
1461 4278 1488 4324 et
1502 4274 1536 4325 28
1553 4285 1560 4339 ;
1577 4270 1625 4326 lib.
1655 4286 1695 4340 ιιι,

899 4344 976 4415 epist.
994 4346 1026 4399 ld
1041 4350 1068 4398 et
1082 4343 1126 4397 ld.

934 4416 1010 4483 (281)
1024 4412 1185 4469 Secundam
1194 4411 1369 4484 paradisum.
1400 4412 1444 4467 Sic
1460 4411 1600 4468 ruthenus
1613 4413 1691 4482 epist.

899 4490 943 4552 tt,
959 4485 993 4540 nd
1004 4484 1178 4540 Guiltelmum
1192 4482 1318 4538 abbatem
1326 4481 1516 4538 Divionenscm
1528 4498 1535 4552 ;
1547 4500 1600 4541 aaa
1608 4483 1695 4557 calpa

898 4554 1145 4612 decrestrteoeoebii
1169 4552 1696 4678 ore*lisesecorrpacrebatarecpalsam

1361 4632 1445 4680 atera
1460 4625 1595 4691 caenobio,
1623 4626 1693 4679 idern

56 4698 102 4745 tur.
112 4693 196 4748 lania
210 4693 284 4747 enim
307 4693 358 4748 luit
370 4694 463 4764 primis
476 4695 580 4749 seeum
594 4695 666 4751 leima
680 4691 842 4751 Cluniaceu-
857 4674 884 4733 D
898 4698 942 4752 alii
967 4698 1000 4751 de
1028 4695 1154 4751 omnibus
1168 4702 1239 4749 recte
1259 4695 1385 4750 institutis
1408 4696 1538 4751 canobiis
1548 4695 1693 4765 piraedienre

56 4763 118 4816 sinrn
146 4772 176 4819 ut
189 4764 326 4845 principes
339 4771 419 4834 atque
432 4765 562 4819 antistites
576 4766 685 4836 undamn
704 4767 773 4836 jainis
799 4766 839 4820 sui

56 4833 174 4889 cenobia
188 4852 215 4890 nr
231 4851 324 4889 eorum
339 4851 436 4904 carpus
445 4844 472 4889 et
486 4836 614 4891 liriniliam
624 4844 749 4908 cooptare
759 4845 843 4892 urru-

57 4904 98 4981 tim
112 4912 279 4977 expeterent.
293 4904 354 4975 Quo
368 4907 395 4960 in
407 4923 519 4961 numero
534 4906 646 4962 (lollridi
656 4914 743 4972 aute,
754 4907 842 4962 abba-

57 4980 101 5027 tus
125 4976 240 5033 duuderi
264 4976 310 5031 iuti
338 4976 439 5032 Gelasii
457 4985 485 5032 et
510 4978 610 5032 llonori
624 4980 659 5045 ll,
675 4978 710 5033 ad
737 4980 842 5034 l'etrnur

58 5046 232 5101 reni-nabilem
243 4994 341 5102 litteus
355 5064 493 5119 expressas
508 5048 625 5103 vidimus
641 5069 647 5104 :
664 5050 693 5105 S.
718 5050 844 5105 llartialis

59 5114 247 5173 lemovicensis
262 5132 269 5180 ;
285 5118 312 5172 in
327 5119 401 5190 Pago
423 5120 593 5175 arvernensi.
607 5120 635 5175 S.
664 5121 842 5175 austremonii

59 5184 248 5263 laterianensis,
264 5189 435 5245 Tierncnsem
451 5198 478 5244 et
491 5191 670 5246 lleaatcusem
687 5206 694 5260 ;
711 5193 738 5247 iu
754 5191 842 5247 l'icta-

59 5270 119 5321 tica,
145 5259 217 5313 Novi
244 5260 410 5329 llouasterri,
439 5260 468 5325 S,
499 5261 567 5316 l’etri
604 5263 796 5329 llnlleacensis,
817 5269 844 5316 et

10 5336 12 5347 ·
60 5324 83 5379 S.
96 5328 218 5455 Cypriani
233 5330 405 5387 Pictavicusis
420 5346 427 5399 ;
443 5332 470 5387 in
481 5331 633 5405 Cradnrcinp
647 5333 841 5407 Figiacensem,

62 5466 67 5475 .
147 5402 205 5455 ‘etri
232 5402 422 5472 bernacensis
435 5404 463 5460 S.
475 5404 841 5472 Gemiauilltisiodorensis3

61 5470 227 5539 liminensi,
252 5472 282 5528 S.
310 5473 400 5529 nene
428 5474 624 5543 viziliacensis3
639 5476 665 5531 in
693 5476 843 5533 lietboma·

60 5544 137 5611 gensi,
148 5542 426 5671 fflffliffimi
441 5545 469 5599 iu
482 5545 660 5629 ren-eneas,
676 5550 704 5602 S.
734 5546 842 5629 midai,

61 5616 83 5662 tl
94 5612 121 5669 S.
267 5628 277 5685 ;
290 5632 318 5669 ιιι
331 5616 527 5673 cameracensi.
543 5616 662 5675 llunoldr
685 5620 766 5675 curtis
779 5633 788 5687 ;
815 5635 844 5674 ιιι

61 5679 207 5741 Strumae.
233 5682 268 5759 Β.
291 5684 402 5743 loannis
426 5688 630 5760 angeriacensis
650 5688 701 5757 ;iu
727 5691 846 5749 Nemau-

61 5754 132 5823 sensi,
159 5754 190 5813 S.
217 5754 318 5829 AEgidii
333 5772 342 5829 3
357 5756 385 5814 in
408 5758 485 5816 ltalia
498 5758 528 5818 S.
543 5757 678 5818 Benedicti
702 5760 844 5837 supcha·

896 4784 949 4823 aon
974 4767 1136 4821 dubitarunt.
1153 4767 1245 4820 Petrus
1266 4766 1397 4821 blesensis
1414 4767 1492 4836 epist.
1518 4768 1573 4820 ts:
1603 4768 1694 4822 lucta

895 4839 1068 4895 scatentium
1079 4837 1169 4893 cordis
1179 4836 1245 4900 met,
1257 4837 1282 4892 si
1288 4837 1438 4908 paradisus
1445 4838 1475 4892 in
1483 4837 1535 4891 liae
1550 4836 1609 4892 vite
1618 4853 1693 4908 ,irte-

896 4910 971 4964 aenti
981 4912 1035 4967 est.
1047 4909 1090 4964 ecl
1104 4908 1136 4962 ia
1159 4908 1285 4964 clanstro
1299 4911 1351 4971 cat,
1363 4907 1405 4963 vel
1417 4908 1449 4962 ia
1463 4906 1575 4964 scaete.
1583 4906 1636 4961 Sed
1647 4906 1694 4962 ad·

896 4986 989 5034 nannet
1004 4978 1132 5034 liiclocns
1159 4978 1257 5032 veteris
1282 4978 1310 5031 in
1335 4979 1386 5033 hoc
1405 4993 1514 5101 «fenera
1551 4978 1690 5049 poematii,

897 5049 1012 5105 auctoris
1026 5050 1134 5118 quidem
1157 5048 1245 5104 arllruc
1259 5047 1361 5115 incerti,
1376 5063 1404 5101 se
1439 5055 1597 5119 uttempora
1620 5050 1693 5103 lere-

898 5120 1083 5175 bantmiuirne
1098 5119 1189 5173 insulsi
1205 5137 1211 5173 :
1228 5118 1300 5199 qaod
1335 5118 1424 5173 uidem
1450 5119 1581 5175 huicloco
1600 5120 1691 5187 inseri,

897 5200 925 5246 ut
939 5208 974 5246 ex
988 5190 1080 5245 codiee
1095 5190 1124 5245 S.
1149 5189 1256 5243 llelanii
1278 5188 1316 5243 a,
1337 5189 1444 5244 oriensis
1458 5207 1475 5245 a
1488 5190 1567 5246 nobis
1594 5191 1694 5248 exscri-

896 5271 971 5332 ptum
986 5268 1035 5329 est,
1066 5261 1160 5323 serent,
1189 5266 1218 5313 ut
1243 5274 1332 5331 spere,
1362 5276 1429 5330 qaas
1444 5261 1575 5333 ejusvilm
1602 5262 1694 5318 laudes

896 5333 1015 5403 capiunt,
1031 5348 1086 5387 uon
1098 5330 1183 5386 iuviti.

1117 5447 1192 5502 loru
1210 5447 1275 5505 vite
1293 5447 1467 5505 monastice.

899 5546 973 5603 Felix
995 5562 1064 5618 grex
1079 5543 1292 5673 liorrrinum,u3ui
1320 5544 1416 5626 Christi
1431 5546 1532 5627 dogma
1553 5555 1667 5617 scapnam

934 5620 1101 5699 Contemptis
1116 5615 1214 5687 opibus
1298 5632 1419 5687 rapnum
1433 5624 1557 5673 retinent.

898 5688 984 5750 Unius
997 5687 1107 5747 arbitrio
1121 5702 1190 5759 quos
1204 5688 1227 5745 a
1320 5693 1413 5745 sancta
1426 5694 1544 5755 coercet,

935 5759 1058 5835 Quorum
1066 5759 1184 5836 quaque
1196 5777 1246 5821 sno
1259 5760 1303 5821 rid
1313 5759 1375 5839 ιρι
1385 5758 1525 5818 exibita.
