3780 6038
162 230 212 287 bil

625 230 784 289 HUGONIS
803 230 1052 289 tununnensis
1072 231 1342 291 taculurlscorl

1768 234 1822 292 bl!

161 352 350 427 percussimus
365 353 423 424 ejus
436 354 601 426 superbiam,
613 364 640 411 et
650 357 762 412 decreto
772 357 855 428 hujus
871 371 960 429 nego·
974 355 1002 417 Α
1016 356 1145 413 videlicet
1157 359 1369 418 nefandissimos
1382 369 1459 419 actus
1470 377 1535 418 suos
1550 358 1699 415 inauribus
1709 357 1823 429 episcc-

162 441 311 513 tiiprolato
335 443 529 513 suspendimus
553 460 617 499 eum
646 445 725 500 etiam
755 460 771 499 a
798 444 960 501 sacerdotali

164 531 269 587 allicio.
289 532 323 586 Et
338 532 401 603 quia
417 530 511 586 sedem
526 532 703 603 apostolicam
720 533 920 604 appellavitubi
931 549 961 588 sc

162 628 341 692 purgaturum
356 618 442 675 luisse
455 620 490 676 de
506 620 622 677 simonia
636 621 762 687 asseruit,
778 623 812 677 ad
827 620 961 693 apostoli·

164 723 226 766 cam
242 709 336 764 sedem
350 724 412 763 eum
428 708 594 771 remisimus,
609 718 635 765 et
650 714 743 765 vestro
756 710 860 777 jndicio
874 710 961 780 depo-

164 798 284 853 neudum
294 796 487 866 relinquimus.
506 797 597 852 Abbas
612 799 760 870 Bergcnsis
781 798 906 854 ecclesiae
927 797 961 852 de

163 893 290 949 Elarrdria
304 893 389 950 fuisse
404 894 568 950 simoniacus
582 894 777 965 comprobatus
793 902 835 950 est
858 899 886 950 et
910 894 961 950 de·

161 981 280 1053 positus.
301 982 455 1037 Bisontinns
468 983 691 1054 archiepiscopus
706 998 757 1039 nec
770 983 900 1039 AEduensi
911 997 962 1038 nec

163 1071 315 1127 Pictaveusi
330 1070 447 1127 concilio
462 1087 492 1126 se
515 1072 698 1141 presentavit,
723 1088 775 1128 nec
801 1071 961 1129 canonicam

162 1159 236 1215 misit
250 1161 466 1215 excusationem.
485 1160 680 1215 belvacensem
706 1160 843 1232 pulsatum
869 1160 904 1215 de
925 1160 962 1215 si-

164 1248 266 1314 munia,
282 1256 309 1304 et
322 1248 367 1320 qui
384 1254 449 1319 pust
461 1248 599 1304 decretum
622 1247 786 1321 prebendas
808 1248 963 1305 vendiderit

159 1336 338 1406 judicandum
353 1336 430 1391 vobis
459 1337 623 1392 remisimus.
653 1337 868 1394 Noviumensem
893 1352 962 1409 pro·

163 1439 311 1482 caucasus
327 1424 461 1480 similiter.
477 1426 543 1480 ltem
558 1425 770 1481 ambianensem
786 1441 962 1497 pervasorem

162 1528 225 1569 cum
235 1512 439 1568 ordinatoribus
449 1514 516 1580 suis,
532 1513 659 1570 videlicet
672 1514 864 1581 trudonense,
880 1513 962 1571 Sues·

162 1625 291 1677 senense,
308 1610 526 1667 silvanectense.
546 1613 615 1667 llala
630 1613 753 1685 quaedam
768 1623 864 1668 nostra
879 1612 962 1668 etium

163 1698 291 1754 intestine
306 1700 452 1755 reticemus
475 1701 539 1773 quia
560 1717 696 1773 personas
724 1717 741 1757 a
769 1703 867 1774 quibus
896 1709 1000 1775 suntss

162 1785 248 1853 illata,
264 1789 323 1844 Deo
333 1787 459 1860 juvante,
476 1790 651 1861 quamcitius
667 1790 774 1846 venturi
788 1789 960 1847 commodius

162 1872 240 1930 robis
255 1873 282 1927 in
296 1889 365 1929 aure
379 1874 512 1932 dicemus.
525 1877 630 1934 Causas
642 1877 849 1950 audegavensis
856 1876 963 1933 comitis

162 1961 231 2018 sicut
245 1963 418 2035 praecepistis
432 1965 467 2018 ab
482 1963 569 2035 ipsius
586 1981 635 2021 ore
659 1967 813 2031 audientes,
837 1965 962 2022 rationa-

161 2049 231 2106 biles
245 2067 316 2122 pene
330 2067 393 2108 esse
407 2052 574 2108 credidimus
591 2072 599 2120 ς
614 2054 663 2110 sed
674 2055 708 2110 de
723 2053 896 2111 absolutione
905 2055 964 2124 eius

161 2154 216 2195 non
228 2150 424 2210 presumentes
438 2140 630 2198 dillinitionem
646 2144 726 2213 hujus
748 2144 789 2199 rei
812 2144 964 2214 prudentiae

162 2228 316 2284 sanctitatis
331 2237 428 2284 vestra
444 2231 650 2287 committimus.
669 2231 697 2287 Si
714 2233 779 2303 quid
793 2248 860 2287 vero
876 2233 964 2287 minus

163 2326 324 2396 scripsimus
340 2329 479 2384 sanctitati
510 2338 621 2395 vestrae,
650 2331 739 2386 Tauno
768 2329 839 2386 lilius
866 2343 964 2387 vester

164 2413 344 2471 fidelissimus
358 2427 521 2486 cooperator
536 2425 628 2473 noster
638 2419 665 2472 in
682 2420 804 2482 domino,
815 2421 849 2474 de
859 2421 964 2474 Terva-

162 2504 242 2560 uensi
252 2504 456 2576 episcopocum
469 2505 639 2562 Pictaviensi
650 2508 715 2579 quid
724 2507 903 2563 statuerimus
910 2508 965 2580 ple.

162 2591 225 2648 nius
238 2591 383 2649 intimabit.
400 2595 544 2649 Provideat
561 2594 651 2666 itaque
666 2596 795 2653 sanctitas
810 2605 912 2662 vestra,
928 2611 964 2652 ue

162 2678 265 2737 (lintius
279 2689 335 2736 tem
349 2681 531 2753 opprobriose
544 2683 624 2738 nobis
651 2684 860 2755 improperetur,
890 2685 963 2756 quod

163 2767 305 2824 simoniaci
319 2769 361 2825 vel
376 2771 532 2842 quicunque
555 2771 694 2827 criminosi
708 2788 723 2827 a
738 2773 817 2828 nobis
836 2771 964 2843 suspensi

1014 469 1109 524 porum
1126 463 1152 511 et
1167 457 1346 512 cardinalium
1358 457 1494 527 jactanter
1509 458 1626 514 recitare
1642 471 1698 512 non
1719 455 1821 511 erube-

1014 552 1112 610 sceret,
1131 545 1269 616 copiosius
1291 548 1449 602 necessario
1477 544 1723 618 deprehendimus,
1738 559 1822 616 quam

1014 639 1217 699 intolerabiliter
1235 642 1323 698 Deum
1340 643 1367 698 in
1387 644 1474 715 ipsius
1490 642 1625 699 electione
1639 639 1823 698 offerenderi-

1015 729 1163 799 mus.Quis
1178 730 1262 795 enim,
1278 732 1377 786 nisiex
1393 731 1479 803 ipsius
1493 747 1542 788 ore
1551 730 1681 796 audisset,
1697 745 1819 800 unquam

1014 817 1139 873 crederet
1154 820 1270 875 ilenrico
1285 819 1358 875 dicto
1382 820 1439 892 regi
1461 820 1542 874 tidem
1564 835 1625 875 eum
1644 816 1769 883 dedisse,
1793 824 1821 871 ut

1014 913 1049 970 de
1063 915 1209 971 obtinenda
1226 916 1338 972 Romani
1352 917 1460 987 imperii
1486 932 1589 973 corona
1613 913 1734 970 fideliter
1757 929 1820 969 eum

1015 1012 1179 1081 adjuvaret?
1195 1016 1246 1068 hut
1261 1014 1341 1086 cujus
1356 1014 1496 1071 accusatio
1511 1024 1605 1071 contra
1622 1012 1707 1068 talem
1728 1010 1820 1067 virum

1014 1109 1190 1181 reciperetur,
1207 1111 1258 1166 nisi
1272 1111 1341 1183 ipse,
1357 1127 1434 1177 quast
1449 1112 1484 1167 ad
1497 1111 1636 1169 cumulum
1651 1108 1821 1183 granecas

1014 1206 1186 1269 ascribendo,
1203 1207 1282 1262 nohis
1297 1214 1441 1275 narrasset,
1470 1207 1630 1278 praedictum
1659 1221 1758 1279 regem
1785 1205 1820 1261 ad

1014 1303 1284 1359 invadendasterras
1306 1304 1380 1359 beati
1409 1304 1479 1359 Petri
1507 1318 1656 1374 nunquam,
1687 1300 1742 1357 nisi
1768 1316 1819 1356 suo

1015 1392 1129 1448 consilio
1144 1398 1172 1447 et
1186 1392 1363 1463 persuasione
1379 1392 1556 1459 animaretur,
1581 1392 1698 1447 Romam
1726 1397 1819 1445 traus-

1014 1478 1069 1535 isse
1079 1481 1093 1532 ‘l
1105 1480 1226 1552 nunquid
1241 1496 1294 1535 non
1309 1480 1429 1535 delirans
1444 1480 1592 1546 videretur,
1617 1478 1640 1534 si
1670 1478 1734 1551 quis
1762 1477 1819 1533 lto·

1015 1584 1126 1623 manum
1137 1568 1252 1624 electum
1266 1578 1326 1639 post
1337 1568 1536 1624 absolutionem
1547 1583 1563 1622 a
1573 1567 1736 1622 beatissimo
1749 1581 1819 1638 papa

1015 1657 1150 1730 Gregorio
1164 1664 1317 1728 susceptam
1333 1658 1598 1713 excommunicatum
1613 1656 1743 1728 garriret,
1765 1655 1818 1710 nisi

1015 1754 1076 1826 ipse
1094 1758 1222 1810 attonem
1246 1753 1413 1810 cardinalem
1440 1753 1675 1810 Mediolanensem
1699 1750 1818 1808 electum

1015 1858 1031 1899 a
1045 1843 1175 1914 praedicto
1190 1859 1261 1915 papa
1275 1843 1373 1899 eodem
1388 1843 1485 1898 abbate
1499 1841 1692 1897 subscribente
1705 1839 1819 1912 publice

1015 1933 1291 1998 excommunicatum,
1320 1941 1346 1988 et
1375 1931 1435 1988 sine
1462 1930 1621 2003 poenitentia
1648 1928 1818 1996 defunctum,

1016 2044 1071 2085 non
1086 2028 1174 2085 solum
1202 2029 1312 2084 beatum
1333 2027 1362 2083 in
1387 2027 1532 2085 communi
1554 2034 1651 2083 nostra
1679 2025 1820 2082 audientia

1017 2118 1167 2189 predicare
1182 2125 1367 2189 presumeret,
1383 2133 1477 2173 verum
1493 2116 1577 2171 etiam
1591 2116 1781 2186 seipsumuon
1793 2115 1821 2168 in

1016 2215 1081 2282 alie,
1096 2215 1148 2269 nisi
1163 2215 1191 2269 in
1206 2230 1260 2287 qua
1274 2215 1332 2286 ipse
1348 2221 1399 2280 est,
1415 2214 1505 2286 gloria
1520 2212 1639 2269 loturum
1659 2218 1772 2268 oraret:
1794 2211 1821 2266 iu

1017 2312 1116 2385 quibus
1130 2313 1256 2368 omnibus
1269 2312 1466 2368 dilectissimos
1482 2310 1583 2366 iratres
1598 2318 1711 2365 nostros
1726 2310 1764 2365 ll.
1795 2315 1821 2364 et

1016 2402 1049 2457 E.
1068 2400 1232 2468 cardinales,
1249 2416 1319 2472 qnos
1334 2400 1475 2456 vobiscum
1491 2415 1552 2455 esse
1571 2406 1710 2470 putamus,
1737 2405 1820 2453 testes

1016 2491 1195 2556 advocamus,
1210 2490 1256 2563 qui
1271 2490 1314 2545 vel
1330 2489 1381 2560 ipsi
1396 2490 1431 2545 de
1440 2489 1500 2557 ejus
1520 2504 1568 2544 ore
1594 2486 1750 2554 audierunt,
1778 2486 1820 2543 vel

1018 2587 1097 2643 bonis
1111 2586 1186 2653 viris,
1209 2586 1311 2658 quibus
1338 2586 1522 2641 indubitanter
1545 2583 1673 2650 creduut,
1692 2582 1819 2639 releren-

1016 2675 1100 2743 tibus,
1117 2690 1148 2730 sa
1160 2675 1271 2731 audisse
1286 2674 1423 2730 dixerunt.
1436 2672 1564 2742 Quomies
1578 2673 1691 2728 decreta
1715 2658 1819 2727 domiai

1017 2771 1060 2827 sui
1074 2786 1153 2842 papae
1168 2772 1304 2845 Gregorii,
1329 2771 1500 2843 aliorumque
1527 2779 1683 2826 sanctorum
1709 2770 1819 2824 Petrum

162 2856 206 2915 vel
219 2857 337 2929 depositi
351 2860 489 2915 autetiam
504 2860 625 2915 damuati
640 2861 757 2917 libenter
770 2870 885 2917 currunt
904 2861 962 2917 llo·
1016 2876 1071 2917 uon
1086 2866 1175 2917 solum
1190 2862 1274 2916 verbo
1289 2869 1382 2932 aperte
1397 2860 1604 2932 improbaverit,
1620 2875 1719 2914 verum
1739 2858 1819 2914 eham

161 2960 245 3012 mam.
262 2953 288 3002 et
303 2946 349 3002 abi
370 2947 503 3003 deberent
520 2949 621 3004 sentire
649 2949 812 3020 ampliorem
841 2949 962 3022 rigarem
1016 2958 1169 3013 manifestis
1184 2959 1313 3028 operibus
1333 2966 1430 3029 pastea
1452 2956 1624 3021 destruxerit,
1641 2955 1668 3010 in
1698 2963 1769 3027 quat
1790 2961 1816 3010 et

159 3034 280 3106 justitie,
296 3034 360 3091 inde
389 3044 528 3108 reportant
557 3037 637 3108 quasi
666 3038 883 3095 misericordiam
911 3053 961 3110 pro
977 3045 1370 3130 unibuslociselectionetn
1386 3062 1463 3100 suam
1479 3061 1534 3100 non
1551 3044 1705 3101 secundum
1721 3045 1820 3110 Deum,

161 3132 314 3190 voluntate.
335 3135 368 3190 Et
383 3135 428 3205 qui
441 3143 521 3191 autea
536 3152 587 3193 nec
602 3137 629 3192 in
645 3136 752 3194 levibus
772 3152 960 3209 praesumpse-
1015 3133 1065 3189 ard
1077 3134 1251 3190 tumultnerie
1266 3134 1361 3190 iactam
1375 3150 1550 3199 asseverans,
1576 3133 1686 3204 publice
1714 3131 1817 3187 reluta·

161 3230 224 3277 runt
238 3237 363 3293 paccare,
379 3225 552 3294 postmodum
569 3234 697 3282 exercent
721 3226 890 3297 aptissimam
910 3242 962 3282 ne·
1015 3224 1096 3287 verit,
1112 3232 1138 3278 et
1153 3239 1293 3295 nunquam
1308 3238 1338 3278 se
1353 3222 1537 3295 acquievisse,
1557 3221 1598 3279 vel
1614 3223 1641 3276 in
1657 3229 1820 3293 perpetuum

162 3309 341 3382 gotiatianem
356 3326 419 3366 cum
434 3313 579 3382 tyrannide
593 3314 619 3368 in
634 3314 789 3370 commissis
803 3315 855 3369 sibi
874 3315 964 3370 eccle-
1015 3321 1204 3392 acquieturum
1220 3320 1271 3375 sab
1287 3321 1401 3376 terribili
1422 3328 1594 3376 attestatione
1617 3316 1818 3375 affirmaverit:

162 3397 224 3453 siis.
242 3397 309 3465 Ora,
326 3400 497 3455 sanctissime
524 3415 604 3472 papa,
619 3418 669 3474 pro
690 3418 735 3459 mc
764 3403 853 3457 inutili
882 3418 963 3458 servo
1014 3423 1117 3479 quasve
1133 3423 1264 3479 personas
1279 3408 1440 3464 electionem
1456 3406 1820 3473 reddendoecclesiae,ido-

161 3485 311 3543 “actitatis
327 3494 439 3543 vestrae.

519 3658 588 3713 vlll.

163 3778 563 3865 Adllalhtldemcomiliaram.
576 3812 609 3866 .-
622 3784 660 3868 lle
677 3784 825 3868 electione,
848 3798 960 3868 promo·

182 3853 292 3908 honest
301 3856 513 3908 consecratione
521 3853 777 3915 llcsrdarnmbbctaa
788 3854 961 3922 Castrensis,

180 3920 212 3977 ln
221 3921 387 3995 pontificem
402 3924 559 3980 domanam
572 3925 623 3980 sub
639 3927 756 3983 nornine
781 3927 903 3997 Victoris¹
913 3927 960 3983 lll.

457 4039 549 4110 (huno
564 4039 657 4112 leat.)

340 4162 454 4238 [Manen
473 4163 596 4232 darrih,
613 4173 681 4221 tom.
701 4165 785 4238 XX.]

198 4288 288 4354 ane,
304 4297 407 4345 sanctae
422 4289 612 4360 Lugdunensis
627 4289 759 4347 Ecclesia
774 4306 880 4357 servus,
894 4290 961 4348 dilc-

162 4374 292 4434 ctissimae
305 4376 331 4431 in
348 4376 454 4433 Christo
468 4378 558 4434 sorori
573 4378 620 4444 ll,
644 4379 743 4435 divinae
766 4380 960 4436 consolationis

162 4463 330 4519 uberrimam
342 4466 471 4536 gratiam.

197 4550 273 4615 Quot
286 4560 313 4608 et
330 4553 435 4625 quantis
448 4557 550 4609 sanctae
564 4555 693 4611 [lomanae
709 4556 840 4612 Ecclesiae
862 4556 962 4615 litteris

161 4657 188 4706 st
202 4651 434 4707 reverentissime
448 4653 588 4708 memoriae
598 4653 667 4707 beati
678 4654 814 4720 Anselmi,
824 4664 850 4710 et
862 4656 961 4711 vestris

161 4745 218 4794 tam
233 4738 427 4813 legationibus,
444 4756 526 4813 quam
542 4748 568 4796 et
592 4740 691 4798 litteris
714 4751 826 4799 coactus
847 4744 961 4799 Romam

161 4828 296 4895 venerim,
316 4837 474 4902 quantoque
502 4838 626 4900 tempore
659 4831 687 4885 in
721 4832 844 4902 partibus
878 4832 962 4889 ltaliae

162 4925 258 4972 contre
272 4917 364 4974 olliciii
380 4919 433 4974 mei
448 4920 618 4992 propositum
637 4929 758 4975 moratus
775 4921 834 4990 sim,
848 4922 962 4990 pruden·

162 5003 198 5059 tia
214 5014 303 5061 vestra
316 5007 410 5063 doceri
423 5024 478 5064 non
492 5009 596 5081 indiget
613 5026 619 5065 :
637 5008 800 5065 electionem
812 5011 962 5066 veroCasi-

162 5093 256 5147 nensis
269 5095 375 5150 abbatis
388 5100 533 5169 autequam
545 5113 597 5169 ego
609 5099 721 5154 Romam
731 5100 853 5153 venerim
863 5097 961 5154 lactum

163 5179 330 5238 sufficienter
342 5184 467 5248 audistis,
482 5187 526 5242 eui
550 5197 605 5241 tam
632 5203 684 5259 ego
714 5203 796 5260 quam
819 5197 845 5242 et
872 5188 962 5243 caeteri

163 5268 260 5325 iratres
275 5271 327 5326 inei
341 5279 443 5326 sanctu
455 5273 587 5331 Romanae
603 5277 734 5332 Ecclesiae
745 5275 803 5343 tilii,
815 5277 963 5349 diligentes

161 5357 251 5428 tnagis
265 5358 381 5428 gloriam
397 5360 534 5419 homiuum
550 5381 632 5436 qnam
657 5365 718 5430 liei,
748 5381 798 5436 pro
829 5365 963 5437 temperis

162 5444 318 5502 infirmitate
332 5463 472 5504 assensum
489 5453 670 5522 praebuimus.
699 5455 845 5527 Postquam
870 5464 964 5510 autem

162 5534 197 5591 ad
212 5544 332 5591 montem
357 5536 495 5605 Casinum,
524 5557 579 5614 quo
605 5542 664 5612 ipse
687 5545 743 5613 jam
769 5552 963 5613 precesserat,

163 5622 258 5684 Romae
271 5625 430 5699 aliquandiu
445 5629 541 5685 morati
555 5629 642 5702 ipsius
655 5632 754 5688 ducatu
780 5635 963 5703 pervenimus,

161 5723 334 5800 mmmmm
348 5723 530 5786 familiaribus
544 5727 688 5787 nobiscum
714 5728 869 5804 colloquiis,
900 5733 965 5790 dum

1015 3512 1081 3552 neas
1096 3496 1160 3568 eligi
1187 3497 1215 3551 in
1244 3496 1400 3553 Romanum
1429 3495 1585 3569 pontificem
1611 3496 1723 3563 dixerit,
1752 3495 1821 3550 inter

1016 3602 1084 3657 quas
1099 3586 1247 3656 quamdam
1263 3586 1341 3642 vobis
1357 3602 1389 3641 ex
1404 3586 1525 3653 nomine,
1541 3587 1692 3642 blesensem
1716 3584 1820 3641 scilicet

1016 3682 1093 3749 lien,
1110 3682 1282 3754 quorundam
1297 3681 1411 3738 consilio
1436 3682 1555 3753 scripsit,
1585 3681 1716 3754 quoniam
1743 3679 1820 3737 robis

1016 3786 1112 3843 magna
1127 3787 1160 3826 ex
1176 3779 1253 3842 parte
1268 3771 1414 3826 manifesta
1429 3778 1501 3836 sunt,
1518 3779 1542 3826 et
1557 3771 1734 3842 epistolarem
1758 3782 1821 3824 mo-

1015 3868 1080 3924 dum
1095 3869 1269 3933 excederent,
1287 3885 1319 3923 ex
1335 3869 1561 3925 ordinescribere
1572 3867 1821 3924 omittimusNunc

1014 3973 1157 4014 varocum
1169 3958 1226 4027 jam
1241 3958 1350 4013 tandem
1365 3965 1542 4029 posttautum
1558 3956 1686 4012 laborem
1701 3955 1821 4013 inaniter

1013 4053 1182 4125 insumptum
1198 4054 1336 4126 respirare
1352 4053 1503 4122 videamur,
1520 4062 1547 4110 et
1561 4053 1728 4110 electionem
1741 4052 1821 4110 toties

1015 4152 1168 4219 refutatam,
1184 4161 1210 4207 et
1229 4153 1353 4208 Ecclesia
1373 4152 1518 4218 redditam,
1548 4150 1638 4206 divina
1664 4151 1765 4223 gratie,
1795 4158 1822 4205 et

1014 4248 1181 4307 vestroiulti
1207 4249 1322 4304 consilio
1350 4258 1377 4303 et
1402 4248 1502 4304 auxilio
1529 4248 1557 4303 iu
1584 4249 1709 4319 proximo
1737 4247 1822 4303 libare

1015 4337 1105 4394 lacere
1121 4338 1316 4408 sperabamus,
1331 4337 1537 4392 suboccasioue
1548 4336 1670 4408 eligendi
1681 4337 1714 4392 lt.
1727 4336 1822 4407 panti-

975 4419 1267 4499 Uiennensium
1289 4434 1317 4489 in
1337 4434 1439 4504 Capua,
1468 4434 1538 4490 sicut
1567 4433 1674 4489 illarum
1704 4434 1822 4505 partium

1016 4525 1186 4594 apostolicus
1200 4522 1318 4578 vicarias
1333 4524 1527 4595 congregavit.
1548 4522 1679 4597 Aequod
1700 4538 1765 4596 ego,
1795 4529 1823 4577 et

1014 4621 1100 4676 abbas
1115 4619 1303 4685 llassiliensis,
1328 4628 1409 4691 atque
1431 4620 1658 4690 archiepiscopus
1683 4619 1822 4692 Aquensis

1015 4710 1086 4780 apud
1103 4709 1246 4763 Salernum
1263 4717 1474 4774 commorantes,
1490 4709 1526 4763 ab
1541 4708 1672 4778 episcopo
1686 4707 1821 4777 Ostiensi,

1015 4805 1377 4878 etprincipeSalernitann,
1395 4815 1422 4861 ct
1450 4805 1592 4862 Conciauo
1619 4805 1652 4861 lt.
1678 4821 1713 4860 ex
1742 4815 1820 4876 parte

1013 4895 1107 4950 vicarii
1124 4904 1148 4950 et
1162 4896 1191 4951 ll.
1206 4894 1337 4951 Ecclesiae
1347 4895 1463 4963 invitati,
1480 4902 1508 4949 ut
1531 4894 1675 4952 communi
1703 4894 1820 4950 consilio

1015 4992 1051 5047 R.
1066 4991 1220 5062 pontificem
1231 4992 1407 5062 eligeremus,
1418 4991 1553 5048 veniendo
1562 4989 1747 5046 obedivimus.
1759 4991 1821 5046 Dux

1016 5081 1095 5138 etiam
1112 5081 1272 5152 quibusdam
1284 5081 1564 5137 circumventionibus
1577 5094 1594 5134 e
1607 5080 1731 5136 lordano
1744 5079 1821 5152 prin·

1017 5169 1077 5242 cipe
1089 5169 1246 5238 juveniliter
1261 5170 1378 5237 illectus,
1403 5169 1468 5226 illac
1492 5168 1575 5225 venit.
1598 5169 1667 5224 Cum
1690 5184 1760 5243 ergo
1784 5168 1820 5225 ds

1015 5268 1155 5340 proposito
1181 5269 1291 5340 negotio
1319 5276 1436 5324 tractare
1472 5267 1692 5339 disponeremus,
1731 5267 1822 5323 abbas

1017 5357 1180 5428 quibusdam
1196 5356 1324 5411 mollibus
1339 5366 1366 5411 et
1379 5356 1517 5429 gestuosis
1527 5355 1735 5427 repulsionibus
1762 5355 1822 5411 lau·

1018 5451 1092 5500 tores
1107 5461 1172 5500 suos
1182 5445 1327 5516 episcopos
1342 5455 1367 5499 et
1384 5445 1532 5516 principem
1547 5445 1582 5499 ed
1597 5444 1820 5517 compellendum

1017 5557 1047 5597 se
1061 5558 1211 5613 provocare
1228 5544 1322 5612 coepit.
1342 5542 1486 5613 Comperta
1501 5551 1592 5598 autem
1606 5543 1732 5599 versutia
1755 5557 1818 5610 sua,

1017 5646 1079 5689 cum
1094 5631 1216 5702 predicti
1230 5633 1264 5687 ad
1279 5632 1480 5688 restitutionem
1495 5630 1537 5687 sui
1547 5631 1624 5705 quasi
1634 5631 1821 5688 invitumeum

1018 5729 1225 5805 compellerent,
1240 5746 1292 5789 nos
1304 5729 1496 5805 prenominati
1522 5744 1587 5789 cum
1610 5730 1738 5791 Ostia&
1758 5730 1821 5805 epi·
