3780 6038
107 249 161 306 l9'l
557 242 849 303 ourtounttorttts
869 244 921 303 SS.
946 246 1098 305 htttttttt.
1123 281 1159 292 —
1173 250 1238 306 Llll.
1263 252 1287 304 l.
1712 249 1763 302 tec

104 385 174 443 ergo
184 370 212 425 in
225 368 279 426 hoc
292 367 364 436 loco,
380 368 506 425 mortalis
522 370 603 440 hujus
622 368 684 426 vice
697 370 799 426 ductus
814 367 910 442 signe·
923 372 951 433 A
966 374 1040 445 quod
1054 381 1105 438 est,
1117 373 1246 431 credetur
1266 374 1340 446 quod
1360 392 1415 433 non
1439 384 1494 434 est.
1521 376 1639 446 Quidam
1667 378 1760 444 putant

105 477 157 535 tur,
174 467 243 524 sicut
257 483 308 538 per
331 466 403 523 diem
431 467 496 523 elibi
522 467 631 524 claritas
655 466 718 523 vitae
747 474 900 539 perpetuu.
962 486 1074 528 caruem
1088 470 1163 528 illam
1176 489 1236 546 quae
1251 482 1391 545 assumpta
1405 478 1448 531 est
1461 490 1478 530 a
1491 474 1594 539 l'erbo,
1605 471 1687 527 itaab
1708 469 1758 526 iui-

107 558 235 613 Praesens
244 571 318 627 ergo
332 556 389 611 rita
402 572 478 612 mors
494 562 546 623 est,
564 557 619 613 rita
631 570 697 612 vero
718 555 810 611 lutura
829 555 903 611 dies.
963 558 1001 615 tio
1026 567 1053 615 et
1071 561 1158 631 primo
1180 570 1302 633 parente,
1326 563 1435 635 quando
1456 570 1511 618 tote
1534 575 1627 616 mussa
1653 567 1760 615 uaturae

106 649 171 703 Nox
186 645 237 699 ista
252 644 351 700 hebeat
364 660 520 717 vesperam,
532 644 592 701 dies
602 644 646 699 illa
657 645 753 700 hebeat
764 659 903 700 auroram.
965 649 1090 704 {numanae
1103 667 1153 720 per
1166 660 1310 721 peccatum
1331 658 1461 723 corrupta
1483 659 1534 715 est,
1558 665 1574 705 a
1596 648 1760 721 contagione

108 737 228 806 i'esspiffl
241 733 325 803 hUJ'US
340 733 428 789 ⁰⁰⁰5ss
443 734 522 788 etiam
537 732 586 788 suli
598 749 631 787 ⁰¹
646 749 698 805 <1¹¹⁰
711 733 797 788 Adam
812 747 910 803 pecua·
964 754 989 803 et
1005 762 1021 802 a
1036 748 1211 818 corruptione
1225 749 1331 820 peccati
1347 749 1497 805 immunem
1526 748 1611 804 luisse
1639 745 1762 804 custodi·

106 819 157 886 rit,
171 818 260 874 donec
275 825 388 888 accepta
403 817 538 872 sententia
553 818 660 884 mortis,
676 834 692 872 a
705 817 835 889 paradiso
845 815 909 888 pul·
964 843 1029 904 mm,
1051 843 1077 891 et
1091 836 1125 890 ah
1140 836 1199 909 ipso
1215 837 1303 909 primo
1319 848 1428 909 parente
1443 854 1529 910 usque
1549 836 1585 892 cd
1607 834 1759 906 susceptio.

105 924 153 964 sus
167 914 210 963 est
227 907 256 961 in
272 907 401 962 tenebras
416 906 498 976 huius
517 906 622 962 mundi.
650 904 722 962 Exiit
743 921 843 962 aurora
862 921 909 961 se·
963 954 1026 995 nem
1041 937 1083 993 sui
1096 954 1113 994 a
1126 938 1228 1006 verbo.
1244 939 1360 995 liberam
1374 941 1409 996 ab
1424 940 1498 996 omni
1513 945 1625 1010 peccato
1642 920 1668 993 ἐἰ
1681 953 1761 992 mun·

109 1002 219 1074 quentis
232 1000 298 1067 diei,
310 1000 339 1056 id
350 1008 391 1055 est
407 1016 424 1055 o
439 1000 640 1057 resurrectione
660 1000 758 1056 Christi
775 1016 861 1072 usque
875 999 911 1055 ud
963 1037 1027 1092 dam
1043 1035 1195 1105 deducmm,
1212 1044 1240 1091 u,
1255 1052 1405 1110 numquam
1421 1039 1471 1093 sub
1485 1045 1597 1110 peceato
1621 1034 1711 1101 fueri„
1734 1040 1761 1090 et

107 1090 190 1145 finem
207 1090 312 1146 ΜΗ·
328 1090 408 1145 Gum
424 1089 476 1144 ³⁵¹⁸
491 1105 545 1143 ¹¹⁰³
560 1096 611 1145 est·
628 1089 682 1145 sed
698 1088 759 1161 qais
780 1096 822 1144 ⁸⁵²
845 1104 910 1187 euf'
963 1125 1027 1181 ideo
1041 1141 1056 1179 a
1073 1133 1186 1196 peccato
1202 1141 1257 1181 non
1281 1126 1433 1192 liberatam,
1457 1126 1507 1182 sed
1530 1126 1653 1180 liberam.
1679 1122 1760 1179 Aiunt

107 1194 154 1234 sus
168 1179 248 1247 hujus
264 1177 349 1233 ritae?
364 1178 451 1251 lgitur
466 1177 511 1233 via
527 1178 654 1233 mortalis
668 1178 795 1234 deorsum
819 1184 860 1233 est
883 1193 911 1231 tn
964 1216 1038 1272 enim
1050 1216 1113 1286 quia
1123 1214 1170 1269 ina
1183 1229 1249 1286 pm
1263 1216 1506 1272 namraehumanae
1524 1215 1575 1271 sub
1585 1221 1698 1284 peccalo
1713 1228 1760 1267 es·

107 1265 212 1334 inicris‚
229 1266 304 1323 sicut
330 1266 386 1321 rita
409 1266 570 1324 immortalis
596 1283 718 1323 sursum.
747 1268 827 1322 ltem.
858 1266 912 1321 lter
964 1327 1064 1368 senon
1078 1310 1343 1383 dehuihperqum
1365 1312 1424 1382 ipsa
1449 1320 1547 1367 mmm
1570 1312 1693 1365 humanu
1714 1308 1759 1363 ubi

104 1370 214 1412 sursum
229 1362 269 1410 est
286 1354 313 1409 in
328 1354 416 1411 coelis.
434 1356 501 1410 item
518 1354 636 1411 medium
661 1362 703 1410 est
724 1354 840 1410 stadium
849 1353 912 1410 ritae
1061 1399 1066 1411 .
1529 1400 1534 1409 .

107 1443 254 1516 praesemis
271 1460 278 1497 :
295 1444 367 1515 quod
383 1444 523 1499 nascendo
545 1444 687 1510 intramus,
711 1443 828 1499 vivendo
850 1459 913 1515 per·
965 1401 1086 1456 obnoxia
1099 1408 1210 1472 peccato
1225 1400 1320 1467 luerat,
1342 1416 1358 1455 a
1380 1407 1495 1472 peccato
1518 1398 1663 1454 liberando
1684 1404 1755 1454 erat.

102 1533 249 1596 currimus,
268 1531 410 1587 moriendo
426 1532 545 1587 eximus.
564 1531 699 1599 Quoniam
715 1546 783 1603 ergo
806 1547 860 1586 nox
883 1530 912 1585 iu
965 1503 1005 1557 Ad
1019 1502 1191 1574 pf⁰b⁸¹¹d⁸m
1208 1517 1317 1575 ‘imin‘
1331 1501 1455 1559 ⁰⁸md⁰¹¹¹
1475 1500 1682 1557 ffltimmiffl'em
1705 1498 1758 1553 ad·

104 1637 154 1676 suo
177 1637 261 1675 cursu
277 1620 397 1674 medium
414 1620 464 1675 iter
477 1620 603 1686 heberet,
616 1620 678 1675 ideo
702 1619 812 1692 quondo
836 1634 913 1673 mors
965 1600 1068 1657 dimum
1081 1599 1147 1655 lund
1164 1600 1238 1672 q⁰⁰d
1251 1601 1407 1671 All05²0¹ust
1431 1615 1492 1656 ΟΜ]
1509 1614 1610 1654 ¹¹0Vl¹¹¹¹
1634 1595 1756 1652 ilceldff

104 1710 249 1765 universos
266 1725 334 1780 quos
350 1710 377 1761 iu
394 1708 483 1763 studio
498 1708 559 1764 vitae
573 1708 718 1779 praesentis
733 1708 847 1779 reperit,
859 1723 906 1761 sc·
922 1728 947 1787 B
967 1689 1031 1788 liu-m
1042 1688 1129 1745 V⁰¹⁰li
1143 1688 1343 1759 Plfflsssfflssdllffl
1371 1696 1517 1752 θδὸθΐθιθῑι
1548 1684 1758 1749 Melcllissedechv

103 1823 165 1864 cum
181 1808 215 1861 ud
231 1806 335 1861 inleros
350 1805 441 1873 traxit,
457 1814 482 1860 et
498 1820 579 1860 nomo
595 1805 749 1861 mortalium
763 1804 799 1860 ad
821 1805 908 1861 vitam
962 1796 1008 1851 (ιω
1021 1787 1114 1849 mmm
1128 1777 1220 1847 ΨΜ
1233 1777 1333 1833 Christi
1346 1792 1379 1834 ⁸⁰
1394 1777 1458 1834 ¹¹⁰Vi
1473 1774 1616 1832 ³³⁰⁹fd⁰ffi
1632 1773 1756 1847 gesem

105 1893 290 1949 immortalem
306 1893 456 1948 ascendero
471 1893 567 1963 potuit,
580 1891 716 1962 Undepm·
732 1898 841 1949 nomem
857 1908 907 1949 Μ.
959 1875 995 1929 ab
1007 1874 1145 1930 Abraham
1159 1872 1280 1929 decimas
1296 1873 1437 1945 accepisse
1452 1871 1579 1939 ostendit,
1597 1872 1625 1925 iu
1641 1885 1695 1941 qua
1711 1869 1759 1924 dc-

103 1984 197 2054 cipere
211 1997 360 2054 possumus
374 1990 526 2052 peccorum.
557 1980 623 2050 Quae
645 1979 772 2036 uidelicet
795 1997 849 2037 „01
872 1981 907 2038 ab
961 1963 1105 2020 cimetione
1120 1962 1203 2018 etium
1218 1962 1295 2026 lteri,
1312 1977 1329 2017 a
1344 1979 1398 2034 quo
1412 1961 1511 2017 reteris
1524 1958 1668 2016 sacerdotii
1677 1956 1760 2013 mini-

105 2070 238 2143 originali
253 2078 366 2141 pemmo
387 2069 480 2141 empti,
507 2076 533 2124 m
556 2085 606 2140 pes
630 2069 749 2125 mmmm
771 2070 904 2126 cucurrit,
960 2060 1033 2109 atros
1048 2052 1226 2108 descendisse
1240 2051 1353 2105 dubium
1368 2066 1424 2106 non
1439 2058 1481 2105 ost
1495 2048 1662 2105 decimatum
1675 2061 1754 2102 corn-

103 2157 908 2232 Quuudoigiturpustoriginalempraevaricationemprimae
959 2149 1094 2222 probavit,
1114 2164 1145 2204 ³0
1167 2163 1220 2219 pet·
1247 2150 1298 2203 hoc
1323 2154 1402 2203 velus
1423 2145 1610 2202 sacerdotium
1631 2144 1704 2217 quod
1727 2143 1755 2198 itt

104 2247 340 2320 prevaricationis
348 2246 604 2318 naturalislegismc
612 2246 711 2302 deiude
721 2246 830 2318 scriptae
837 2246 908 2319 legis
960 2239 1024 2295 Levi
1037 2238 1160 2295 decimes
1175 2237 1249 2293 dedit
1265 2235 1389 2303 ielerius,
1405 2250 1505 2292 norum
1519 2242 1611 2291 autem
1625 2232 1701 2306 quod
1727 2231 1756 2286 in

104 2336 334 2409 prevaricatione
350 2336 524 2400 succedente,
544 2343 686 2406 peccatum
710 2335 745 2390 ad
770 2351 907 2391 summum
960 2334 1162 2393 Melchisedech
1179 2334 1225 2405 qui
1238 2334 1323 2391 torma
1334 2333 1433 2389 Christi
1443 2342 1496 2403 est,
1507 2331 1626 2388 decimas
1641 2330 1756 2402 accepit,

106 2425 306 2482 incrementum
322 2432 445 2490 venerat,
472 2424 546 2496 quusi
574 2439 629 2479 nox
656 2424 685 2478 iu
712 2438 762 2479 suo
787 2424 908 2481 medium
960 2426 1121 2496 superlucet
1138 2424 1249 2497 dignius
1262 2422 1453 2479 estimandum
1467 2422 1557 2491 (debr.
1578 2422 1638 2491 ru).
1655 2419 1708 2475 Ubi
1721 2427 1762 2474 ta·

104 2513 248 2571 cursuiter
264 2512 395 2568 habebut.
416 2512 471 2568 Sed
486 2512 537 2567 ista
551 2528 604 2568 nor
619 2527 686 2568 vera
704 2512 909 2584 luceapparen-
959 2530 1024 2571 men
1038 2513 1162 2569 Christus
1179 2512 1224 2584 qui
1241 2520 1304 2569 tunc
1319 2512 1469 2568 secundum
1496 2525 1604 2567 caruem
1634 2507 1760 2564 similiter

107 2605 147 2671 te,
173 2618 237 2658 ΨΘΧ
264 2601 394 2657 de⁰s⁵¹¹¹¹¹
424 2616 541 2673 l'0s80l0
565 2600 656 2671 coepit,
687 2608 714 2655 θῑ
742 2617 796 2657 ¹¹⁰⁰
828 2602 908 2673 (tutti
961 2619 989 2666 ut
1004 2611 1068 2666 Leii
1081 2610 1110 2665 in
1124 2608 1224 2664 lumbis
1240 2609 1357 2665 Abrehae
1372 2609 1432 2676 luit,
1448 2608 1614 2665 decimatum
1638 2622 1694 2661 non
1713 2605 1759 2660 di-

107 2690 226 2764 quedam
242 2688 346 2745 alterna
373 2689 560 2744 immutatione
588 2688 717 2759 paulatim
745 2688 909 2745 decrescens
961 2699 1058 2763 cimus,
1075 2714 1110 2753 ne
1125 2697 1207 2753 simili
1223 2697 1327 2753 ratione
1352 2712 1453 2752 mlum
1473 2694 1658 2753 sacerdotium
1686 2693 1759 2766 quod

110 2781 232 2852 ‘mliii
249 2794 392 2851 ‘limusque
407 2778 450 2832 ¹¹¹¹
464 2778 618 2834 ⁰P⁹S⁰⁰⁰d⁰
643 2777 678 2832 id
702 2776 812 2848 Pltssiffl
834 2777 908 2834 diem
960 2787 989 2843 iu
1004 2786 1111 2843 Christo
1131 2794 1180 2851 est,
1206 2785 1308 2842 ibidem
1331 2785 1454 2841 decimas
1475 2783 1585 2840 dedisse
1607 2781 1759 2838 convinca-

106 2868 260 2941 perreuiet.
280 2867 346 2924 l'ide
361 2882 429 2939 ergo
446 2865 909 2938 ordinetissimumdiuinaedispen-
961 2899 1035 2938 mu„
1056 2882 1200 2953 Quomodo
1216 2890 1305 2938 ,mem
1322 2880 1387 2938 Levi
1404 2880 1453 2953 qui
1477 2878 1626 2936 secundum
1651 2892 1760 2933 ,amem

108 2958 222 3013 ”250⁰ss
238 2956 392 3013 millium·
409 2953 526 3023 QUflUdO
540 2955 629 3010 0¹¹¹ssss
641 2954 837 3025 l⁰0¹¹l¹0l³¹¹dae
860 2969 910 3011 ⁵⁸·
961 2972 989 3027 in
1005 2972 1104 3027 lumbis
1119 2970 1204 3025 Patris
1218 2977 1284 3027 tunc
1312 2970 1362 3025 suit
1384 2969 1536 3025 decimatus
1561 2974 1612 3033 est,
1637 2974 1665 3021 et
1686 2964 1762 3021 Chri·

108 3046 175 3101 ¹¹¹²5⁸
191 3061 255 3117 ⁸P0⁸
270 3045 399 3116 pellem,
415 3052 442 3099 θῑ
457 3059 530 3100 “¹⁰¹⁵
545 3043 636 3099 Omnia
659 3060 752 3101 ⁸⁰⁰l¹ffi
775 3043 908 3101 d⁰0l⁵¹¹m
924 3086 949 3149 0
963 3067 1032 3129 stus,
1050 3059 1095 3131 qui
1110 3059 1261 3116 secundum
1275 3075 1385 3115 carnem
1400 3057 1501 3113 ibidem
1525 3056 1583 3122 luit,
1608 3055 1761 3111 decimatus

107 3134 245 3205 rapiebat,
271 3142 335 3190 tunc
363 3133 535 3204 omnipotens
561 3148 651 3188 sermo
677 3134 713 3187 ud
739 3133 911 3189 liberandum
965 3176 1020 3215 non
1047 3166 1098 3228 es„
1128 3158 1231 3213 nullam
1264 3173 1375 3215 causam
1409 3157 1489 3212 ,fiam
1527 3154 1642 3212 invem
1679 3168 1762 3225 posse

112 3222 233 3287 mittitur,
251 3230 280 3276 ut
295 3220 411 3291 emplius
426 3220 524 3275 divium
537 3219 633 3293 gratim
646 3237 746 3275 munus
769 3236 910 3277 commen-

107 3310 197 3368 detur.
214 3310 302 3376 l'euit,
314 3310 409 3382 inqiut.
422 3308 513 3378 Quis?
525 3309 627 3364 Sermo
638 3309 779 3374 ditissimi,
792 3310 910 3367 Verbum

108 3398 171 3469 Dei,
188 3399 284 3456 unicus
303 3399 399 3464 Patris,
415 3414 464 3454 rex
480 3396 551 3452 lilius
566 3398 648 3469 regis.
665 3398 753 3467 Unde,
770 3398 813 3456 vel
833 3401 910 3471 quo‘?

109 3489 151 3544 De
176 3502 311 3545 concessu
341 3487 438 3551 Patris,
470 3486 504 3541 ed
532 3485 726 3542 celebrandum
754 3487 911 3558 mysterium

105 3575 254 3649 passionis,
278 3576 312 3631 de
336 3575 492 3648 aequalitate
516 3573 666 3644 maiestatis
690 3576 726 3631 ad
760 3574 911 3646 patibulum

106 3664 210 3735 crucis,
225 3664 260 3720 de
275 3664 341 3720 sede
357 3664 446 3737 rugeli
461 3662 495 3718 nd
510 3660 648 3719 officinam
669 3663 788 3735 peccati,
814 3663 848 3719 de
872 3663 913 3718 lu·

108 3762 180 3818 mine
196 3761 259 3818 curli
274 3778 362 3833 usque
377 3760 412 3816 ad
430 3759 559 3817 tenebras
578 3758 691 3815 inserui.
711 3760 767 3816 Sed
790 3760 913 3833 nunquid

109 3850 173 3907 ideo
203 3866 320 3923 regnum
353 3849 481 3921 perdidit,
509 3849 564 3902 imo
591 3864 638 3904 eos
667 3848 713 3920 qui
740 3849 812 3906 servi
836 3858 913 3906 erant

110 3939 217 4011 peccati
233 3938 356 3993 liberans
371 3937 508 4008 usquead
523 3937 749 4010 conregnandum
762 3937 814 3994 sibi
828 3938 913 3994 subli-

112 4028 205 4095 marit,
223 4035 250 4082 et
264 4027 326 4082 ideo
341 4025 494 4082 fortassisa
520 4025 659 4096 regalibus
687 4026 798 4082 sedibus
824 4027 911 4093 venit,

112 4116 222 4187 quiain
238 4116 320 4171 domo
350 4114 435 4169 Petris
463 4114 517 4170 mei
545 4114 703 4171 mansiones
731 4115 823 4170 multae
851 4124 913 4170 sunt

112 4206 203 4275 (loen.
222 4204 292 4273 χιιι,
311 4211 337 4259 et
353 4202 505 4273 regnabunt
520 4216 583 4258 cum
598 4200 645 4258 illo
658 4202 839 4265 inteternum.
850 4219 912 4259 cum

111 4293 273 4364 occeperint
290 4308 403 4364 regnum
421 4292 492 4363 quod
516 4294 643 4362 paralum
671 4299 714 4347 est
742 4292 778 4347 eb
806 4292 913 4364 origine

108 4394 214 4450 muudi.

111 4584 149 4638 De
165 4598 195 4637 ro
206 4582 277 4654 quod
291 4581 405 4637 l'rrhrutt
420 4595 536 4635 rorarent
553 4580 748 4653 sumpsitcurn
756 4596 840 4653 porto
851 4582 912 4637 sinc

198 4672 292 4742 culpo,
309 4686 373 4726 curti
389 4670 568 4725 mortalitate
583 4672 645 4725 aine
661 4670 826 4742 iniquitute.

149 4825 199 4883 liei
214 4826 305 4898 itaque
319 4826 402 4881 Filius
416 4840 479 4883 cum
494 4833 569 4882 esset
583 4827 741 4900 unigenitus
757 4828 845 4883 Patris
866 4828 914 4883 Fi-

111 4915 166 4971 lius
181 4915 276 4972 rolens
287 4915 338 4970 sihi
348 4914 448 4971 iratres
464 4916 626 4986 adiungere,
642 4916 784 4973 descendit
804 4916 839 4971 ud
861 4920 912 4972 hu·

110 5020 224 5060 manum
236 5019 335 5077 genus,
349 5012 374 5059 et
385 5005 532 5074 assumpsit
542 5005 689 5069 huminem,
701 5010 730 5058 ut
741 5000 845 5059 laceret
862 5004 913 5060 sibi

111 5092 223 5160 iratres,
240 5092 344 5147 nullum
356 5092 512 5162 despiciens
527 5092 553 5146 in
568 5092 687 5147 fraterno
701 5091 763 5147 loco
773 5092 914 5163 suscipere

112 5196 195 5254 quem
212 5182 342 5255 cognorit
357 5180 529 5235 obedientem
538 5180 571 5233 iri
582 5188 780 5251 preceptorum
791 5196 912 5238 suorum.

111 5271 186 5325 ttutti
201 5277 291 5325 cutem
308 5276 431 5341 quaerunt
446 5269 481 5322 de
496 5282 579 5324 carne
595 5266 643 5322 illa
658 5284 739 5341 quarn
754 5270 913 5341 assumpsit,

112 5369 264 5442 qualitera
289 5376 402 5439 peccato
432 5366 535 5422 mtruda
564 5364 683 5432 luerunt,
715 5366 830 5438 qualiter
855 5367 916 5423 sinc

113 5464 231 5529 peccato
245 5472 353 5527 poenam
369 5454 472 5526 peccati
494 5454 650 5524 portaverit.
672 5454 707 5510 Et
733 5455 767 5511 de
790 5471 824 5511 eo
842 5457 915 5527 quod

113 5544 229 5617 qualiter
243 5562 259 5599 u
273 5552 388 5616 peccato
404 5542 510 5597 munda
525 5542 635 5598 luerunt
650 5543 691 5599 rel
701 5543 842 5612 mundata,
853 5560 916 5617 quo·

117 5634 244 5690 rumdam
258 5631 466 5691 estimationem
481 5635 576 5687 tecere
585 5646 640 5687 nou
650 5630 794 5701 debemus,
804 5646 839 5689 ue
848 5631 916 5691 torte

119 5722 144 5778 si
158 5736 214 5779 non
228 5730 384 5797 exponatur
397 5734 453 5779 uon
467 5718 603 5791 rideatur,
624 5728 651 5779 ct
671 5720 696 5777 si
715 5736 770 5780 nou
793 5720 917 5780 rideatur

964 3256 1068 3320 putant,
1085 3246 1138 3303 nisi
1147 3246 1210 3319 quin
1221 3262 1285 3304 caro
1305 3246 1368 3303 heri
1385 3262 1446 3303 cum
1466 3246 1545 3317 culpa
1562 3243 1600 3298 ibi
1619 3241 1679 3311 luit,
1696 3256 1762 3299 caro

965 3336 1063 3393 Christi
1077 3352 1131 3392 non
1147 3336 1207 3403 t'uit,
1223 3342 1304 3408 etque
1318 3335 1380 3391 ideo
1394 3334 1468 3409 quod
1485 3340 1596 3406 peccato
1615 3330 1761 3388 obnoxium

965 3443 1033 3504 erat,
1050 3433 1204 3507 expiatione
1214 3433 1324 3509 eguisse
1336 3451 1342 3499 ;
1354 3431 1426 3506 quod
1436 3440 1526 3489 autent
1538 3430 1669 3486 mundum
1681 3436 1761 3500 atque

965 3539 980 3579 e
995 3532 1106 3596 peccato
1122 3522 1239 3579 liberum
1255 3530 1323 3590 erat,
1340 3538 1395 3577 nou
1411 3520 1530 3594 eguisse.
1540 3519 1597 3575 Tali
1608 3533 1763 3591 ergosera-

966 3612 1039 3669 tione
1055 3613 1174 3684 probare
1189 3612 1375 3683 putantquod
1395 3626 1461 3668 caro
1478 3609 1535 3678 itta,
1555 3626 1616 3681 qum
1636 3623 1654 3663 a
1679 3606 1764 3662 verbo

966 3720 1105 3782 assumpta
1133 3718 1184 3777 est,
1197 3725 1336 3781 nunquam
1352 3708 1474 3764 obnoxie
1485 3715 1599 3779 peccato
1614 3704 1704 3771 luerit,
1714 3703 1764 3759 sed

967 3799 1002 3854 ab
1018 3799 1093 3854 initio
1107 3799 1164 3853 sive
1179 3798 1207 3852 in
1223 3814 1255 3853 eo
1271 3814 1285 3853 a
1300 3813 1356 3870 quo
1370 3796 1514 3854 descendit
1528 3796 1586 3851 sire
1601 3794 1628 3849 in
1646 3792 1690 3849 his
1713 3807 1763 3864 per

966 3903 1035 3960 quos
1050 3887 1202 3951 descendit,
1219 3887 1321 3942 munda
1337 3894 1443 3942 servata
1459 3885 1494 3940 sit
1508 3900 1526 3939 a
1540 3890 1663 3956 peccato,
1673 3888 1702 3937 ut
1717 3880 1763 3935 ali-

967 3984 1076 4056 quando
1091 4000 1153 4040 esse
1167 3983 1255 4055 possit
1270 3983 1360 4039 hostia
1378 3998 1429 4053 pro
1443 3989 1565 4052 peccato.
1584 3979 1638 4035 Scd
1654 3975 1764 4034 catholi·

966 4089 1006 4130 cae
1021 4072 1145 4129 veritatis
1159 4071 1283 4128 diffinitio
1297 4071 1395 4127 Filium
1408 4070 1458 4126 Dei
1472 4071 1517 4141 qui
1531 4083 1583 4140 pro
1607 4064 1762 4138 peccatori·

966 4162 1018 4216 bus
1032 4169 1059 4216 et
1074 4162 1107 4218 de
1122 4159 1320 4232 peccatoribus
1335 4167 1415 4214 natus
1430 4166 1472 4213 est
1486 4158 1521 4213 de
1542 4172 1626 4215 carue
1646 4152 1764 4210 obnoxia

966 4266 1079 4330 peccato
1094 4272 1208 4315 carnem
1223 4256 1406 4327 assumpsisse
1420 4255 1519 4311 asserit
1534 4254 1648 4310 liberam
1664 4268 1679 4306 a
1700 4266 1764 4323 pec-

966 4355 1036 4416 cato,
1056 4352 1082 4403 et
1097 4346 1161 4403 ideo
1175 4346 1287 4402 liberem
1302 4345 1364 4419 quie
1384 4345 1539 4401 liberatem.
1562 4343 1627 4398 ldco
1648 4340 1762 4396 liberam

926 4442 952 4501 Ι)
967 4452 1021 4492 nou
1036 4436 1101 4509 quia
1114 4435 1167 4492 sub
1183 4435 1231 4491 illo
1245 4450 1365 4508 unquam
1376 4434 1435 4499 fuit,
1448 4434 1497 4489 sed
1510 4431 1633 4507 quiesub
1643 4430 1689 4487 illo
1702 4444 1763 4485 esse

967 4533 1117 4606 aliquando
1131 4532 1261 4590 cessarit.
1282 4530 1398 4601 Quando
1412 4537 1550 4602 assumpte
1566 4536 1617 4597 est,
1633 4526 1765 4582 mundata

966 4638 1021 4679 est.
1043 4623 1094 4677 Per
1109 4620 1232 4678 eamdem
1253 4621 1353 4691 quippo
1380 4619 1496 4692 gratiam
1521 4625 1620 4673 notura
1647 4616 1765 4670 humana

965 4711 1097 4767 mundato
1109 4718 1151 4767 ost
1167 4719 1195 4766 ut
1210 4712 1296 4766 rerbo
1310 4708 1360 4765 liei
1375 4708 1488 4765 liberea
1508 4713 1621 4778 peccato
1629 4702 1763 4759 uniretur.

968 4812 1020 4865 Per
1034 4824 1114 4880 quern
1130 4807 1325 4864 Christianuso
1340 4814 1454 4877 peccato
1464 4803 1602 4869 liberatur,
1627 4809 1657 4856 ut
1675 4799 1764 4855 eidem

967 4906 1072 4953 naturae
1085 4896 1256 4953 Christianus
1270 4896 1297 4950 in
1313 4894 1424 4950 Christo
1439 4893 1528 4963 cepite
1549 4891 1678 4947 societur.
1702 4892 1762 4960 hp-

967 4995 1061 5057 pereet
1075 4986 1167 5058 itaque
1181 4983 1271 5049 nobis,
1288 4984 1359 5039 sicut
1375 4980 1438 5037 dicit
1463 4982 1559 5035 leatus
1585 4977 1763 5051 Augustinus,

967 5085 1057 5157 gratia
1072 5084 1206 5139 innostro
1235 5080 1334 5152 capite,
1363 5077 1435 5133 unde
1466 5075 1614 5132 secundum
1641 5075 1766 5131 uniuscu-

966 5176 1064 5244 jusque
1079 5186 1235 5226 mensuram
1252 5184 1284 5223 se
1298 5182 1349 5238 per
1361 5173 1459 5222 cuncta
1473 5163 1598 5219 membra
1613 5163 1672 5233 eius
1686 5161 1765 5219 dillu-

968 5260 1016 5315 dit.
1034 5262 1074 5315 Ea
1089 5259 1178 5331 gratie
1193 5258 1222 5313 lit
1234 5258 1270 5313 eh
1285 5256 1362 5311 initio
1375 5254 1439 5310 fidei
1453 5270 1510 5309 sum
1520 5254 1603 5310 horno
1613 5254 1766 5325 quicunque

969 5356 1148 5423 Christianus,
1165 5371 1218 5425 qua
1232 5352 1320 5427 gratia
1335 5352 1417 5407 homo
1431 5348 1477 5406 ille
1492 5349 1526 5404 ab
1540 5347 1617 5405 initio
1645 5366 1695 5406 suo
1724 5348 1765 5403 ia·

968 5451 1028 5500 ctus
1042 5450 1084 5499 est
1099 5442 1236 5499 Christus.
1253 5444 1293 5498 Dc
1308 5440 1369 5512 ipso
1383 5438 1481 5512 spiritu
1496 5445 1523 5494 et
1536 5437 1581 5494 hic
1595 5448 1710 5494 renatus
1733 5436 1767 5492 de

970 5548 1024 5605 quo
1037 5541 1079 5589 est
1093 5532 1139 5589 ille
1152 5540 1232 5587 natus
1247 5530 1344 5588 eodem
1359 5530 1456 5602 spiritu
1471 5526 1501 5582 lit
1524 5527 1553 5582 in
1575 5526 1655 5583 uobis
1674 5525 1769 5583 remis·

970 5628 1011 5685 sio
1025 5638 1211 5702 peccatorum,
1227 5642 1282 5701 quo
1305 5625 1402 5699 spiritu
1421 5625 1523 5683 lactum
1547 5630 1589 5679 eat
1611 5630 1641 5679 ut
1663 5622 1768 5679 nullum

970 5718 1084 5777 haberet
1097 5718 1144 5778 illc
1156 5727 1311 5793 peccatum.
1330 5716 1377 5775 Sic
1392 5730 1461 5792 ergo
1475 5714 1573 5772 lactum
1588 5718 1630 5768 est
1642 5726 1693 5783 per
1704 5714 1769 5783 grt-
