3780 6038
83 252 155 309 1077

536 242 828 301 bushoaavtortas
847 240 900 297 SS.
924 242 1076 300 attauh.
1094 272 1130 285 -
1148 243 1215 298 lla.
1233 243 1273 299 ll.

1660 242 1731 297 ltt'ls

82 366 163 423 animi
178 363 309 437 pudicitia
323 361 456 434 eorporis,
476 369 502 417 et
517 360 544 415 in
563 361 642 415 malis
662 361 691 417 id
727 364 799 435 quod
824 365 878 437 ipsi
895 366 916 433 Α
935 365 1031 422 laisum
1047 375 1098 433 est,
1115 366 1159 423 vel
1182 376 1286 423 eertum
1314 366 1416 423 habere
1430 381 1482 438 pro
1511 365 1624 433 incerto,
1640 364 1733 421 incer-

83 456 199 512 l'eeimus
214 470 247 510 eo
262 452 335 523 quod
351 450 410 507 lieri
425 450 541 506 sinimus
555 450 643 515 mains
657 458 709 507 est.

123 548 154 599 ln
168 544 211 599 his
225 558 293 616 ergo
325 549 387 597 octo
401 539 551 613 generibus
574 549 645 596 tauto
660 541 777 613 quisque
792 539 884 599 minus

87 649 191 714 peceat,
207 656 268 696 cum
289 639 429 704 mentitur,
451 645 552 710 quanto
567 637 683 707 emergit
696 639 730 692 ad
745 646 882 706 octavum,

86 740 216 802 tantoque
230 729 347 799 amplius
362 735 462 797 quanto
478 725 593 798 emergit
608 726 643 780 ad
658 727 787 796 primum.
805 727 884 796 Quis-

87 821 148 893 quis
163 825 258 874 autem
271 833 333 873 esse
346 815 456 885 aliquod
479 830 566 885 genus
576 815 712 871 mendacii
728 816 801 887 qaod
816 832 883 886 pec-

87 926 177 977 catam
193 931 246 971 non
261 915 296 969 sit
313 913 457 985 putaverit,
478 912 596 984 decipiet
620 913 742 983 seipsum
757 913 881 984 turpiter,

87 1023 147 1064 cum
172 1007 315 1062 honestum
334 1019 365 1058 se
384 1002 562 1073 deceptorem
581 1001 728 1057 arbitratur
755 1001 881 1057 aliorum.

87 1095 234 1152 blendaces
266 1093 356 1162 itaque
388 1089 491 1146 iaciunt
510 1098 539 1145 ut
568 1105 620 1147 neo
639 1106 705 1147 vera
732 1090 886 1146 dicentibus

87 1194 233 1254 credatur:
250 1189 340 1247 reddit
358 1188 431 1244 enim
446 1204 520 1259 saepe
539 1187 683 1245 hominem
698 1188 783 1244 multa
808 1187 885 1243 salsi-

87 1290 131 1339 tas
145 1281 227 1337 etiam
241 1279 270 1335 in
288 1278 400 1335 veritate
414 1284 583 1348 suspectum.
599 1277 677 1349 Saepe
691 1293 757 1333 vera
771 1276 887 1350 promit-

936 459 1029 512 tamve
1039 473 1089 527 pro
1104 464 1191 523 certo,
1206 458 1266 512 sive
1282 455 1376 512 laisum
1405 456 1440 511 ait
1455 456 1513 511 sive
1527 470 1634 511 verum.
1652 453 1732 511 Unde

937 553 962 601 el
976 545 1090 601 baeritiei
1116 545 1158 601 rel
1174 545 1236 600 salsi
1262 546 1401 617 prophetae
1429 543 1677 617 pseudopropheta
1692 542 1734 597 di-

937 649 1043 706 cuntur,
1059 641 1124 713 quia
1138 641 1294 713 Scripturas
1308 657 1362 697 non
1378 656 1448 697 sano
1461 657 1543 698 sensu
1558 640 1676 711 sapiant,
1685 638 1735 696 sed

938 746 983 785 eas
998 730 1033 785 ad
1061 746 1181 787 errorem
1196 747 1286 801 pravae
1304 730 1492 803 intelligentias
1504 731 1606 786 ducant
1620 749 1630 796 ‚·
1644 744 1735 801 neque

937 817 1101 888 semetipsos
1115 834 1208 874 earum
1233 818 1359 875 sensibus
1384 817 1512 885 subdunt,
1543 817 1651 874 sedeas
1666 833 1735 888 per-

937 930 1018 971 verse
1032 916 1067 969 sd
1082 931 1202 971 errorem
1218 919 1359 988 proprium
1375 916 1495 973 trahunt.
1515 917 1646 971 Doctores
1658 929 1735 971 erro·

938 1020 1008 1072 mm,
1023 1003 1129 1061 scilicet
1142 1005 1274 1074 haeretici,
1290 1005 1380 1076 pravis
1394 1004 1626 1077 persuasionibus,
1636 1003 1673 1059 ila
1687 1019 1737 1075 per

939 1100 1104 1166 argumenta
1119 1093 1309 1149 fraudulentia
1320 1109 1385 1150 suos
1407 1093 1516 1165 illigant
1539 1092 1690 1160 auditores,
1706 1098 1737 1147 ιιι

940 1206 988 1247 ιιι
1002 1190 1078 1263 qnasi
1092 1190 1248 1264 labyrintho
1261 1190 1411 1262 implicent,
1424 1206 1441 1247 a
1455 1206 1508 1263 qao
1522 1191 1600 1247 exire
1613 1205 1668 1247 noa
1681 1203 1735 1245 vs·

939 1279 1022 1336 leant.
1038 1281 1123 1337 Tanta
1153 1287 1195 1336 est
1223 1280 1411 1337 hereticorum
1439 1279 1581 1345 calliditas,
1611 1286 1640 1335 ιιι
1668 1276 1737 1334 falsa

87 1372 120 1428 tit
134 1371 180 1443 qui
194 1368 265 1425 falsa
279 1367 402 1424 dicturus
412 1374 462 1431 est,
474 1373 585 1434 ut,eum
599 1367 717 1438 primam
728 1366 887 1436 acquisierit
942 1368 1013 1427 veria
1040 1368 1168 1439 malaque
1194 1369 1274 1425 bouis
1305 1369 1498 1441 permisceant,
1519 1367 1738 1441 salutaribusque

89 1468 182 1536 iidem,
198 1468 233 1523 ad
252 1466 357 1538 reliqua
376 1464 520 1521 mendacia
542 1465 686 1521 audientes
700 1465 828 1523 credulos
843 1465 886 1520 la·
940 1469 1023 1524 rebus
1054 1468 1220 1540 plerumque
1254 1483 1378 1525 errorum
1397 1467 1473 1523 airus
1490 1467 1662 1535 interserant,
1684 1480 1738 1538 qao

89 1559 156 1616 ciat.
184 1555 275 1612 hlultis
294 1555 420 1611 videntur
439 1569 504 1610 vera
526 1569 589 1609 esse
607 1570 669 1626 quae
687 1552 756 1609 lalsa
775 1561 848 1620 sunt,
860 1560 888 1609 et
940 1556 1048 1613 facilius
1061 1556 1167 1629 possint
1194 1557 1357 1628 pravitatem
1389 1556 1515 1628 perversi
1538 1554 1674 1629 dogmatis
1685 1554 1738 1611 sub

89 1648 152 1704 ideo
179 1661 234 1701 non
262 1660 295 1699 ιιι
314 1644 382 1709 1)ιο,
402 1643 453 1698 sed
481 1659 515 1698 ex
534 1658 585 1698 suo
602 1642 747 1698 mendacio
766 1641 888 1713 loquua-
941 1645 1033 1716 specie
1047 1647 1213 1718 persuadere
1240 1646 1371 1702 veritatis.
1403 1645 1570 1715 Plerumque
1598 1643 1650 1698 sub
1685 1657 1739 1699 no·

90 1755 145 1801 tur.
166 1745 368 1814 Nonnunquam
383 1739 490 1795 lalsitas
503 1739 653 1812 veriloquio
672 1739 841 1811 adjungitur,
858 1746 885 1794 et
898 1726 925 1787 Β
940 1741 1013 1796 mine
1042 1741 1238 1798 catholicorum
1276 1743 1418 1798 doctorum
1446 1741 1568 1798 haeretiei
1596 1755 1645 1797 sua
1668 1739 1742 1796 dicta

90 1835 252 1907 plerumque
271 1846 288 1886 a
307 1829 420 1887 veritate
439 1829 535 1900 incipit
562 1829 610 1900 qui
628 1827 699 1883 salsa
726 1826 884 1900 conlingat
941 1830 1127 1899 conscribunt,
1144 1837 1172 1885 ιιι
1196 1830 1380 1887 indubitanter
1394 1830 1465 1887 lecta
1481 1830 1642 1887 credantur.
1660 1829 1740 1885 Non·

90 1924 259 1992 lateatsaepe
270 1936 337 1976 vera
348 1918 533 1975 circumlinita
544 1917 624 1973 melle
636 1916 792 1986 verboram,
806 1925 888 1972 ettaa
941 1936 1078 1990 uunquam
1106 1918 1291 1991 blasphemias
1320 1934 1384 1973 suas
1407 1918 1503 1975 latenti
1531 1918 1596 1973 dolo
1609 1917 1639 1972 iu
1661 1916 1741 1973 libris

91 2023 137 2077 diu
151 2021 285 2085 deceptor
314 2017 457 2074 veritatem
472 2015 591 2082 simulat,
611 2029 754 2086 quousque
769 2013 888 2069 lallando
943 2023 1097 2072 nostrorum
1112 2016 1287 2081 intersemnt,
1304 2015 1513 2086 doctrinamque
1527 2030 1624 2070 veram
1637 2013 1742 2071 adulte·

90 2110 221 2181 decipiat.
239 2109 439 2177 Nonnunquam
454 2106 534 2176 pejus
548 2108 590 2161 est
611 2104 784 2160 mendacium
798 2102 889 2158 medi·
943 2105 1030 2161 rando
1041 2113 1226 2175 corrumpunt,
1237 2106 1341 2161 scilieet
1356 2104 1398 2162 vel
1413 2102 1569 2174 adjiciendo
1583 2120 1645 2175 qua
1658 2102 1743 2175 impia

90 2199 143 2257 tari
172 2213 252 2270 qaam
279 2196 363 2267 loqui.
384 2195 454 2250 Nam
472 2193 607 2249 interdum
624 2193 740 2264 quisque
762 2192 888 2247 incautas
943 2203 1015 2261 sunt,
1032 2194 1075 2250 vel
1090 2192 1238 2250 auferendo
1252 2210 1313 2263 ques
1327 2194 1372 2265 pia
1386 2201 1458 2248 sunt.
1474 2192 1559 2247 Caute
1573 2192 1741 2259 meditanda,

92 2295 160 2352 solet
176 2310 212 2350 ex
227 2292 442 2364 praecipitatione
456 2291 531 2362 loqui
560 2288 743 2355 mendacium,
764 2286 888 2343 meditari
943 2300 1078 2365 cautoque
1097 2307 1180 2347 sensu
1199 2290 1344 2364 probanda
1381 2297 1445 2345 sunt
1472 2306 1532 2362 quae
1557 2288 1695 2359 leguntur,
1710 2295 1741 2345 ut

91 2392 243 2439 autemnon
252 2380 401 2452 potestnisi
410 2396 458 2452 per
469 2377 888 2449 studiumGraviasergoilleex
940 2382 1016 2451 juata
1031 2380 1182 2452 apostolica
1196 2380 1308 2446 monita,
1323 2386 1350 2436 et
1362 2386 1503 2435 teneamus
1518 2395 1580 2449 qnae
1594 2385 1671 2435 reola
1680 2384 1745 2433 suut

91 2472 180 2528 studio
200 2470 313 2526 mentiri
338 2470 507 2541 perhibetur.
524 2468 644 2537 quernis
659 2464 889 2538 qutexprueeipi-
944 2471 970 2539 (1
983 2470 1077 2527 aleas.
1099 2470 1133 2537 ι),
1163 2479 1189 2524 ιι
1216 2467 1363 2526 retutemus
1395 2483 1456 2540 qua
1473 2467 1613 2524 contrariu
1631 2465 1744 2523 veritati

92 2572 192 2626 tatione
212 2568 271 2625 solu
292 2566 434 2621 mentitur.
472 2566 651 2635 Summonere
671 2563 829 2619 cavendum
848 2564 891 2617 est
944 2568 1062 2624 existunt
1078 2566 1200 2639 ;.steque
1215 2566 1294 2623 hunis
1307 2565 1487 2633 astruamur,
1503 2572 1532 2620 ut
1546 2579 1563 2621 ι
1577 2560 1745 2621 matisitlaesi

92 2676 173 2716 omne
189 2655 374 2722 mendacium,
387 2654 511 2725 quamvis
530 2668 725 2724 nonnunquam
735 2652 769 2705 sit
779 2648 890 2722 aliquod
944 2671 1166 2727 permaneamus,

91 2747 229 2805 mendacii
244 2761 333 2818 genus
348 2745 436 2815 culpae
450 2741 570 2805 levioris,
586 2741 610 2796 si
624 2740 766 2813 quisquam
783 2753 833 2810 pro
848 2752 890 2792 sa-

93 2849 147 2901 lute
162 2844 301 2900 hominum
325 2842 485 2896 mentiatur.
510 2839 565 2896 Sed
594 2838 658 2910 aquia
672 2837 803 2908 seriptum
820 2843 861 2892 est
881 2852 889 2891 ε

95 2959 106 2985 ι
123 2934 162 2990 Os
178 2933 251 3006 quod
266 2930 397 2988 mentitur
415 2929 515 2985 occidit
533 2928 651 2983 animam
666 2928 746 2998 (Sap.
762 2928 793 2997 ι),
811 2948 823 2973 ι
840 2932 887 2980 ιιι

96 3023 213 3079 ιΡιιιιιι
228 3038 276 3077 eos
291 3021 339 3093 qai
357 3020 507 3090 loquuntur
521 3017 693 3073 mendacium
708 3014 803 3085 (Pani.
820 3014 857 3084 v).
876 3036 888 3063 ι

93 3122 145 3177 hoo
161 3136 269 3191 quoque
280 3117 512 3187 mendaciigenus
527 3113 641 3186 perlecti
656 3113 706 3168 viri
716 3126 890 3183 summopere

92 3210 212 3281 lugiunt,
227 3216 255 3262 ut
268 3223 320 3263 neo
336 3206 400 3262 vitia
414 3204 562 3273 cujuslibet
574 3220 625 3276 per
638 3218 734 3258 eorum
753 3200 890 3257 fallaciam

92 3298 284 3359 defendantur,
296 3312 350 3351 noc
365 3294 527 3351 sutaanimte
539 3301 658 3348 noceant
683 3292 747 3347 darn
762 3298 891 3360 praestare

92 3398 215 3453 nituntur
228 3394 328 3450 alienos
343 3393 429 3459 carni,
445 3406 601 3463 quanquam
616 3390 667 3445 hoc
682 3387 770 3460 ipsum
785 3396 891 3459 peccata

92 3502 180 3559 genus
193 3483 323 3540 facillime
337 3482 481 3539 credamus
496 3479 623 3535 relaxari.
642 3479 711 3534 Nam
726 3477 748 3531 si
762 3476 892 3548 qnaelibet

92 3576 170 3646 culpa
185 3572 310 3644 sequenti
324 3571 452 3627 mercede
467 3577 611 3641 purgatur,
627 3574 728 3640 quanto
743 3564 891 3637 magisboc

93 3671 172 3728 lacile
185 3669 352 3741 abstergitur
366 3684 447 3740 qnam
462 3681 568 3723 meroes
583 3665 643 3737 ipsa
674 3661 886 3719 concomitatur.

93 3760 177 3817 blults
190 3758 367 3823 mentiuntur,
383 3757 466 3811 ruuttu
495 3754 600 3828 lingunt
626 3752 762 3818 homines,
778 3757 891 3823 propter

92 3849 234 3905 hominum
253 3848 359 3903 laudem
379 3864 385 3901 :
405 3845 499 3916 sicque
528 3842 557 3898 fit
576 3849 605 3898 ιιι
623 3849 650 3897 ιι
668 3840 713 3897 isti
731 3838 891 3896 mentiendo

91 3954 214 4020 pereant,
230 3953 257 4001 et
268 3960 316 4000 eos
332 3960 400 4016 quos
415 3942 526 3999 laudaut
537 3941 572 3997 ad
584 3957 660 3997 vana
674 3938 770 4013 qloriae
785 3937 891 3992 ruinam

93 4036 254 4109 perducant.
289 4034 365 4091 Sicut
392 4033 462 4088 bene
485 4031 537 4088 sibi
555 4030 682 4087 conscius
709 4044 765 4084 non
798 4024 893 4081 metuit

92 4125 306 4197 elienaeliaguae
324 4122 487 4188 convicium,
508 4120 546 4175 ita
574 4127 600 4175 et
629 4118 674 4188 qui
699 4117 824 4173 laudatur
856 4115 891 4170 ab

93 4224 158 4288 alio,
175 4238 230 4278 non
249 4221 332 4277 debet
350 4235 475 4276 errorem
503 4218 599 4273 alienas
627 4216 714 4271 laudis
734 4213 889 4279 attendere,

92 4313 142 4368 sed
178 4311 266 4385 magis
292 4309 479 4381 unusquisque
504 4305 687 4362 testimonium
716 4302 890 4360 conscientias

92 4418 149 4457 suae
168 4408 296 4473 quaerat:
317 4398 360 4454 cui
375 4398 433 4468 ipse
447 4396 510 4467 plus
529 4411 651 4466 praeaeus
663 4408 743 4464 quam
770 4390 816 4447 ille
843 4390 889 4461 qui

92 4498 195 4555 laudat.
214 4520 225 4547 ι
242 4496 318 4568 Opus
332 4495 406 4551 enim
420 4511 499 4551 suum
509 4492 700 4564 unusquisque
714 4491 819 4557 probet,
834 4512 845 4537 ι
858 4492 888 4542 ιιι

92 4588 128 4643 eit
143 4586 294 4658 Apostolus
309 4586 383 4656 (Gal.
400 4585 447 4651 val,
466 4607 477 4633 u
494 4593 521 4638 et
535 4590 599 4638 tuno
617 4581 645 4637 in
660 4578 756 4652 seipso
772 4578 888 4651 quisque

92 4677 209 4750 gloriam
240 4674 379 4739 habebitur
396 4672 503 4730 occulte
521 4672 548 4726 in
568 4687 615 4726 sna
635 4667 812 4736 conscientia,
833 4682 889 4721 nou

91 4775 184 4847 palam
199 4774 226 4829 in
239 4773 326 4829 aliena
340 4771 445 4843 linqua.
459 4768 641 4841 perfectiqui
656 4767 711 4823 alta
726 4765 818 4821 radice
829 4764 885 4819 lna·

93 4864 148 4919 dati
163 4872 235 4932 sunt,
251 4862 315 4919 etsi
338 4860 445 4916 llamiue
460 4858 549 4915 laudis
562 4873 595 4914 ac
611 4855 825 4926 vituperationis,
846 4862 889 4909 ut-

94 4968 201 5023 cunque
230 4952 313 5023 quasi
340 4958 483 5006 ventorum
503 4947 638 5003 interdum
665 4950 810 5001 curventur
834 4943 889 4997 im·

93 5048 184 5122 pulsu,
199 5047 321 5105 funditus
344 5055 433 5103 tamen
456 5062 510 5102 non
525 5043 697 5115 dejiciantur,
724 5042 774 5097 sed
800 5040 888 5112 proti-

92 5154 145 5194 nus
159 5136 289 5193 firmitate
304 5135 404 5193 radicis
417 5135 452 5190 ed
467 5152 498 5191 ss
512 5134 641 5189 redeunt.
661 5133 734 5188 Bona
763 5146 840 5186 mens
854 5128 890 5185 ad

93 5226 195 5283 rualum
211 5241 262 5283 nac
276 5224 395 5296 premiis
422 5238 474 5281 uec
502 5221 653 5281 terroribus
667 5219 783 5277 vincitur
799 5236 806 5283 ;
827 5234 890 5273 nam

92 5323 178 5397 iniqui
210 5332 343 5380 terrorem
374 5319 513 5376 blanditiis
541 5318 669 5389 miscam,
689 5323 718 5373 ιιι
737 5324 783 5372 aut
810 5315 890 5373 oble·

92 5411 212 5471 statione
226 5424 390 5483 quemquam
405 5407 552 5481 decipient,
567 5416 613 5463 sut
634 5405 784 5463 terroribus
812 5404 888 5461 iran-

92 5507 169 5573 gaus.

342 5614 381 5671 lle
393 5613 478 5687 [abia
486 5610 641 5687 prophetis.

981 2786 1061 2856 Quod
1076 2792 1168 2843 autem
1181 2787 1302 2842 loannes
1317 2785 1352 2841 de
1366 2784 1467 2840 talibus
1481 2784 1621 2856 prophetis
1630 2783 1743 2855 inspo-

944 2875 1050 2948 oalppsi
1066 2892 1114 2932 aaa
1128 2876 1202 2932 dicat
1229 2875 1405 2931 videamus·
1423 2873 1494 2939 Vidi,
1513 2897 1525 2924 s
1541 2873 1696 2945 iuquiens«
1707 2872 1744 2929 da

945 2981 994 3021 ore
1006 2965 1145 3032 draconis,
1163 2973 1188 3019 el
1198 2963 1232 3019 de
1246 2979 1294 3019 ore
1309 2962 1413 3031 bestia,
1442 2969 1469 3017 et
1497 2961 1531 3017 de
1546 2977 1594 3018 ore
1621 2960 1743 3032 pseudo-

905 3083 930 3149 G
946 3063 1084 3135 prophetoe
1111 3062 1222 3133 spiritus
1237 3068 1293 3117 tres
1319 3060 1475 3115 immundos
1489 3059 1518 3114 in
1531 3059 1641 3116 modum
1666 3073 1746 3113 rana·

944 3168 1006 3208 nrm
1017 3152 1109 3209 exisse
1123 3152 1220 3224 (ripae.
1247 3153 1337 3220 avil.»
1355 3147 1427 3218 Quid
1441 3157 1484 3204 est
1512 3149 1620 3204 draco?
1635 3146 1689 3203 hoo
1703 3152 1745 3203 ιιι

944 3250 972 3299 ιι
986 3241 1072 3297 bestia
1087 3249 1113 3297 et
1128 3239 1379 3311 pseudopropheta,
1396 3237 1422 3292 id
1451 3244 1496 3293 est
1521 3236 1648 3292 diabolus
1677 3250 1743 3293 com

883 3386 889 3399 .
944 3339 1018 3397 omni
1032 3353 1145 3410 corpore
1160 3352 1222 3392 suo.
1241 3336 1342 3392 Tamen
1369 3342 1478 3406 propter
1493 3334 1650 3389 instantiam
1681 3348 1746 3404 per-

945 3443 1074 3485 sonarum
1090 3436 1116 3482 et
1129 3433 1292 3498 potestatum
1307 3424 1353 3479 illa
1365 3431 1563 3481 commemorat
1592 3439 1654 3495 quea
1680 3437 1744 3478 ma-

941 3519 1031 3588 jorem
1046 3517 1147 3572 habent
1161 3522 1321 3586 potestatem
1337 3514 1439 3585 inipso
1454 3516 1588 3569 malorum
1615 3527 1744 3583 corpore,

944 3615 1092 3673 draconem
1107 3613 1222 3681 scilicet,
1237 3613 1264 3667 id
1282 3620 1323 3669 est
1338 3611 1477 3667 diabolum
1495 3630 1502 3678 ς
1519 3610 1647 3673 bestiam.
1663 3608 1744 3666 dnti-

945 3705 1079 3762 ehristum
1097 3722 1105 3770 3
1125 3703 1403 3775 pseudoprophetam,
1421 3698 1745 3767 idest,doctorese1'as·

944 3795 1009 3850 dem
1024 3792 1181 3850 antichristi
1206 3807 1268 3849 oum
1296 3789 1429 3859 subjectas
1457 3788 1596 3860 plebibus.
1628 3788 1670 3843 lla
1695 3801 1744 3842 ora

945 3891 1065 3947 omnium
1080 3888 1430 3961 hommegrediunturtres
1454 3886 1572 3956 spiritus,
1602 3884 1648 3954 qui
1675 3882 1744 3938 nihil

946 3990 1009 4037 sunt
1022 3980 1097 4036 aliod
1112 3980 1165 4033 nisi
1178 3995 1249 4033 unus
1264 3976 1391 4047 spiritus.
1409 3976 1497 4029 Tanta
1512 3974 1614 4045 qnippe
1640 3970 1743 4027 malitia

944 4070 1094 4126 estunilas
1109 4068 1136 4122 in
1162 4066 1291 4121 omnibus
1316 4064 1496 4128 daemonibus,
1525 4070 1564 4129 ut,
1589 4076 1649 4118 cum
1664 4060 1743 4116 mulli

945 4169 999 4223 sint
1013 4172 1148 4238 potestate
1161 4171 1188 4219 ιι
1197 4162 1311 4229 malitia,
1326 4163 1354 4217 in
1367 4177 1450 4217 unum
1472 4168 1563 4215 tamen
1578 4159 1740 4231 redigantur

945 4271 1094 4321 consensu,
1105 4253 1167 4310 licet
1175 4252 1285 4307 diverso
1294 4251 1385 4315 modo,
1393 4247 1742 4319 eadempotestateseiliaet

945 4353 971 4401 et
988 4342 1090 4399 malitia
1105 4341 1230 4397 homines
1252 4339 1424 4413 impugnent.
1453 4337 1531 4395 Unde
1545 4354 1615 4394 ιιιιιιι
1641 4337 1742 4393 dieitur

903 4441 1056 4512 Dspiritus
1080 4439 1210 4503 mendax,
1240 4437 1310 4493 alius
1331 4437 1443 4508 spiritus
1456 4434 1656 4503 fornicationis,
1685 4442 1742 4491 ιιι·-

942 4532 995 4586 tius
1010 4529 1122 4600 spiritus
1144 4527 1310 4584 immundus.
1339 4528 1411 4582 Bene
1440 4533 1530 4582 autem
1558 4524 1670 4597 spiritus
1685 4523 1740 4578 im-

941 4619 1059 4675 mundus
1092 4617 1192 4673 dieitur
1217 4624 1331 4688 propter
1371 4623 1483 4687 peccata
1522 4612 1618 4686 gravia
1640 4613 1740 4685 quibus

941 4714 1100 4770 sordidatas
1114 4718 1169 4778 est,
1185 4718 1212 4767 et
1228 4711 1298 4767 alios
1312 4710 1493 4783 coinquinare
1507 4724 1562 4764 nou
1576 4705 1740 4777 cessatlpsi

942 4818 1052 4875 qaoque
1067 4801 1198 4857 immundi
1209 4800 1329 4871 spiritns,
1345 4799 1440 4865 drace,
1456 4798 1543 4854 bestia
1570 4802 1597 4851 et
1625 4794 1741 4866 pseudo·

942 4892 1076 4963 propheta
1090 4890 1226 4953 dicuntur,
1241 4887 1306 4960 quia
1329 4887 1455 4944 diabolus
1482 4892 1510 4942 et
1529 4899 1626 4940 omnes
1653 4882 1741 4957 iniqui

942 5006 1026 5044 unum
1037 4995 1119 5060 caput
1133 4995 1159 5043 et
1173 4986 1299 5043 membra
1313 4993 1389 5040 sunt.
1400 4986 1441 5039 De
1456 4998 1572 5055 quorum
1600 4997 1650 5038 ore
1664 4995 1739 5038 ranas

943 5079 1070 5136 dicuntur
1084 5076 1183 5141 exisse,
1199 5075 1264 5148 qula
1277 5074 1346 5131 sicut
1362 5071 1517 5142 hujusmodi
1531 5069 1664 5126 animalia
1676 5086 1739 5128 mo·

943 5174 1050 5232 lectiam
1064 5173 1186 5229 inierunt
1199 5169 1365 5233 hominibvs,
1379 5167 1505 5225 iaciendo
1519 5165 1665 5238 strepitum
1674 5175 1702 5224 ιι
1711 5167 1740 5224 ia

943 5278 1022 5321 oceno
1046 5261 1193 5327 versando,
1220 5260 1260 5315 ita
1286 5256 1405 5314 ministri
1431 5255 1586 5313 anachristi
1612 5256 1640 5313 in
1658 5270 1739 5315 coeao

943 5368 1118 5433 peccatoram
1144 5364 1296 5424 versantes,
1310 5355 1414 5413 electos
1428 5354 1479 5412 Dei
1492 5369 1543 5411 sna
1565 5354 1738 5429 garrulitate,

942 5449 1028 5507 idest
1053 5446 1146 5505 herisi
1170 5452 1198 5503 et
1218 5444 1396 5517 blasphemia,
1419 5452 1620 5517 persequantur
1646 5451 1741 5501 contra

944 5544 1094 5613 Christum,
1105 5552 1133 5602 et
1145 5542 1309 5617 inquietent.
1328 5540 1383 5615 lpei
1397 5556 1506 5617 qnoque
1520 5542 1674 5609 daemones,
1689 5556 1741 5613 per

944 5651 995 5693 eos
1008 5650 1078 5709 quoa
1095 5632 1296 5701 inhabitabant,
1308 5630 1410 5689 ιιιιιιι
1422 5630 1521 5701 sigas,
1529 5638 1584 5684 aaa
1602 5644 1680 5681 assa
1690 5628 1760 5676 max

128 5737 299 5799 ouuurua
316 5737 390 5797 atus
407 5744 451 5795 us
476 5750 558 5812 pau
585 5750 682 5795 vassu
708 5732 896 5813 pessumas
946 5733 1102 5813 usuum,
1125 5739 1178 5790 aa
1200 5729 1280 5789 ιιιιι
1301 5726 1411 5801 ussus
1429 5718 1559 5791 sassa
1579 5711 1764 5775 aarum
1778 5730 1800 5767 a
1875 5686 1878 5691 ’
