3780 6038
66 236 119 294 ibi

708 238 896 301 EPISTOLAE.
917 272 950 287 ·-
964 242 1026 303 ttu.
1043 238 1089 299 W.

1669 244 1722 308 let

63 360 131 421 titia
147 360 306 422 nauseans
329 377 379 422 eas
394 363 505 439 potestis
529 364 649 440 aperire.
669 364 722 425 Sed
754 384 804 427 nos
819 370 869 426 Dei
882 373 910 435 Α
924 381 951 430 et
965 377 1088 434 veritatis
1103 374 1235 453 sigillum.
1254 373 1302 434 llle
1331 373 1425 451 ntique
1439 371 1473 434 de
1487 372 1550 434 loco
1568 382 1671 444 nostre,
1692 376 1719 433 in

63 452 157 527 gratia
171 468 255 511 eures
270 471 324 512 non
339 454 473 512 habemus
488 455 599 512 sairdas.
619 455 720 515 Cavete
730 458 871 533 igitur,ne

62 557 163 599 manus
179 542 304 599 habeatis
316 553 481 602 contractas.
508 544 587 615 Quod
602 546 625 602 si
640 546 707 602 lorte
724 555 871 606 contractae

64 630 108 686 rel
124 631 213 688 aridae
228 648 302 690 nunc
313 649 400 706 usque
427 632 547 701 luerunt,
564 650 619 690 non
645 635 699 704 jam
714 636 802 703 olivae,
820 636 869 693 sed

63 719 127 776 cleo
151 720 271 791 justitiae
299 730 447 793 ungantur,
475 731 657 790 utsaneatur,
675 732 701 778 et
729 724 869 796 adrepri-

61 808 194 864 mendam
239 809 406 866 lescelinum
430 810 559 882 pestilera
588 811 710 867 inllatum
738 814 870 884 superbia

63 897 150 953 citius
166 897 339 969 aperiantur.
368 900 402 954 Et
432 899 559 972 quoniam
586 916 634 956 eor
649 903 707 969 ejus
737 902 869 973 repletum

63 985 194 1041 norimus
227 987 382 1060 iniquitate,
399 995 425 1043 et
446 996 565 1044 restrum
592 989 730 1044 credimus
758 991 868 1063 plenum

65 1073 212 1142 charitate,
242 1083 300 1131 toto
315 1075 469 1133 dilectionis
483 1076 580 1133 affectu
609 1092 813 1151 roarogaraus,
841 1088 870 1135 ut

66 1163 138 1218 adeo
155 1164 252 1235 vigeat
267 1172 361 1220 eontra
375 1164 451 1219 illum
468 1174 556 1222 vestra
574 1167 699 1238 equitas,
710 1168 869 1240 neamplins

62 1260 163 1308 sancto
188 1252 279 1309 ordini
306 1252 379 1308 illius
403 1254 538 1310 dominari
566 1256 653 1326 possit
675 1255 810 1329 iniquitas.
841 1258 868 1313 st

64 1356 132 1396 rero
152 1340 270 1396 bonitati
284 1348 387 1399 vestite
401 1343 583 1417 suggesserit,
596 1344 658 1415 quia
672 1360 784 1400 causam
799 1361 869 1402 con-

64 1438 105 1485 tra
122 1444 176 1485 vos
205 1431 283 1501 (198)
293 1431 435 1496 habemus,
462 1431 545 1488 nolite
574 1431 725 1505 sihi178
754 1450 869 1506 parcere

926 480 980 535 quo
1011 469 1159 525 monachus
1194 473 1289 524 noster
1318 466 1405 523 iaetus
1433 465 1528 535 luerat,
1559 464 1672 541 anlugh,
1693 474 1720 523 et

925 553 995 609 stola
1020 557 1477 630 secundaeregenerationisrejecta
1488 555 1717 627 occultelagiens,

924 641 1072 699 claustrum
1100 647 1128 700 B.
1153 647 1300 701 Clementis
1324 649 1398 715 (301)
1422 644 1544 717 infregit.
1561 645 1638 702 Unde
1664 661 1718 701 non

925 731 1012 786 solum
1028 733 1158 806 lagitivus
1186 734 1354 807 agnoscitur,
1368 750 1462 789 verum
1479 735 1557 789 etiam
1583 749 1719 804 verapro·

923 820 1058 889 positione
1074 823 1225 895 sacrilegus
1240 838 1301 878 esso
1321 823 1462 893 probatur.
1479 822 1505 876 Si
1516 822 1551 877 de
1579 821 1625 877 ille
1640 821 1718 877 nohis

924 906 1026 965 oliertis
1039 911 1180 979 justitiam,
1197 912 1269 982 qaod
1284 912 1387 981 justum
1402 920 1441 966 est
1455 910 1544 976 laeite,
1561 925 1612 966 nos
1626 911 1661 965 de
1671 910 1719 966 illo

924 996 999 1067 prius
1016 999 1150 1055 investite.
1181 1001 1251 1055 Nam
1281 1017 1329 1054 ros
1346 1000 1472 1070 ignorare
1499 1015 1555 1054 non
1583 999 1719 1055 credimus

924 1087 994 1157 quod
1011 1103 1062 1143 nec
1085 1088 1117 1143 ad
1140 1088 1408 1159 comprovincialem,
1434 1104 1485 1144 nec
1500 1088 1532 1143 ad
1560 1088 1716 1159 generalem

923 1177 1067 1246 synodum,
1083 1176 1273 1233 multominus
1296 1177 1379 1249 igitur
1394 1177 1428 1231 ad
1440 1177 1586 1249 quamlibet
1606 1193 1717 1234 causam

924 1264 1017 1321 vocari
1032 1264 1114 1320 debet
1142 1265 1325 1337 exspoliatus.
1346 1267 1481 1321 l’raeterea
1510 1265 1648 1327 noveritis,
1666 1280 1717 1322 nec

922 1369 1010 1426 genus
1021 1369 1092 1410 verae
1107 1355 1249 1428 religionis
1263 1371 1335 1420 esse,
1349 1370 1401 1410 nec
1425 1354 1532 1426 signum
1556 1370 1630 1425 purte
1645 1353 1716 1409 dilc-

922 1451 1030 1521 ctionis,
1046 1468 1096 1522 pro
1114 1452 1221 1524 Pagani
1236 1452 1414 1507 familiaritate
1436 1451 1613 1523 Philippieam
1629 1460 1716 1506 retra-

69 1525 186 1590 propter
199 1518 261 1583 ¹¹⁰⁰·
275 1518 323 1573 ⁸⁰¹¹
339 1528 440 1592 (111811111
456 1520 510 1575 Sint
523 1520 628 1577 1150618
647 1523 785 1577 ⁰¹¹⁸thss
800 1538 868 1578 ⁰⁰¹¹·
922 1550 997 1595 ctare
1008 1540 1037 1595 in
1052 1541 1180 1608 enricum,
1199 1558 1248 1596 nec
1265 1557 1314 1612 pro
1328 1541 1385 1608 illo,
1402 1542 1423 1595 si
1434 1539 1718 1612 vestraemagnitudini

66 1606 201 1663 ῡῑᾶθηῑθ·
219 1607 342 1663 (31811188
369 1609 452 1676 enim·
469 1609 540 1664 ⁵1⁰¹st
555 1609 624 1666 bene
651 1611 747 1682 ⁰⁰⁵fi⁸r
766 1612 868 1668 ⁸⁰lum·
922 1628 1080 1700 placuisset,
1121 1630 1269 1696 contentio,
1298 1647 1357 1702 quau
1400 1629 1469 1684 inter
1520 1629 1716 1683 monasterium

65 1694 152 1752 '⁰⁰⁶⁰
180 1696 300 1751 micum
328 1696 498 1768 ”Ondffissih
527 1700 716 1755 i'sstllmefitm
737 1700 867 1757 elurieflfi
922 1727 1043 1774 nostmm
1074 1726 1308 1775 elvestrumesse
1336 1719 1449 1786 solebat,
1473 1727 1500 1775 et
1514 1734 1574 1791 quar
1589 1734 1658 1789 pene
1674 1717 1717 1773 vel

65 1792 94 1839 θ*
107 1784 216 1840 smmi
231 1785 342 1841 inimiffl
366 1785 457 1842 ⁰ib¹¹¹¹¹
472 1793 499 1842 ei
513 1794 606 1858 ΡΟῑῦῐῐ1
617 1788 718 1859 hamel
744 1805 806 1846 ⁶¹¹¹¹¹
821 1789 866 1844 hi·
922 1807 1029 1879 penitus
1043 1824 1092 1880 pro
1106 1808 1253 1864 dilectione
1269 1818 1360 1864 vestra
1376 1807 1461 1864 luerat
1483 1806 1625 1874 exstincta,
1642 1805 1716 1862 redi-

67 1872 180 1928 laritate
196 1872 301 1929 tribuit.
316 1874 374 1931 Nos
388 1880 480 1931 tamen
490 1875 590 1932 inimici
600 1877 685 1933 vestri
698 1891 752 1934 noa
762 1894 867 1935 sarnus·
923 1895 981 1950 ,iva
996 1894 1055 1951 fieri
1069 1897 1225 1952 debuisset,
1238 1898 1295 1953 Nos
1312 1912 1378 1953 vero
1392 1897 1569 1969 quodconira
1579 1898 1715 1969 paganum

65 1961 115 2017 Μ
133 1961 229 2017 ⁰¹¹¹ssi⁸
243 1978 307 2035 (luae
323 1962 351 2018 5¹¹
365 1964 443 2020 V⁰b5⁵
457 1965 531 2020 [³⁰⁰⁵
554 1965 652 2037 diligit,
669 1974 697 2022 θῑ
710 1983 760 2022 ¹¹⁰⁸
774 1966 868 2039 diligi·
922 1979 1045 2048 lecimus,
1064 1982 1152 2038 adhuc
1178 1982 1292 2038 lecimus
1308 2000 1315 2046 ;
1331 1997 1383 2038 nec
1397 1988 1546 2037 extractum
1569 1981 1604 2036 de
1618 1981 1717 2050 vagina

64 2066 138 2114 mrs-
154 2058 182 2107 a
205 2051 284 2107 vobis
303 2058 330 2107 a
346 2052 457 2118 vestras,
470 2053 494 2107 si
509 2052 608 2124 praeit,
630 2071 763 2125 germana
784 2055 870 2112 nan-
921 2070 1063 2126 canonae
1077 2070 1188 2140 jussas
1201 2072 1278 2140 180
1300 2070 1430 2143 gladium,
1459 2068 1511 2126 nst
1545 2068 1716 2140 precedente

64 2146 121 2194 tate
138 2137 248 2195 servire
273 2139 414 2196 volumus.
445 2142 516 2197 Nam
535 2142 665 2214 quidquid
692 2143 726 2199 de
749 2143 869 2216 querelis

66 2227 184 2295 nostris,
203 2244 264 2300 quae
278 2229 438 2300 concipiunt
462 2230 586 2286 laborem
599 2240 625 2287 et
638 2231 762 2288 dolorem
773 2240 867 2304 partu·

67 2316 152 2381 nnat,
180 2315 324 2385 laniamus,
352 2318 525 2385 charitatem,
553 2319 626 2392 qued
657 2329 699 2376 est
721 2321 866 2378 vinculum

65 2404 261 2475 perfectionis,
278 2420 347 2478 erga
365 2421 414 2463 vos
440 2422 550 2480 semper
567 2407 713 2482 integram,
742 2412 800 2467 Deo
814 2413 867 2468 Do·

63 2501 161 2559 naute,
191 2492 374 2550 servabimus.
405 2495 535 2565 llaecest,
565 2496 688 2570 inquam,
706 2498 753 2554 illa
781 2499 864 2567 bona,

64 2580 121 2638 imo
136 2581 240 2653 optima
255 2580 351 2650 rirtus,
368 2582 491 2656 sineque
505 2585 608 2642 habere
623 2594 738 2643 caeteras
751 2587 866 2645 virtutes

60 2678 104 2726 est
120 2668 294 2741 damnabile,
310 2678 414 2729 etcum
429 2674 722 2745 quanonhahereeas,
745 2676 863 2733 reniale.

60 2757 168 2825 h'alete,
181 2758 287 2831 etquid
302 2759 336 2817 de
347 2761 399 2827 his,
414 2777 475 2833 quae
489 2763 567 2819 vohis
589 2763 758 2836 scripsimus,
775 2764 864 2822 laetu·

60 2864 108 2901 rua
123 2846 195 2917 sitis,
208 2847 292 2905 nobie
306 2848 460 2907 rescribite.

331 3008 501 3065 nemroth
530 3010 593 3066 xlt.

61 3156 165 3211 Frater
185 3155 327 3228 Goffridus
343 3157 489 3213 llomch'no
505 3158 600 3215 aetati·
617 3158 739 3230 (19918.
758 3160 862 3225 ittotai,

95 3244 220 3313 diligere
234 3244 306 3316 quod
336 3245 408 3302 berta
423 3245 529 3318 diligit,
548 3251 577 3304 et
593 3249 654 3304 odio
670 3247 771 3306 hahere
789 3249 862 3323 quod

96 3333 169 3387 odit.

62 3465 97 3521 lit
115 3465 260 3522 lormieam
280 3466 430 3539 plaustrum
447 3468 555 3525 trabere
583 3469 705 3538 dedecet,
724 3479 750 3526 et
772 3470 864 3528 docto

64 3571 125 3609 rern
143 3555 276 3612 Ecclesiae
303 3572 385 3612 manu
401 3557 685 3623 teneremendaeium,
697 3560 745 3615 sed
757 3568 864 3631 oportet

62 3643 142 3697 illum
158 3644 300 3700 veritatem
323 3662 436 3719 semper
462 3647 613 3719 attendere,
628 3664 683 3704 uon
708 3648 864 3704 relationem

61 3732 227 3788 verborum.
246 3732 275 3789 si
285 3734 428 3792 albericus
439 3751 469 3791 se
478 3736 557 3791 nobis
568 3736 749 3792 condonatum
762 3737 863 3794 dillite-

61 3830 118 3887 tur,
135 3829 163 3877 et
179 3820 203 3876 si
220 3823 357 3894 Pagamus
372 3822 444 3879 lilius
455 3824 594 3894 ejusooot
606 3825 864 3882 inEeolesianostra

59 3909 114 3965 sub
133 3909 214 3965 titulo
228 3912 389 3969 monasterii
413 3913 498 3968 vestri
523 3930 553 3968 se
581 3912 682 3970 laetum
702 3916 863 3971 monachum

59 3997 218 4068 prolitetur,
255 4006 339 4072 negat
367 4010 480 4072 uterque
515 4002 669 4067 veritatem,
699 4004 762 4059 dum
793 4004 863 4059 laiso

56 4086 196 4158 loquitur.
216 4090 292 4158 179
307 4087 387 4158 Quod
404 4090 526 4159 Pagauus
542 4091 620 4147 rohis
630 4091 765 4164 suggerit,
783 4092 861 4148 etiam

57 4188 81 4242 ai
98 4204 196 4244 verum
211 4197 293 4257 esset,
311 4190 381 4246 sicut
406 4192 540 4249 veraciter
556 4192 657 4247 laisum
682 4193 860 4264 dignoscitur,

57 4275 162 4332 discuti
192 4285 282 4333 umen
311 4278 388 4348 prius
415 4278 564 4346 debuisset,
593 4290 737 4352 antequam
774 4280 860 4349 illum,

57 4365 276 4422 reclamantibus
301 4367 443 4423 monachis
472 4368 580 4437 nostris,
604 4369 749 4440 prudentia
775 4379 862 4426 vestra

921 2170 1115 2238 satislactiooa,
1141 2173 1176 2227 ab
1203 2172 1249 2228 illo
1264 2172 1444 2228 retrahemus.
1486 2169 1566 2240 Quod
1593 2169 1616 2224 si
1640 2169 1716 2240 prius

921 2260 1001 2316 aliter
1016 2267 1109 2317 aetum
1124 2259 1262 2335 intelligit,
1291 2276 1341 2317 nos
1355 2268 1445 2315 tamen
1457 2259 1531 2329 juste
1553 2265 1578 2315 et
1590 2258 1714 2314 rationa-

920 2348 1009 2404 biliter
1025 2348 1124 2405 lactum
1140 2365 1212 2421 esse,
1228 2356 1382 2406 sanctorum
1397 2364 1531 2406 canonum
1555 2347 1715 2404 auctoritate

920 2438 1143 2494 monstrabimus.

1181 2607 1349 2665 astaroth
1372 2605 1447 2662 Xlll.

920 2733 1060 2792 Gollrides
1077 2736 1461 2793 l'indocincntismonnaterit'
1478 2735 1594 2792 lrnmllia
1605 2748 1710 2801 certus,

953 2824 1055 2881 domne
1067 2826 1212 2881 Goellerio
1221 2827 1287 2881 vitce
1295 2824 1541 2882 tnadattttsnttatt
1549 2823 1714 2895 &hillesle-

954 2917 1012 2967 tem
1022 2928 1087 2970 cant
1095 2912 1257 2971 dilectionis
1267 2914 1405 2986 obsequio.

954 3040 984 3094 ln
996 3040 1094 3113 regula
1109 3042 1138 3095 B.
1154 3038 1301 3107 Benedicti,
1325 3040 1474 3096 secundum
1489 3054 1569 3112 quam
1595 3035 1712 3111 professi

877 3116 902 3179 (i
917 3144 1020 3197 sumus,
1037 3130 1202 3201 prohibitum
1217 3129 1391 3202 dignoscitur
1416 3138 1441 3184 et
1456 3127 1710 3201 quodestamplius,

917 3218 1079 3274 auctoritate
1103 3219 1189 3275 saneti
1205 3218 1358 3292 Evangelii,
1388 3234 1422 3275 ne
1436 3218 1505 3274 alter
1529 3217 1607 3272 alteri
1622 3215 1711 3284 laciat,

921 3306 994 3377 quod
1010 3307 1062 3363 sibi
1076 3308 1134 3364 lieri
1150 3324 1204 3364 non
1233 3314 1309 3379 optat
1330 3309 1409 3379 (bue.
1426 3323 1464 3373 vt,
1482 3310 1537 3376 31).
1566 3307 1643 3362 Unde
1658 3311 1712 3360 tota

917 3396 1016 3451 mentis
1031 3397 1181 3453 intentione
1197 3399 1349 3452 carendum
1363 3405 1414 3462 est,
1430 3404 1459 3451 ut
1472 3396 1544 3468 quod
1561 3395 1641 3451 nobis
1651 3392 1712 3448 lieri

917 3500 971 3541 non
988 3494 1123 3556 optamus,
1139 3485 1214 3540 nulla
1228 3485 1375 3541 occasione
1388 3485 1448 3540 aliis
1457 3485 1598 3549 iaciamus,
1609 3482 1712 3539 aalidei

917 3582 1017 3629 nostrae
1032 3574 1209 3645 prolessionis
1225 3574 1374 3629 scissuram
1390 3574 1531 3639 iacientes,
1548 3572 1713 3645 evangelicae

917 3663 999 3717 etiam
1027 3662 1179 3717 traditionis
1201 3671 1402 3734 contemptores
1424 3678 1440 3716 a
1469 3664 1526 3718 Deo
1542 3662 1710 3730 judicemur.

918 3751 981 3807 llaee
995 3751 1108 3816 ideireo,
1120 3751 1285 3806 venerabilis
1302 3752 1389 3815 l‘ater,
1407 3751 1609 3822 proposuimus,
1641 3763 1712 3821 quo-

917 3838 990 3893 niam
1015 3839 1143 3894 hominen
1172 3839 1330 3909 quemdam,
1361 3839 1492 3895 Garinum
1522 3838 1626 3894 scilicet
1658 3838 1712 3892 tta-

916 3926 1086 3991 torminosi.
1117 3928 1162 3998 qui
1179 3929 1230 3982 snb
1258 3927 1438 3982 confessionis
1465 3926 1570 3982 actione
1599 3932 1627 3981 et
1655 3941 1712 3981 suae

917 4015 980 4072 lidei
995 4017 1176 4087 promissione
1194 4032 1223 4071 se
1238 4032 1341 4087 suaque
1356 4016 1445 4072 omnia
1459 4015 1538 4070 nobis
1551 4016 1709 4079 devoverat,

916 4105 1005 4160 subita
1017 4120 1140 4175 pressum
1156 4103 1313 4159 infirmitate
1329 4103 1523 4167 monachastis,
1539 4109 1566 4158 et
1577 4117 1620 4157 res
1634 4118 1708 4167 suas,

917 4191 970 4246 imo
992 4200 1110 4258 nostras,
1126 4192 1190 4262 qnia
1212 4191 1343 4247 Ecclesiae
1370 4198 1470 4248 nostrae
1496 4191 1575 4260 prius
1595 4187 1711 4245 fideliter

916 4281 1023 4336 oblatos
1036 4279 1195 4351 accepistis.
1228 4281 1307 4351 Quod
1335 4296 1415 4351 quam
1431 4281 1464 4335 sit
1479 4278 1606 4352 religioni
1628 4278 1709 4333 Chri-

916 4368 1009 4425 stianae
1037 4369 1216 4435 contrarium,
1233 4369 1255 4423 si
1284 4367 1403 4425 scienter
1430 4376 1520 4425 actum
1549 4375 1601 4435 est,
1636 4367 1710 4440 quod

57 4453 242 4525 suscepisset.
267 4455 398 4523 injustum
415 4456 543 4512 estenirn
559 4465 586 4513 et
600 4473 734 4514 canonum
757 4459 859 4530 regalis
873 4475 900 4534 D
915 4457 996 4523 absit,
1025 4473 1075 4512 nos
1100 4457 1211 4512 minime
1237 4457 1312 4523 latet,
1343 4465 1370 4512 et
1393 4472 1441 4513 vos
1465 4465 1570 4513 eertum
1584 4457 1705 4513 habetis.

56 4558 174 4612 prorsus
189 4543 365 4611 contrarium,
377 4544 709 4615 sinejudicioexspoliare
720 4547 856 4603 vestitum.

56 4630 140 4699 Quod
155 4630 233 4686 ilium
261 4648 392 4687 neeesse
419 4632 564 4703 lugitirum
580 4634 696 4700 dixistis,
712 4636 778 4689 mihi
805 4653 859 4692 non

57 4718 151 4775 medio
170 4720 234 4773 riter
248 4720 374 4785 displicet
397 4722 449 4776 hoc
463 4721 498 4776 uh
513 4737 560 4777 ore
573 4733 664 4778 aestro
693 4722 775 4779 luisse
792 4740 857 4794 pro-

55 4807 153 4872 latum,
172 4825 245 4880 quun
261 4808 414 4863 ..eta-ieratis
427 4810 571 4864 armarium
597 4811 661 4865 olan
676 4811 856 4879 credideram,

92 4981 171 5054 (298)
186 4982 377 5051 Quinctiorum
388 4990 487 5040 ceretro
501 5003 555 5040 aar.
567 4986 611 5040 tib
627 5004 644 5047 r.
657 4987 739 5059 epist.
758 4987 783 5043 8.

92 5060 171 5118 ttulit
187 5058 334 5111 llemelino
351 5058 444 5111 erblroli
461 5061 599 5113 Sallenti
615 5062 714 5112 Postea
726 5061 856 5130 episcopo

55 5124 229 5179 lierlcnensi.
245 5126 383 5181 Successit
398 5129 557 5182 Herrrelinus
574 5131 599 5180 ia
616 5130 772 5184 monasterii
783 5148 855 5200 prae-

54 5198 165 5250 lecturo
191 5197 396 5253 archembaldo
424 5214 495 5252 ariao
523 5202 639 5255 lllbod
668 5202 854 5271 episcopatum

55 5266 251 5321 Redoaensem
280 5276 391 5322 carlictus
406 5277 447 5323 est
461 5285 533 5324 anno
549 5271 617 5324 titt
645 5271 809 5327 Clrrouicum
825 5272 853 5327 S.

53 5336 150 5391 atomi
165 5352 200 5392 eo
215 5352 290 5393 anuo
307 5356 313 5392 :
331 5340 495 5396 llonretinaa
523 5343 667 5412 episeopus
686 5342 855 5398 ltedonensz's

54 5407 290 5476 arcitenentum
301 5410 374 5466 llicit.
387 5411 462 5465 ldenr
478 5412 535 5478 ejus
549 5411 651 5467 obitum
666 5420 855 5468 annotatanno

55 5481 139 5533 tttt.
149 5478 223 5535 Obiit
232 5480 397 5537 hescelinus
405 5482 549 5563 episeopus
558 5483 663 5540 cullen.
674 5484 852 5540 Februarias.

55 5549 82 5602 ls
95 5554 140 5604 est
153 5549 234 5619 caius
246 5548 352 5607 litteras
367 5550 401 5607 de
417 5549 497 5607 doeth
511 5552 673 5625 probatione
688 5553 756 5611 libro
771 5570 854 5627 supe·

53 5618 132 5675 riore
209 5620 312 5677 alimus
325 5620 359 5677 ad
373 5622 456 5694 epist.
475 5624 519 5679 39.

89 5692 120 5771 11
160 5690 171 5759 )
195 5692 332 5764 Pogonus
349 5694 429 5763 filies
450 5694 521 5767 ejas.
535 5693 609 5751 ldem
632 5693 738 5751 ridetur
751 5694 798 5769 qui
825 5694 854 5751 in

52 5767 139 5834 epist.
145 5758 249 5831 tatto.
265 5777 294 5819 r:
309 5764 702 5841 FrctrcmPopnnamdtcrtet
711 5768 747 5827 od
760 5767 853 5826 domi-

10 5962 59 6001 ἑκ.

914 4545 1085 4617 Requirimus
1107 4546 1190 4619 igitur
1210 4544 1386 4602 adileetione
1412 4554 1503 4601 vestra
1518 4547 1593 4603 liunc
1618 4545 1709 4601 homi-

913 4649 985 4701 nem,
1002 4644 1028 4689 et
1052 4634 1195 4690 universos
1207 4651 1251 4689 res
1265 4634 1350 4706 hujus
1377 4635 1493 4690 hominis
1513 4650 1575 4690 cum
1598 4634 1707 4689 homine

913 4723 982 4792 181
1009 4722 1068 4794 ipso
1096 4723 1176 4779 nobis
1198 4723 1313 4779 reddere
1336 4739 1391 4779 non
1411 4722 1552 4787 differatis,
1582 4738 1616 4776 ne
1639 4720 1706 4776 lorte

912 4811 983 4868 actio
994 4811 1131 4867 dilationis
1147 4812 1229 4868 vobis
1247 4811 1396 4867 ascribatur
1419 4816 1606 4881 argumentum
1628 4808 1706 4879 eupi-

911 5005 981 5044 nune
997 5006 1100 5060 popam
1114 4991 1210 5052 mitto,
1235 5004 1388 5060 cognomen
1408 4985 1533 5040 videlicet
1548 4984 1647 5040 lactum
1673 5002 1705 5041 ex

911 5060 1021 5115 nomine
1032 5061 1162 5141 parentis,
1180 5060 1225 5130 iqui
1240 5060 1339 5115 rectius
1360 5059 1405 5113 hic
1419 5057 1563 5112 albericus
1583 5065 1704 5113 vocatur.

911 5131 1006 5192 Quare
1016 5140 1050 5184 srt
1060 5132 1141 5185 etiam
1152 5131 1298 5201 legendum
1313 5129 1429 5184 arbitror
1443 5128 1512 5183 lihro
1529 5127 1630 5198 primo.

945 5204 1019 5271 (tot)
1036 5202 1200 5257 Chr-cattum
1212 5202 1240 5257 o.
1264 5199 1426 5256 Cleaaentia.
1440 5199 1579 5255 Prioratas
1602 5199 1705 5256 Credo-

911 5272 1013 5332 nensis,
1025 5271 1059 5326 de
1069 5287 1122 5342 qno
1137 5272 1216 5338 epist.
1235 5273 1278 5326 ll.

945 5344 1018 5411 (301)
1031 5342 1173 5398 dacherio
1201 5342 1308 5399 cibati.
1325 5342 1352 5397 S.
1370 5342 1420 5397 Ser
1440 5342 1468 5403 ii,
1499 5341 1640 5403 Bernardi,
1670 5341 1704 5395 al

909 5429 992 5484 qnam
1007 5414 1089 5483 epist.
1108 5416 1125 5466 8
1140 5359 1555 5469 successor-t.uei-nariiobnum
1566 5412 1595 5466 S.
1612 5410 1707 5492 Sergii

909 5483 1009 5540 tabulae
1024 5483 1171 5553 eorrjioiuut
1185 5484 1213 5538 in
1226 5500 1325 5539 annum
1343 5484 1420 5549 llhd,
1436 5497 1488 5538 virt
1503 5484 1566 5539 ldus
1581 5482 1682 5553 ltprihs
1697 5499 1704 5545 3

909 5554 1045 5619 Wolterii,
1061 5555 1088 5609 in
1104 5568 1205 5609 annum
1219 5557 1298 5621 1113,
1315 5570 1332 5609 ν
1348 5555 1412 5610 ldus
1428 5554 1589 5609 lanuarias.
1613 5622 1617 5629 Ι

943 5626 1018 5697 (303)
1035 5625 1291 5683 Gorinnmreilieet
1308 5627 1483 5684 Gniaudc‘lla
1498 5623 1704 5687 lormadrclum,

908 5710 962 5770 qua
973 5698 1067 5756 Petrus
1077 5696 1229 5767 Goseelini,
1242 5698 1367 5773 Pagasas
1379 5696 1511 5765 alberici,
1521 5703 1577 5752 eto.
