3780 6038
58 198 65 223 ”
121 236 173 294 sss

847 234 1049 292 nlrtouttu
1142 186 1144 190 Ι

1717 231 1770 293 lii

118 356 236 429 Quodsi
251 356 326 414 lorte
345 373 377 413 ex
408 357 504 414 eadem
532 358 596 416 villa
622 357 721 432 aliquis
750 357 843 429 inopia
869 356 914 414 vel
930 359 958 423 Α
973 359 1106 430 rellivilla,
1123 358 1392 432 quamdampartem
1406 356 1491 417 certis
1519 356 1646 415 confiniis
1670 375 1686 414 a
1712 366 1769 417 toto

116 448 210 521 atique
225 446 388 504 necessitate
404 448 560 516 recesserit,
576 457 603 505 et
617 450 652 505 ed
668 448 751 504 eliam
767 448 915 516 transierit,

115 552 280 610 quwunque
294 535 423 603 declinet,
439 536 540 605 nullus,
551 537 604 594 nisi
619 538 716 605 abbas,
731 537 758 592 in
771 553 804 593 eo
814 537 917 609 aliquid

114 626 211 682 habet.

149 726 192 780 Ne
207 737 278 780 vero
293 738 377 794 snper
391 722 434 778 his
448 725 576 780 omnibus
587 725 613 779 in
628 731 767 796 posterum
778 725 811 779 ab
824 723 916 796 aliquo

114 812 243 870 ecclesiae
254 812 327 868 Beati
342 811 443 868 leonis
458 813 578 886 aliquam
593 813 750 870 molestiam
774 813 915 880 sustineat,

115 901 160 958 vel
174 899 269 973 eliqua
292 903 478 957 controversie
502 911 635 976 emergat,
663 902 792 974 praesenti
814 902 917 972 scripto

114 991 158 1046 his
172 989 499 1046 omnibustestimonium
520 991 706 1062 perhibemus,
729 990 802 1063 quod
825 989 917 1061 sigillo

113 1085 235 1141 nominis
264 1086 352 1141 nostri
379 1085 483 1158 signari
511 1084 657 1152 voluimus,
697 1093 723 1140 el
756 1085 916 1141 auctoritate

112 1173 265 1248 pontificali
280 1172 514 1231 confirmavimus.
530 1173 608 1245 Quod
624 1174 649 1229 si
664 1173 764 1246 aliquis
787 1173 917 1245 superbia

112 1263 159 1320 rel
174 1264 304 1336 cupidate
330 1263 436 1331 ductus,
468 1263 510 1318 his
537 1263 691 1319 contrarius
715 1263 859 1328 exstiterit,
890 1269 917 1318 et

114 1351 237 1424 amplius
252 1366 335 1424 quam
350 1352 424 1424 qnod
438 1351 616 1408 constitutum
641 1358 684 1408 est
713 1351 825 1425 exigere
848 1365 917 1422 prce·

112 1441 278 1513 sumpserit,
296 1457 358 1497 eum
372 1441 637 1497 excommunicatum
653 1440 746 1496 divine
758 1439 917 1497 auctoritate

114 1536 142 1584 et
163 1536 260 1584 nostra
277 1543 341 1585 esse
369 1545 525 1596 censemus,
554 1537 581 1584 et
603 1529 781 1584 anathematis
810 1527 917 1584 viuculo

116 1625 293 1697 subjicimus.
313 1626 453 1682 Subscribi
475 1627 557 1682 etiam
585 1626 720 1682 voluimus
739 1626 766 1680 in
792 1625 917 1682 testimo-

970 466 1085 521 corpore
1101 450 1275 519 disjunctam,
1292 449 1370 504 beato
1387 450 1528 505 Mansuete
1542 457 1569 504 et
1583 448 1714 504 fratribus
1740 449 1769 504 in

971 546 1092 613 ejusdem
1108 544 1234 600 ooenobio
1247 542 1480 600 commorantibus
1494 544 1676 600 communiter
1705 547 1767 598 tre·

970 633 1111 689 diderunt.
1129 635 1200 688 Nem
1214 632 1345 704 quidquid
1360 640 1404 688 est
1432 632 1504 687 inter
1531 633 1601 687 viam
1630 641 1769 688 mereato-

970 732 1048 796 riam,
1064 739 1091 787 et
1114 731 1182 787 viam
1210 739 1338 796 veterem,
1362 748 1423 803 quas
1444 738 1486 786 est
1508 730 1630 801 desuper
1656 730 1766 799 vallem,

970 820 1103 892 usquead
1119 819 1207 890 ripam
1222 818 1351 885 fluminis,
1370 827 1395 875 et
1411 835 1498 891 usque
1516 819 1551 874 ad
1571 819 1706 891 sylvulam
1733 818 1768 874 de

971 910 1137 977 Flaviniaeo,
1154 924 1248 964 eornm
1272 908 1390 975 devotio,
1413 908 1568 962 haeredibus
1593 907 1650 962 suis
1673 923 1770 962 assen-

971 999 1109 1064 tientibus,
1127 997 1257 1069 praedicto
1272 997 1398 1053 connubio
1413 996 1538 1053 eontulit.
1556 997 1590 1052 Et
1613 1005 1641 1051 ut
1663 995 1766 1050 ibidem

970 1088 1040 1145 cella
1067 1093 1224 1144 constructe
1251 1085 1377 1142 monachi
1406 1092 1602 1152 statuerentur,
1640 1084 1687 1157 qni
1716 1098 1767 1155 pro

971 1192 1066 1233 eornm
1087 1183 1114 1232 et
1143 1176 1310 1248 reliquorum
1337 1174 1495 1231 excessibus
1523 1174 1641 1230 Domino
1665 1173 1768 1246 jugiter

971 1272 1165 1344 supplicarent,
1182 1271 1216 1327 ab
1230 1270 1329 1327 abbate
1343 1271 1390 1344 qni
1405 1278 1468 1327 tuno
1484 1279 1551 1341 erat,
1567 1270 1699 1327 obtinuit.

1006 1380 1046 1435 ud
1075 1395 1192 1451 quorum
1218 1387 1343 1449 sumptus
1370 1377 1540 1434 necessarios
1565 1377 1658 1447 junior
1683 1377 1769 1433 frater

971 1470 1076 1542 llaymo
1090 1468 1167 1541 gravi
1181 1468 1311 1538 languore
1326 1467 1475 1536 decubans,
1489 1465 1621 1539 quidquid
1634 1466 1662 1519 in
1672 1464 1769 1521 eadem

971 1556 1177 1613 Amerolli-villa
1191 1555 1320 1623 habebat,
1337 1561 1363 1611 et
1386 1555 1457 1626 apud
1479 1554 1665 1621 asmancium,
1692 1557 1720 1609 et
1739 1553 1769 1608 in

972 1646 1035 1703 villa
1051 1663 1111 1718 qum
1126 1645 1225 1701 dicitur
1240 1645 1354 1716 Saphez,
1372 1652 1397 1701 et
1418 1644 1538 1700 alodium
1561 1645 1597 1700 de
1617 1641 1768 1699 Sondruvi-

114 1715 193 1771 ”5¹¹¹ss
208 1716 316 1783 ¹¹⁰l¹¹¹¹¹2
332 1716 446 1771 ”⁰¹⁰5ssss
460 1716 582 1772 limium
596 1714 793 1786 lessilffllllmv
810 1713 856 1788 qui
874 1714 916 1770 ΜΒ
928 1719 954 1781 Β
968 1734 1019 1803 ler,
1036 1752 1099 1793 cum
1114 1734 1253 1791 conductu
1268 1733 1392 1790 ecclesiae
1406 1733 1434 1788 in
1450 1732 1603 1804 mancipiis,
1629 1731 1659 1786 in
1683 1731 1766 1789 cultis

114 1803 311 1860 interfuerunt.

153 1892 269 1966 Signum
285 1892 395 1947 Pibonis
409 1893 543 1964 episcopi.

152 1988 231 2061 Siga.
247 1989 407 2044 Theoderici
423 1989 511 2045 ducis.

151 2077 230 2148 Siga.
247 2077 364 2133 Gerardi
381 2077 498 2132 comitis.

152 2165 232 2239 Siga.
249 2165 377 2222 lleinardi
391 2165 497 2222 comitis
512 2164 660 2222 Tullensis.

152 2263 233 2336 Siga.
250 2265 373 2335 Hugonis
384 2264 548 2335 primicerii.

152 2352 234 2426 Siga.
251 2352 369 2409 Luctulli
382 2353 493 2409 decani.

152 2441 232 2514 Siga.
249 2441 358 2513 lliquini
372 2442 569 2498 archidiaconi.

153 2537 233 2610 Siga.
250 2538 384 2594 Widerici
399 2538 493 2596 militis
508 2540 542 2596 de
552 2546 642 2597 castro
658 2537 692 2598 de
706 2540 830 2597 Noviler.

152 2627 230 2698 Siga.
247 2626 377 2683 Karlonis
392 2628 426 2684 dc
441 2628 622 2686 Fonteniaco.

151 2715 231 2789 Siga.
247 2715 364 2771 llodivat
378 2716 470 2772 militis
485 2717 616 2789 Depre'es,
633 2725 659 2774 et
680 2717 797 2774 aliorum
826 2717 913 2790 plari-

114 2824 237 2865 morum.

152 2909 231 2962 Anno
246 2905 279 2961 ab
295 2908 484 2964 lncarnatioue
500 2908 607 2965 Domini
626 2909 771 2965 millesimo
790 2926 913 2982 nonage-

970 1842 997 1890 et
1011 1834 1038 1889 in
1052 1833 1174 1890 inculttis
1190 1831 1345 1904 supradicto
1361 1830 1512 1888 conlessori
1527 1830 1674 1896 concessit,
1691 1837 1717 1886 et
1739 1829 1769 1885 in

970 1925 1067 1979 eodem
1082 1921 1206 1979 cunobio
1222 1921 1347 1990 abjurato
1374 1919 1475 1977 saeoulo
1500 1918 1626 1975 monachi
1646 1919 1769 1974 habitum

970 2013 1100 2083 suscepit.
1117 2010 1294 2067 Postmodum
1309 2025 1372 2065 vero
1384 2008 1468 2065 irater
1483 2008 1577 2065 senior
1597 2010 1677 2080 Hugo
1700 2024 1765 2079 par·

969 2109 1024 2156 tem
1040 2116 1116 2156 suam
1133 2098 1160 2155 in
1175 2099 1310 2171 praedictis
1324 2097 1397 2154 villis
1411 2097 1522 2155 omnino
1536 2097 1615 2153 sicuti
1636 2096 1768 2169 possido-

971 2191 1026 2259 bat,
1038 2189 1127 2245 eidem
1137 2188 1241 2244 cellulae
1251 2187 1327 2242 dedit
1339 2205 1347 2253 ;
1359 2202 1465 2243 necnon
1477 2186 1591 2242 consilio
1599 2194 1625 2242 et
1637 2185 1767 2242 instinctu

970 2295 1026 2334 suae
1040 2278 1144 2346 uxoris,
1161 2277 1215 2332 alia
1229 2276 1355 2349 quaedam
1369 2275 1473 2330 addidit
1485 2275 1512 2329 in
1528 2276 1624 2331 eadom
1634 2273 1768 2330 limerelli

969 2366 1046 2434 villa,
1061 2368 1131 2423 duos
1146 2366 1309 2438 quartarios,
1332 2372 1359 2420 et
1380 2371 1531 2430 manentes,
1555 2371 1581 2420 et
1596 2380 1694 2420 uxores
1716 2379 1767 2419 eu·

970 2482 1040 2533 rum,
1056 2473 1083 2522 et
1099 2465 1180 2532 lilios,
1196 2480 1258 2521 cum
1272 2463 1385 2520 dimidio
1396 2464 1479 2520 banni
1491 2463 1572 2530 villae,
1590 2471 1617 2519 et
1632 2464 1766 2533 districto,

926 2598 929 2604 .
970 2563 996 2611 ot
1006 2570 1067 2611 cum
1078 2552 1151 2610 omni
1163 2553 1271 2611 debito.
1290 2554 1386 2609 Totam
1400 2560 1500 2609 terram
1514 2553 1548 2609 de
1563 2552 1651 2609 lllizon
1665 2553 1768 2610 cultam

969 2651 994 2699 et
1009 2643 1148 2709 incultam,
1160 2650 1187 2697 et
1201 2642 1228 2696 in
1252 2657 1325 2714 aqua
1346 2641 1510 2713 piscatorem
1535 2657 1633 2709 unum,
1656 2642 1768 2698 redeci-

970 2741 1116 2797 mationem
1131 2747 1258 2811 portaret
1280 2739 1409 2811 piscium.
1441 2739 1520 2810 Apud
1542 2738 1768 2795 monasteriolum

969 2831 1038 2887 duos
1053 2829 1216 2901 quartarios,
1231 2844 1293 2885 cum
1307 2828 1495 2894 manentibus,
1511 2836 1643 2884 eteorum
1668 2827 1768 2884 uxori-

969 2929 1030 2996 bus,
1048 2935 1075 2982 et
1089 2926 1162 2994 liliis,
1176 2927 1203 2981 in
1218 2926 1292 2983 omui
1307 2926 1403 2981 nsude
1415 2925 1553 2982 dominico
1563 2923 1658 2980 labore
1681 2928 1767 2981 totam

114 2993 186 3052 ⁸im⁰
199 2996 301 3067 Pli¹¹¹⁰2
316 2996 464 3054 Ῑῦᾱῑθῑῑθῦθ
479 3013 527 3066 xlv
544 3015 571 3053 *Ἰ
593 3000 658 3055 Idus
681 2998 821 3066 00¹⁰bli⁸=
845 3015 913 3055 ⁰⁰¹1‘
970 3016 1178 3073 decimationem
1192 3034 1199 3081 ;
1215 3015 1295 3086 panis
1309 3022 1336 3070 et
1350 3013 1405 3069 vini
1425 3013 1635 3070 decimationem
1652 3032 1659 3079 ;
1682 3013 1766 3070 dimi-

113 3081 223 3140 fifffiffl
237 3091 279 3140 0⁵¹
294 3092 320 3140 0²
335 3085 442 3157 Signata
457 3087 676 3161 ¹¹¹¹i¹¹⁸l³lili¹ellii
687 3089 803 3145 charin
814 3090 914 3146 d⁰¹¹¹⁰⁰
931 3078 956 3142 C
971 3106 1044 3161 dium
1059 3105 1094 3161 de
1109 3104 1241 3161 Crusillis.
1267 3102 1398 3160 Similiter
1425 3103 1497 3174 apud
1525 3102 1666 3174 llelegiam
1695 3103 1766 3159 duos

113 3180 219 3239 Pibone
233 3182 385 3239 venerabili
394 3182 537 3254 episcopo.

490 3385 542 3441 tx,

249 3536 392 3593 Fundatio
406 3537 551 3609 prioratus
567 3538 600 3596 S.
621 3541 778 3599 theobaldi.

413 3679 504 3749 (Anno
520 3682 618 3751 lost.)

147 3811 230 3884 [Doni
242 3810 365 3879 cmm,
378 3813 448 3869 llivt.
466 3813 500 3870 de
515 3815 648 3871 berreiae
664 3815 708 3882 lV,
726 3817 773 3871 Pr.
778 3856 786 3885 ,
803 3815 877 3888 tta}

147 3937 218 3992 Piso
241 3936 292 3992 Dei
323 3937 413 4010 gretie
448 3936 581 3994 Ecclesia
613 3938 750 3995 Tullensis
784 3939 913 4011 indignus

110 4026 268 4097 episcopus,
286 4026 421 4081 univorsis
437 4034 492 4082 tam
511 4026 609 4082 lutaris
630 4044 712 4100 quam
735 4029 912 4098 presentibus

109 4122 289 4194 temporalem
318 4122 435 4178 salutem
463 4127 491 4180 et
522 4123 630 4180 aeternis
673 4124 753 4180 ditari
782 4126 911 4181 muueri-

108 4219 178 4275 bns.

145 4306 217 4378 Quia
232 4323 286 4366 non
302 4309 424 4365 omnium
439 4310 579 4365 hominum
595 4310 628 4365 ad
644 4311 760 4383 petriam
777 4311 910 4368 redeundi

108 4398 208 4455 eadem
223 4406 264 4453 est
278 4398 447 4470 possibilitas
462 4399 505 4454 vel
519 4399 656 4468 voluntas,
675 4400 723 4456 sed
748 4401 819 4456 sicut
842 4400 907 4456 dicit

108 4486 275 4558 Apostolus,
291 4487 479 4560 unusquisque
494 4489 631 4559 proprium
653 4489 754 4544 donum
782 4489 865 4545 habet
890 4504 907 4544 e

107 4575 178 4643 Deo,
189 4574 259 4630 alius
273 4576 322 4640 sic,
334 4575 404 4631 alius
418 4585 508 4632 sutem
523 4578 561 4632 sic
575 4595 583 4644 ·,
599 4577 653 4646 alii,
670 4578 720 4633 Dei
748 4578 906 4634 misericor-

107 4662 153 4721 dia
182 4672 323 4733 operante,
354 4673 526 4721 terrenorum
554 4667 729 4738 possessione
756 4668 799 4723 rel
824 4668 906 4724 etiarn

107 4760 232 4832 appetita
262 4760 365 4831 nudati,
395 4776 456 4817 cum
486 4761 644 4819 adversario
680 4763 739 4819 vias
767 4764 906 4820 hominum

109 4847 390 4915 obsidente,audaces
405 4849 539 4906 luctamen
552 4850 655 4907 ineunt.
666 4852 795 4907 Nonnulli
810 4869 904 4909 eorum

107 4952 169 5010 qnae
181 4936 298 5010 perdere
321 4938 416 4993 timent
441 4939 547 4995 sarcina
575 4941 750 5011 praegravati,
780 4942 905 5014 quemvis

106 5026 205 5093 timidi,
221 5026 546 5094 edcertamenveniuut,
571 5037 597 5084 et
625 5030 698 5100 quod
727 5047 759 5086 ex
788 5033 904 5103 propriu

103 5113 304 5171 imbecillitatis
321 5116 487 5172 conscientia
501 5117 657 5187 desperant,
671 5134 765 5174 corum
780 5120 826 5191 qui
846 5121 903 5190 jam

103 5220 167 5261 curn
182 5204 241 5261 beo
255 5211 384 5277 regnant,
401 5205 582 5271 orationibus,
612 5213 639 5262 et
662 5223 756 5263 eorum
785 5209 831 5281 qui
859 5210 904 5266 hic

969 3205 1135 3278 quartarios,
1147 3214 1174 3261 et
1188 3204 1353 3260 habitatores
1380 3218 1442 3260 cum
1468 3202 1541 3259 omni
1567 3203 1628 3272 jure
1655 3201 1761 3259 debito.

968 3296 1064 3350 Totum
1091 3293 1213 3350 alodium
1228 3293 1262 3349 de
1277 3292 1422 3366 senungis,
1439 3291 1467 3347 in
1481 3291 1575 3364 sylvis,
1591 3291 1618 3345 in
1633 3291 1717 3363 agris,
1738 3291 1767 3347 in

967 3383 1063 3456 pratis,
1080 3383 1107 3438 in
1120 3383 1224 3440 cunctis
1238 3381 1371 3437 usuariis.

1004 3498 1073 3554 Huic
1089 3499 1162 3554 dono
1179 3496 1361 3552 interfuerunt
1375 3495 1453 3552 liberi
1468 3495 1605 3562 homines,
1617 3507 1643 3550 et
1665 3494 1700 3549 ed
1722 3501 1766 3549 te-

968 3587 1142 3642 stilicandum
1158 3586 1259 3654 idonei,
1286 3587 1379 3658 Drogo
1404 3584 1499 3657 junior
1527 3585 1561 3640 de
1589 3582 1764 3640 Bosenivilla·

968 3675 1111 3732 Widricus
1125 3675 1159 3730 de
1175 3676 1290 3731 Straene.
1308 3674 1453 3729 Paulimus.
1470 3673 1657 3730 Odelricnsde
1668 3671 1765 3727 Ferre·

969 3764 1019 3819 ris.
1040 3766 1119 3837 llugo
1133 3764 1168 3819 de
1183 3763 1309 3819 buxeris.
1327 3765 1404 3836 llago
1420 3761 1455 3818 da
1470 3762 1655 3818 claromonte.

1003 3873 1037 3926 Et
1051 3887 1085 3926 ne
1097 3870 1289 3941 temporalium
1302 3867 1498 3940 stipendiorum
1511 3867 1600 3939 inopia
1615 3867 1712 3922 iratres
1735 3866 1763 3920 in

967 3960 1132 4016 buccellula
1147 3966 1341 4014 conversantes
1355 3957 1447 4012 divino
1461 3957 1570 4011 servitio
1597 3954 1687 4010 minus
1714 3956 1761 4008 in·

966 4054 1056 4103 tentos
1071 4048 1180 4112 laceret,
1198 4046 1239 4101 vel
1264 4060 1281 4100 a
1308 4044 1447 4116 proposito
1474 4044 1580 4115 penitus
1606 4049 1759 4109 revocaret,

966 4136 1112 4208 supradicti
1128 4134 1245 4191 cumobii
1260 4133 1355 4199 abbas,
1380 4130 1499 4188 fidelium
1516 4139 1542 4188 et
1569 4131 1681 4186 fratrum
1696 4145 1761 4185 suo-

965 4223 1165 4290 rumconsilio,
1187 4220 1316 4277 nonnulla
1341 4221 1498 4293 subscripta
1525 4221 1575 4276 hac
1604 4219 1760 4277 conditione

964 4313 1150 4382 adjunxit:ut
1175 4310 1199 4364 si
1227 4309 1318 4381 aliquo
1346 4309 1446 4364 divinae
1475 4308 1661 4380 dispositionis
1690 4316 1758 4363 nutu

963 4400 1140 4458 destructioni
1169 4397 1346 4470 subjacuerit,
1375 4398 1464 4454 omnia
1493 4399 1594 4454 ibidem
1629 4398 1758 4470 deputata

963 4491 1041 4547 beate
1057 4491 1197 4544 hlansncto
1212 4486 1364 4558 capitaliter
1378 4487 1565 4543 restituantur.
1594 4487 1674 4559 Apud
1701 4487 1758 4541 Ha-

961 4579 1045 4635 leium
1062 4593 1119 4632 vnn
1135 4575 1304 4649 quartarios.
1324 4576 1403 4648 Apud
1431 4576 1513 4632 hvios
1536 4593 1555 4630 ιι
1584 4574 1751 4648 quartarios.

960 4671 1040 4740 dpun
1068 4665 1253 4723 Chalmontem
1288 4680 1308 4720 u
1338 4666 1499 4737 quartarios.
1527 4665 1605 4736 dpnd
1631 4665 1754 4719 Novum·

960 4758 1054 4814 villare
1070 4775 1089 4811 n
1104 4753 1257 4828 quartarios
1272 4768 1334 4810 oum
1349 4754 1533 4810 manentibus.
1552 4753 1636 4823 Apud
1654 4753 1755 4807 Pctrae-

960 4847 1049 4903 villam
1066 4861 1084 4900 u
1101 4843 1263 4916 quartarios.
1278 4843 1357 4913 Apud
1372 4843 1489 4897 Huldoni
1506 4843 1625 4896 hlontem
1641 4857 1650 4896 ι
1670 4856 1753 4913 quar-

959 4937 1096 4992 tariumet
1120 4932 1271 4987 dimidium.
1300 4931 1376 5002 ,tpud
1397 4930 1607 4986 llulciolivillam
1635 4945 1644 4985 r
1674 4945 1753 5002 quar·

958 5025 1055 5080 tarium
1072 5031 1098 5078 et
1112 5021 1265 5076 dimidium.
1285 5019 1364 5090 Apud
1380 5017 1643 5074 Domnumbusolum
1667 5018 1750 5090 quid-

958 5124 1022 5196 quid
1036 5124 1131 5193 Drogo
1145 5121 1180 5176 do
1195 5120 1333 5174 Estraines
1348 5118 1423 5174 dedit
1440 5126 1534 5174 sancto
1558 5120 1698 5174 llansueto
1722 5118 1750 5173 in

957 5213 1052 5269 eadem
1063 5211 1137 5276 ville,
1152 5224 1203 5281 pro
1217 5209 1307 5263 anima
1321 5224 1370 5262 sua
1397 5216 1424 5264 et
1448 5215 1654 5264 autecessorum
1682 5224 1749 5263 suo-

103 5291 284 5365 spiritnaliter
297 5292 390 5350 vivunt
404 5292 573 5363 fulcimento,
589 5311 625 5352 ne
651 5296 839 5368 succumbant,
856 5299 900 5355 vel
956 5307 1066 5370 rum,et
1081 5314 1132 5371 pro
1151 5297 1297 5371 praebenda
1324 5295 1372 5352 filii
1399 5296 1463 5364 sui;
1492 5297 1594 5352 donum
1621 5297 1748 5354 videlicet

103 5388 293 5448 siceciderint
313 5405 349 5446 ne
375 5389 547 5462 collidantur,
576 5397 718 5464 expetunt.
750 5395 903 5452 iustissima
955 5389 1100 5461 lapideam,
1116 5387 1273 5459 contiguam
1295 5385 1393 5457 parieti
1414 5384 1548 5453 ecclesia,
1576 5394 1603 5443 et
1626 5386 1751 5443 hominos

103 5479 361 5552 recompensatione
376 5495 409 5536 ex
422 5480 466 5536 his
481 5497 542 5554 qaae
556 5481 600 5538 vel
614 5482 725 5539 tandem
747 5484 903 5557 relinquere
955 5478 993 5535 ad
1007 5478 1096 5549 ipsum
1111 5475 1230 5533 alodium
1240 5476 1421 5547 pertinentes.
1430 5475 1572 5532 ulbertum
1582 5483 1609 5532 et
1619 5474 1750 5549 quidquid

104 5568 209 5624 habent
220 5567 419 5636 necessarium,
435 5584 531 5626 eoram
546 5570 642 5628 usibus
656 5571 817 5645 largientes,
829 5573 902 5633 felici
955 5565 1113 5639 possidebat
1128 5566 1156 5621 in
1177 5563 1269 5634 terris,
1283 5564 1378 5639 pratis,
1389 5565 1482 5638 sylvis,
1494 5564 1667 5631 molendinis,
1679 5572 1705 5620 ct
1723 5564 1750 5618 in

104 5656 271 5717 commercio
284 5672 334 5731 pro
348 5657 478 5730 perituris
497 5667 601 5717 aeterna
615 5670 807 5720 commutant:
833 5663 903 5722 intur
955 5655 1061 5713 cunctis
1075 5655 1204 5713 usuariis.
1222 5653 1410 5713 Herirnannus
1430 5654 1464 5711 de
1490 5654 1521 5710 S.
1553 5652 1749 5724 christophoro

105 5756 178 5817 quoa
190 5740 273 5816 naga
285 5746 314 5800 et
327 5740 416 5801 irater
428 5742 488 5814 dus
502 5745 612 5817 hasmo
624 5746 653 5804 ia
667 5744 746 5817 sylva
759 5747 794 5806 ds
816 5750 902 5807 tma-
955 5743 1030 5803 dedit
1044 5746 1077 5803 n.
1096 5747 1239 5804 ldaasaeto
1253 5744 1326 5820 apud
1340 5744 1567 5803 Novumcastmm
1582 5739 1754 5816 casuarium
