3780 6038
118 229 171 286 att
686 222 858 283 wanirant
876 220 1019 281 cacans
1038 219 1066 280 S·
1086 218 1198 281 ctastt
1725 215 1772 277 ild

117 350 277 409 derelictum
295 367 351 408 sea
365 353 424 409 Deo
432 350 648 421 vociferabatur,
665 358 692 407 et
706 350 811 422 utique,
827 349 917 406 adbuc
930 348 960 414 Α
974 347 1076 405 ratione
1087 345 1213 405 divinitas
1241 345 1402 406 moriturum
1422 348 1559 409 clamasse
1589 341 1725 413 affirmat,
1750 344 1772 401 si

118 440 244 497 Christus
259 441 285 496 iu
300 456 381 497 carue
395 441 516 509 vivebat,
540 441 650 513 quando
673 441 713 497 sic
741 441 816 496 Deua
835 439 871 494 ab
885 454 918 496 eo
971 436 1262 493 Densabhomiuenen
1278 435 1536 508 recesserattQuod
1547 433 1712 508 erqotNon
1726 450 1772 506 po·

118 546 281 594 recesserat,
300 538 496 610 Respondeant
509 553 591 610 ergo,
611 537 722 609 Simois
736 552 798 594 esse
808 551 862 591 non
871 552 919 607 pp-
973 525 1610 595 tuitdirinitashumanitatem,etiamsecundum
1618 522 1772 595 aliquidde·

118 634 189 682 terat
208 626 260 682 nisi
275 627 349 698 prius
364 627 420 684 vita
433 627 599 694 discederet,
616 626 815 700 quomodovita
825 641 919 681 mane·

118 732 147 772 re
164 717 259 787 potuit,
275 724 419 788 postquam
447 716 503 772 vita
522 723 683 773 recesserat.
712 717 772 770 lam
787 715 860 771 enim
879 714 919 770 sio

118 812 269 861 recesserat
282 805 370 874 Deus,
386 814 413 861 et
438 806 531 862 adbuc
554 805 676 861 Christus
690 804 769 863 rivus
796 805 823 860 in
838 819 919 861 cruce

118 893 265 965 pendebat,
282 910 344 950 com
374 910 404 950 se
419 893 579 950 derelictum
599 893 773 950 causabatur.
804 893 833 949 Si
849 907 918 965 ergo

118 993 146 1047 in
158 993 208 1050 hac
225 991 384 1049 recessione
399 993 459 1058 liei,
484 1001 510 1049 et
523 994 549 1047 in
564 994 615 1049 bac
625 992 775 1048 diiinitatis
801 1005 919 1063 separa-

116 1082 190 1139 tione
213 1081 284 1137 illam
315 1083 462 1154 quainter
482 1082 653 1137 divinitatem
681 1089 708 1138 et
726 1080 919 1136 humanitatem

118 1171 264 1227 constabat
287 1171 416 1228 unionem
438 1186 564 1242 persona
588 1170 704 1226 solutam
739 1170 841 1236 dicunt,
870 1168 919 1224 tuit

118 1260 256 1333 quoddam
286 1267 393 1330 tempus
417 1260 527 1331 quaudo
563 1259 686 1314 Christus
713 1258 805 1314 adhuc
840 1258 918 1313 virus

117 1350 200 1405 homo
223 1358 286 1404 erat
300 1356 327 1404 et
345 1349 419 1404 Deus
435 1366 493 1405 non
507 1356 576 1404 erat.
599 1348 652 1403 Sed
675 1348 737 1419 quis
754 1351 805 1403 hoc
819 1346 918 1402 diam?

119 1437 186 1507 Quis
198 1453 273 1493 saum
288 1437 353 1492 fidei
368 1437 539 1495 concordans
559 1453 614 1493 nou
630 1437 777 1493 abhorreat
791 1437 849 1493 Deo
865 1436 917 1490 im·

118 1550 221 1607 ponere
237 1544 480 1607 quaeassumptum
509 1535 647 1591 hominem
672 1534 816 1606 usquead
844 1549 918 1589 mor·

119 1631 172 1679 tem
192 1623 301 1695 quidem
316 1624 473 1680 comitando
492 1624 628 1696 perduxit,
643 1623 711 1679 etin
727 1629 825 1691 morte,
838 1637 919 1694 quan·

973 623 1101 693 seruisse,
1118 624 1146 679 in
1161 631 1291 694 quantum
1305 623 1434 681 videlicet
1449 640 1510 681 eam
1530 621 1667 695 potestati
1686 619 1772 677 inimi·

973 727 1068 770 corum
1083 713 1117 768 ad
1133 721 1302 784 tempusnon
1312 711 1432 769 defendit
1450 732 1458 782 3
1473 720 1500 769 et
1512 708 1773 783 secundumaliquid

972 818 1026 858 non
1042 801 1205 869 deseruisse,
1233 801 1407 875 inquantum
1426 800 1531 859 seilicet
1555 809 1623 857 tunc
1636 798 1719 856 etiam
1743 800 1773 855 ab

973 915 1007 957 ea
1022 917 1071 972 per
1085 899 1257 972 praesentiam
1272 900 1421 970 majestatis
1435 916 1492 957 non
1506 899 1626 957 recessit
1640 899 1656 953 ‘i
1670 898 1773 954 Dereli-

973 989 1031 1062 quit
1055 989 1142 1056 illum,
1169 990 1218 1045 sed
1247 988 1321 1044 illam
1350 1005 1405 1045 non
1428 988 1589 1062 dereliquit.
1627 985 1774 1060 Dereliquit

973 1078 1035 1144 illis,
1048 1077 1098 1135 sed
1113 1077 1165 1134 sibi
1177 1094 1232 1134 nou
1242 1078 1396 1152 dereliquit.
1419 1077 1585 1151 Dereliquit,
1617 1076 1687 1149 quia
1706 1076 1775 1132 auri

973 1167 1038 1222 lium
1054 1182 1107 1223 non
1123 1166 1236 1223 contulit
1252 1186 1259 1231 ;
1275 1167 1324 1224 sed
1341 1183 1396 1223 non
1411 1166 1570 1240 dereliquit,
1586 1166 1776 1240 quiapraesen·

972 1255 1039 1311 tiam
1066 1270 1120 1311 uon
1157 1255 1277 1310 abstulit.
1309 1255 1449 1312 subtraxit
1484 1254 1774 1327 protectionem3sed

972 1369 1027 1408 non
1056 1352 1194 1426 separarit
1215 1352 1353 1410 unionem.
1384 1352 1528 1425 Separarit
1553 1369 1585 1408 sa
1609 1350 1776 1420 ioris,ntad

972 1441 1161 1498 defensionem
1176 1448 1272 1498 contra
1286 1442 1412 1499 inimicos
1434 1458 1488 1498 non
1506 1441 1623 1498 adesset
1636 1458 1646 1509 ς
1661 1441 1713 1498 sed
1726 1456 1774 1497 noa

972 1530 1111 1602 separarit
1130 1546 1160 1585 se
1172 1530 1254 1598 intus,
1269 1539 1296 1586 ut
1309 1530 1348 1586 illi
1364 1530 1400 1587 ad
1413 1532 1686 1602 nnioaampersouae
1698 1530 1773 1586 dees·

973 1626 1024 1675 eet.
1041 1620 1086 1675 Sic
1101 1635 1169 1693 ergo
1183 1618 1340 1693 dereliquit,
1356 1627 1385 1676 ut
1400 1635 1454 1676 nou
1469 1619 1623 1688 adiuvaret
1640 1636 1649 1687 ς
1666 1619 1714 1675 sed
1725 1635 1773 1675 noa

118 1712 154 1768 do
167 1712 261 1781 maiori
276 1712 399 1784 periculo
411 1713 470 1783 jam
490 1713 661 1779 imminente,
676 1712 765 1782 majus
786 1711 917 1767 auxilium
932 1716 959 1776 Β
973 1708 1119 1781 dereliquit
1134 1716 1162 1764 ut
1178 1709 1329 1765 recederet.
1346 1708 1423 1764 l'ado
1432 1724 1483 1780 per
1493 1708 1579 1777 riam,
1590 1724 1707 1765 mecum
1714 1725 1772 1781 per-

117 1802 305 1859 necessarium
321 1808 389 1869 erat,
413 1801 550 1858 deseruit.
576 1799 669 1871 Quare
684 1816 751 1873 ergo
775 1807 917 1872 tantopere

117 1891 298 1948 mercenariis
322 1890 499 1962 improperat,
522 1891 594 1962 quod
622 1891 687 1962 lupo
702 1889 828 1946 veniente
850 1904 917 1946 ores

117 1996 187 2055 quas
202 1980 341 2036 custodire
370 1979 530 2049 debuerant,
547 1978 685 2053 fugientes
699 1979 841 2044 deserunt,
854 1995 915 2034 eum

117 2070 177 2141 ipse
191 2069 300 2126 unicam
314 2069 389 2124 illam
398 2085 488 2134 orem,
504 2078 635 2140 etagnum
646 2068 721 2124 illum
731 2067 917 2142 ovisl'irginis

118 2158 214 2227 lilium,
243 2176 325 2232 quem
353 2174 408 2214 non
433 2159 522 2214 solum
537 2157 756 2227 custodiendum,
773 2156 821 2212 sod
837 2157 916 2212 ctiam

117 2247 334 2324 glorificandum
344 2248 545 2319 suscepit,lupo
555 2247 690 2314 veniente,
698 2246 839 2302 deseruit‘?
850 2244 917 2301 Oris

117 2337 196 2409 prius
210 2338 245 2393 de
261 2344 489 2409 pastoresecura,
505 2337 630 2393 veniente
645 2336 769 2408 luponou
779 2334 917 2390 timuitdi-

118 2450 185 2492 cens
204 2453 210 2490 :
228 2457 238 2485 a
257 2434 337 2491 Venit
350 2435 480 2507 princeps
490 2434 584 2491 mundi
601 2435 695 2506 huius,
707 2445 736 2491 et
746 2433 776 2489 in
804 2449 848 2488 me
861 2447 915 2487 non

119 2524 357 2597 lrabetquidquam
372 2524 464 2594 (donn.
483 2526 554 2596 arv).
576 2546 587 2573 r

152 2615 231 2671 Nunc
246 2621 336 2670 autem
352 2629 369 2669 a
383 2622 494 2686 pastore
509 2613 640 2670 derelicta
655 2611 793 2669 causando
807 2619 834 2668 et
848 2627 916 2668 con-

119 2703 263 2777 quereudo
278 2702 394 2760 clamat:
410 2725 420 2751 a
438 2703 529 2772 Quare
550 2701 718 2775 dereliquisti
747 2719 791 2757 me
807 2703 845 2755 ‘tr
863 2701 916 2757 So-

118 2794 162 2850 lus
177 2795 259 2850 homo
273 2792 331 2860 luit,
354 2800 380 2849 et
395 2791 468 2848 Deus
480 2807 533 2848 nou
549 2791 608 2859 luit,
633 2791 729 2861 etjam
746 2791 820 2846 Deus
835 2791 917 2847 homo

118 2907 174 2948 non
190 2890 248 2957 luit,
279 2891 419 2963 quiajam
442 2891 476 2946 ab
498 2891 608 2948 homine
636 2899 788 2947 recesserat
816 2891 890 2947 Deus
909 2909 915 2957 ;

120 2996 172 3036 nec
198 2981 281 3035 homo
307 2980 382 3036 Deus
410 2978 470 3047 luit,
494 2979 556 3051 quia
580 2979 670 3035 adhuc
686 2979 764 3035 rivus
784 2978 813 3033 in
834 2992 918 3036 cruce

971 1796 1025 1871 gis,
1040 1797 1144 1868 pariter
1159 1796 1350 1852 ambulamus..
1376 1796 1496 1854 Securus
1510 1812 1584 1864 sum,
1617 1797 1699 1870 quasi
1709 1797 1772 1852 arni·

971 1900 1031 1941 cum
1047 1901 1137 1940 meum
1159 1885 1272 1941 habeus.
1303 1884 1382 1941 Venit
1406 1885 1589 1941 hostismeus
1619 1893 1649 1940 et
1672 1886 1772 1942 irruam

970 1973 1102 2030 inermem
1118 1981 1144 2030 et
1159 1974 1291 2030 resistere
1306 1989 1360 2030 non
1374 1972 1522 2044 valentem,
1538 1973 1707 2030 vulneribus
1720 1973 1772 2030 alti·

971 2063 1017 2120 eit.
1029 2062 1072 2118 Tu
1087 2079 1131 2118 me
1146 2062 1250 2137 plagari
1265 2078 1391 2134 cernens,
1408 2063 1475 2118 nibil
1501 2063 1631 2119 moreris
1648 2064 1716 2133 ;sed
1725 2078 1772 2137 pa·

972 2161 1070 2217 tienter
1084 2161 1213 2231 sustines,
1241 2169 1268 2217 et
1295 2168 1354 2219 stas
1370 2162 1458 2233 juxta,
1488 2161 1567 2233 quasi
1597 2178 1657 2219 uon
1680 2178 1773 2220 cumas

971 2250 1086 2307 uulnera
1098 2265 1169 2318 mea,
1182 2257 1208 2304 et
1223 2250 1285 2307 dico
1301 2265 1307 2306 :
1327 2273 1338 2299 a
1356 2251 1390 2308 Ut
1408 2250 1473 2323 qaid
1487 2249 1667 2323 dereliquisti
1679 2251 1771 2308 mei·

970 2340 1085 2411 (llottlr.
1100 2338 1199 2405 xxrrr.)
1214 2340 1311 2396 Adhuc
1336 2347 1393 2395 stas
1410 2339 1558 2410 juxtame,
1585 2347 1615 2395 et
1625 2355 1725 2398 causor
1748 2348 1773 2396 te

970 2427 1120 2484 recessisse
1134 2443 1150 2483 a
1164 2444 1222 2484 me.
1241 2428 1321 2484 Juxta
1337 2445 1367 2484 es
1394 2429 1473 2495 loco;
1488 2428 1539 2485 sed
1554 2428 1645 2502 longe
1667 2426 1772 2486 auxilio.

970 2527 1048 2583 Juxta
1059 2526 1142 2594 luisti,
1160 2528 1272 2600 quando
1301 2535 1469 2600 praeseutem
1480 2528 1637 2586 exhibuisti
1665 2530 1694 2586 iu
1707 2528 1772 2585 dile·

970 2614 1059 2673 ctione
1076 2636 1082 2682 ;
1098 2616 1181 2689 longe
1196 2615 1283 2673 lactus
1296 2632 1337 2684 es,
1354 2617 1464 2690 quando
1478 2616 1507 2674 iu
1522 2617 1661 2690 periculis
1672 2617 1769 2675 cousti-

970 2709 1030 2762 tuto
1046 2713 1071 2761 te
1086 2706 1243 2762 subtraxisti
1261 2722 1276 2760 a
1292 2706 1500 2779 compassione.
1516 2707 1773 2783 Sicergohumaui·

971 2800 1012 2850 tas
1027 2793 1191 2851 edivinitate
1205 2794 1232 2849 in
1247 2794 1377 2866 passione
1392 2795 1601 2854 eoderelictum
1628 2796 1771 2865 clamabat,

971 2884 1034 2958 quia
1049 2899 1109 2940 cam
1133 2882 1304 2940 inimicorum
1334 2885 1462 2956 potestati
1489 2885 1526 2941 ad
1555 2885 1772 2961 crucifigendum

972 2980 1157 3040 concesserat,
1170 2973 1240 3030 sicut
1251 2972 1430 3045 scriptumest
1446 2993 1452 3030 ε
1472 2974 1554 3031 «Non
1568 2975 1773 3033 baberesiame

118 3077 254 3151 pandens,
270 3077 358 3133 aneo
373 3074 520 3133 derelictus
535 3080 588 3132 ρει,
604 3077 664 3130 Jam
681 3090 735 3132 non
747 3075 834 3131 solum
849 3089 918 3148 ergo
933 3074 957 3139 C
971 3069 1147 3135 potestatem,
1163 3060 1216 3116 nisi
1230 3060 1278 3117 tibi
1293 3062 1386 3118 datum
1409 3062 1510 3119 luisset
1525 3062 1651 3136 desuper
1664 3064 1768 3139 (loca.

117 3165 147 3222 in
162 3173 262 3235 morte,
278 3165 327 3222 sed
341 3174 405 3223 ante
420 3173 535 3221 mortem
551 3163 683 3220 divinitas
697 3164 732 3220 ab
747 3165 915 3220 hominere-

119 3272 254 3332 cesserat,
269 3264 379 3337 quando
393 3265 476 3323 homo
487 3265 577 3320 adhuc
591 3264 674 3320 horno
689 3279 747 3320 aaa
765 3263 913 3320 recessisse

119 3354 217 3423 Deum,
232 3369 264 3409 ac
280 3370 331 3426 per
344 3354 407 3423 hoc,
421 3362 452 3410 ut
466 3352 512 3409 isti
527 3353 612 3419 aiunt,
628 3353 719 3409 Deum
737 3368 767 3409 se
782 3368 837 3408 uon
852 3367 914 3408 asse

118 3437 275 3511 plangebat.
293 3436 671 3507 Quislrosdieat‘lQuomodo
686 3453 764 3510 crgo,
780 3436 913 3510 inquiunt,

119 3534 329 3606 intelligendum
349 3544 391 3593 est
418 3534 492 3609 quod
515 3534 640 3591 Christus
659 3551 689 3591 se
703 3550 720 3591 a
734 3535 795 3591 Deo
817 3534 917 3591 dereli-

971 3163 1041 3231 xxx).
1060 3182 1071 3209 a
1085 3159 1172 3228 Quam
1190 3167 1281 3215 tamen
1295 3167 1423 3226 mortem,
1439 3160 1577 3232 quianon
1593 3178 1648 3234 pro
1667 3162 1772 3220 sueini·

970 3249 1084 3322 quitata,
1096 3249 1202 3320 sedpro
1210 3255 1302 3304 nostra
1311 3248 1649 3321 redemptionesustinuit,
1658 3252 1772 3310 incruce

972 3346 1096 3419 pendens
1109 3361 1192 3418 quare
1207 3346 1241 3401 sit
1256 3345 1398 3416 derelicta,
1415 3346 1537 3420 requirit,
1554 3364 1615 3406 uon
1630 3350 1712 3425 quasi
1724 3349 1772 3407 ad-

974 3452 1072 3492 sersus
1087 3435 1173 3492 Deum
1188 3435 1223 3491 dc
1237 3451 1319 3507 prena
1340 3451 1514 3492 murmurans
1530 3455 1538 3505 ;
1556 3437 1610 3495 sed
1624 3438 1706 3496 nobis
1730 3439 1771 3495 ia·

972 3524 1130 3582 nocentiam
1154 3540 1231 3580 suam
1268 3524 1296 3580 in
1323 3539 1405 3596 poena
1437 3524 1638 3584 demonstrans
1666 3544 1770 3586 musam

120 3631 193 3682 ctum
208 3639 270 3682 esse
285 3623 393 3697 clamat,
410 3624 519 3698 etquod
532 3624 676 3697 Scriptura
684 3624 824 3683 hominem
834 3639 916 3696 sepa·
972 3624 1118 3697 quaerebat,
1135 3623 1208 3697 qnod
1222 3630 1363 3697 peccatum
1377 3622 1531 3682 nesciebat.

522 3986 587 4092 IN
624 3986 732 4092 DIE
771 3984 1022 4093 sancto
1061 3983 1348 4092 PASCHAE.

750 4197 949 4265 Secundum
969 4197 1130 4263 Marcum.

156 4406 270 4463 ullane
283 4407 446 4480 blagdalena
473 4416 501 4467 et
519 4408 605 4466 llaria
627 4410 728 4467 iacobi
752 4417 778 4468 et
805 4411 915 4469 Salome
930 4412 956 4474 D
970 4411 1129 4469 mulieribus
1143 4413 1178 4469 ad
1193 4411 1350 4483 Dominum,
1375 4414 1437 4489 quia
1464 4415 1542 4474 linita
1566 4420 1767 4493 preparatione

119 4503 247 4553 emerunt
275 4505 405 4564 aromata,
434 4506 463 4553 ut
485 4499 627 4556 venientes
662 4508 796 4572 ungerent
822 4502 916 4557 lesum
965 4503 1110 4573 prasentia
1124 4503 1197 4571 ritae,
1209 4503 1237 4558 in
1250 4506 1344 4577 requie
1357 4505 1478 4579 gaudent
1506 4517 1676 4580 exspectare
1697 4510 1765 4567 diem

119 4585 219 4657 (llorc.
237 4592 310 4655 xva).
330 4608 341 4634 a
360 4587 915 4662 inllraugalioLucaescriptumest,quod
966 4592 1186 4662 resurrectionis,
1200 4600 1227 4648 et
1241 4601 1304 4650 tunc
1317 4594 1425 4651 Christo
1447 4592 1546 4652 offerre
1560 4599 1704 4670 spiritales
1728 4616 1768 4658 ac·

121 4680 319 4730 «revertentes
340 4684 517 4734 monumento
544 4688 709 4750 paraverunt
736 4686 861 4736 aromata
888 4687 916 4736 et
965 4680 1142 4754 tionesquasi
1157 4690 1278 4738 aromata
1303 4684 1468 4741 redolentes.
1497 4685 1582 4743 Sexta
1608 4687 1657 4746 die
1685 4689 1767 4747 tactus

118 4770 272 4837 unguenta.
288 4762 324 4819 Et
338 4764 454 4822 sabbato
477 4766 587 4839 quidem
610 4767 742 4824 siluerunt
764 4768 914 4825 secuudum
965 4778 1006 4826 est
1020 4771 1111 4837 homo,
1128 4771 1246 4828 Sabbato
1261 4771 1364 4844 quievit
1374 4774 1448 4829 Deus
1462 4772 1549 4844 (Gerr.
1561 4776 1595 4847 r).
1613 4778 1683 4836 ldeo
1699 4786 1770 4837 sexu

116 4853 275 4910 mandatum
290 4855 467 4927 (lmxxnr).
487 4877 498 4905 u
515 4856 672 4915 Mandatum
687 4866 745 4914 erat
771 4857 845 4929 apud
860 4858 914 4913 lu·
964 4859 1008 4917 die
1021 4861 1101 4916 lesus
1128 4876 1179 4932 pro
1204 4861 1315 4918 homine
1343 4864 1468 4919 moritur.
1501 4863 1584 4922 Unde
1608 4872 1639 4923 et
1668 4869 1764 4925 dixit:

116 4943 193 5001 daeos
208 4947 239 4998 ut
249 4943 361 5000 Sabbati
386 4944 524 5001 silentium
536 4960 554 5001 a
567 4962 681 5018 vespera
702 4964 788 5021 usque
803 4947 841 5003 ad
868 4963 914 5005 re·
966 4972 977 4999 a
994 4950 1214 5005 consummatum
1230 4959 1271 5006 eat
1286 4952 1380 5022 (loon.
1399 4951 1466 5021 aaa).
1483 4974 1495 5003 ι
1508 4953 1540 5011 ld
1555 4962 1615 5025 est,
1631 4966 1714 5015 sexta
1727 4957 1768 5015 die

116 5047 238 5104 speram,
251 5031 280 5087 id
293 5040 336 5089 est
350 5048 367 5089 a
381 5033 448 5090 solis
463 5049 563 5091 occasu
585 5036 723 5108 usquead
750 5036 816 5092 solis
831 5052 913 5093 occa·
955 5053 1032 5117 *opus
1045 5054 1097 5110 pro
1120 5039 1305 5110 redemptione
1333 5041 1427 5096 mundi
1455 5042 1599 5108 expletum
1623 5054 1681 5112 est,
1704 5047 1767 5104 etin

115 5137 188 5187 sum,
208 5130 374 5178 servaretur.
398 5123 478 5194 Quod
491 5131 519 5180 et
547 5123 675 5182 mulieres
694 5125 828 5193 lecerunt,
853 5142 913 5198 quae
962 5127 1081 5184 Sabbata
1095 5128 1229 5201 requierit
1253 5128 1280 5183 in
1307 5129 1448 5202 sepulcro.
1482 5130 1522 5186 lta
1542 5140 1571 5188 et
1586 5149 1641 5191 nos
1662 5134 1692 5191 in
1720 5137 1768 5193 hac

115 5208 176 5265 risa
198 5208 460 5279 sepulturabomini
489 5222 614 5270 emerunt
641 5215 802 5270 aromataiu
830 5215 913 5271 Para·
962 5225 1037 5274 sexta
1050 5224 1128 5273 atate
1139 5233 1187 5289 pro
1197 5217 1313 5274 Domino
1335 5218 1392 5291 pati
1406 5218 1550 5287 debemus,
1568 5230 1599 5279 et
1625 5224 1654 5280 iu
1684 5226 1766 5297 septi·

115 5312 198 5354 acere
213 5306 277 5353 aute
290 5298 361 5361 solis,
371 5316 511 5371 occasum,
531 5304 573 5359 vel
586 5303 614 5359 in
643 5304 762 5360 sabbato
790 5311 851 5376 post
861 5319 911 5361 oe·
961 5323 1017 5373 ma,
1033 5323 1093 5378 quae
1108 5314 1150 5362 est
1163 5308 1382 5375 mortuorumjn
1399 5319 1505 5365 secreta
1519 5325 1593 5381 pace
1614 5314 1764 5387 quiescere,

113 5400 209 5443 casum
233 5385 310 5453 solis,
337 5396 363 5443 et
377 5401 600 5462 praeparaverunt
626 5400 758 5462 aromata,
791 5400 819 5448 ut
833 5410 911 5452 mane
961 5396 1154 5452 doneccctara
1170 5396 1378 5453 resurrectionis
1403 5398 1507 5455 reniet.
1527 5400 1559 5455 ln
1575 5404 1698 5475 septima
1722 5404 1764 5461 die

112 5489 215 5545 corpus
230 5475 337 5529 Domini
352 5486 500 5550 ungerent.
522 5481 709 5537 Recordentes
734 5498 800 5554 orgo
816 5481 910 5538 fideles
960 5480 1105 5556 vesperam
1121 5484 1248 5540 babuisse
1262 5500 1316 5543 non
1333 5486 1443 5559 legitur,
1462 5487 1527 5559 quia
1543 5488 1571 5545 in
1600 5490 1649 5549 illo
1668 5494 1763 5551 asculo

112 5563 283 5634 sepulturam
299 5565 417 5630 Domini,
439 5567 516 5639 quasi
544 5578 664 5625 aromata
685 5580 794 5641 parant,
821 5571 844 5626 si
872 5572 906 5627 ad
960 5575 1071 5646 requies
1086 5574 1238 5629 animarum
1254 5575 1329 5630 nullo
1354 5590 1475 5634 ruoerore
1502 5582 1692 5656 consumitur,
1716 5582 1761 5639 sed

111 5668 195 5726 opera
210 5652 310 5726 quibus
326 5654 450 5711 Christus
466 5656 616 5714 delectatur
643 5676 673 5715 se
688 5668 856 5717 convertant.
877 5663 910 5717 lit
959 5664 1061 5738 gaudio
1076 5662 1172 5720 futurae
1187 5664 1395 5721 resurrectionis
1409 5674 1537 5739 augetur.

105 5744 228 5803 dabbato
242 5744 353 5820 quidem
368 5744 449 5804 silent
463 5747 573 5805 venturi
592 5758 655 5820 post
670 5750 817 5807 Sabbatum
847 5766 910 5808 cum
998 5776 1009 5802 .
1027 5754 1149 5826 Vespere
1163 5757 1256 5811 autem
1270 5754 1379 5811 sabbati
1398 5771 1460 5829 quae
1473 5755 1593 5818 lucescit
1606 5758 1636 5819 iu
1648 5760 1760 5837 primam
