3780 6044
168 236 219 290 l2‘l

680 231 849 289 Gorsium
867 225 1012 287 aestus
1031 223 1305 284 vlrtttocttttettsts
1370 233 1373 237 '

1763 227 1814 281 lid

167 356 334 414 concesserit
350 358 437 414 Deus.
455 361 561 416 Nostrae
575 365 665 413 tamen
681 355 810 428 parvitati
833 356 898 411 satis
921 350 1006 413 iu-A
1023 350 1113 424 egisse
1120 350 1279 408 conlitestur
1287 350 1353 407 etde
1363 349 1623 424 suaimperiectione
1633 365 1813 423 uonpoenam,

167 446 331 503 conveniens
345 462 407 502 esse
422 447 527 502 videtur
540 446 612 518 quod
624 444 713 499 minus
723 442 826 499 vicario
835 442 965 499 Romanae

165 534 297 592 Ecclesiae
311 536 387 592 credi
401 536 500 593 debeat
523 550 605 607 quam
635 532 727 589 serbis
754 531 913 598 comitissae,
938 539 965 587 et

165 631 275 695 propter
289 624 540 680 sexumiemineum
561 621 698 679 hominem
726 628 809 676 tantae
839 621 962 677 auctori-

168 711 230 768 tatis
245 712 350 769 habere
367 721 532 785 suspectum.

414 835 590 893 laetstota
610 838 711 893 xrtttt.

170 961 342 1019 Cbcrissimo
357 962 470 1019 doenioo
485 978 535 1018 suo
550 966 577 1018 et
594 962 723 1018 viscerali
730 962 820 1017 emico
830 959 966 1017 ildeberto

205 1051 376 1107 erenerobilis
390 1053 459 1107 vitm
473 1052 610 1123 episeopo,
631 1050 769 1122 Goffridus
785 1049 966 1105 Vindocirrec·

205 1140 424 1195 sismocosterii
439 1156 545 1205 seruus,
562 1140 697 1212 seuquid
720 1141 815 1211 potest
843 1135 965 1209 obsequii

204 1232 232 1282 et
247 1228 365 1284 emotis.

204 1322 276 1393 Quia
292 1324 373 1380 nobis
388 1325 461 1396 qood
477 1324 642 1397 promisistis
662 1323 773 1380 minime
794 1323 885 1380 lacere
911 1337 965 1394 po·

166 1412 265 1480 toistis,
281 1428 330 1469 vos
340 1414 413 1484 apud
427 1430 488 1481 nos,
505 1414 573 1470 sicut
588 1414 718 1487 rogastis,
736 1420 898 1470 excusatum
914 1412 963 1466 ha·

166 1517 274 1557 cemus.
296 1502 354 1558 Nec
369 1509 513 1573 propterea
540 1503 612 1575 apud
639 1503 725 1559 Deum
754 1518 804 1558 vos
832 1515 964 1558 accusare

1020 439 1067 495 sed
1083 439 1247 496 medicinam
1260 448 1454 512 consequatur,
1472 450 1497 496 et
1525 440 1656 513 quidquid
1684 439 1816 511 deinceps

1019 527 1150 585 sanctitas
1165 536 1257 584 vestra
1290 529 1399 584 anobis
1413 528 1529 600 petierit,
1558 537 1649 586 nostra
1677 527 1816 584 humilitas

1018 624 1209 688 prosequetur.
1226 618 1287 672 Non
1303 619 1399 673 timeat
1413 616 1458 673 ille
1472 617 1585 684 venire;
1607 633 1663 672 non
1687 615 1813 687 trepidet,

1017 704 1066 759 ubi
1079 720 1133 781 non
1149 713 1190 761 est
1204 705 1285 762 timor
1303 708 1395 777 138,
1409 706 1523 771 timore;
1539 706 1712 762 vulneratum
1723 704 1815 776 utique

1018 807 1118 849 curare
1128 808 1179 849 nos
1189 794 1334 860 decet,uon
1346 793 1815 868 vulneraaupmentare,quial¹aator

1018 897 1141 937 summus
1154 880 1258 938 lassam
1267 898 1346 940 orem
1358 890 1481 955 portasse
1488 883 1659 956 legiturmoa
1667 881 1815 951 abjecisse.

1019 971 1101 1039 Cujus
1116 969 1265 1027 infirmitati
1276 972 1305 1026 in
1318 980 1422 1028 tantum
1436 988 1605 1044 compassus
1619 978 1661 1027 est
1680 978 1711 1026 ut
1736 970 1813 1025 intir-

1019 1075 1078 1115 mus
1092 1059 1152 1130 ipse
1167 1060 1228 1116 fleri
1238 1059 1330 1117 mallet
1340 1076 1421 1134 quam
1437 1061 1496 1129 eius
1511 1059 1693 1116 infirmitatem
1707 1058 1816 1130 pietatis

1019 1146 1142 1204 remedio
1157 1164 1211 1204 non
1226 1156 1348 1204 sansret.
1369 1149 1398 1206 Si
1413 1165 1480 1205 vero
1494 1147 1573 1205 nobis
1587 1165 1648 1209 eum
1667 1147 1814 1220 diligenter

1018 1236 1177 1292 vocantibus
1195 1252 1249 1293 non
1265 1236 1423 1308 acquiescit,
1439 1237 1461 1292 si
1490 1236 1581 1293 oblata
1610 1236 1663 1292 sibi
1690 1242 1717 1292 et
1739 1250 1814 1306 saepe

1018 1324 1138 1380 exhibita
1152 1332 1273 1395 paternae
1287 1325 1462 1382 dilectionnis
1476 1325 1599 1381 remedia
1609 1324 1718 1396 refugit,
1728 1323 1813 1379 sima·

1019 1419 1102 1468 ternae
1116 1412 1268 1469 dulcedinis
1283 1414 1391 1470 viscera
1401 1414 1561 1482 contemnit,
1577 1429 1640 1470 eum
1649 1411 1719 1469 sicut
1729 1411 1815 1468 sacri·

1019 1499 1111 1572 legum
1126 1502 1402 1568 excommunicamus,
1417 1502 1506 1558 donce
1519 1501 1683 1574 regulariter
1703 1498 1814 1556 satista-

166 1603 321 1661 possumus,
337 1590 379 1646 vel
393 1591 536 1658 debemus,
552 1591 623 1662 apud
640 1607 719 1663 quem
736 1589 758 1645 si
775 1589 855 1646 etiam
870 1589 896 1644 in
911 1604 963 1646 cae-
1017 1589 1080 1657 ciat,
1094 1589 1121 1644 iu
1137 1598 1267 1662 quantum
1283 1590 1379 1662 regula
1391 1590 1543 1662 ipssdocct
1556 1598 1582 1646 et
1595 1587 1730 1662 precipit.

166 1678 232 1734 teris
247 1678 330 1734 rebus
345 1678 420 1734 illum
434 1679 597 1746 offendistis,
614 1680 637 1735 si
662 1695 716 1736 non
746 1678 854 1751 quantis
878 1678 1004 1764 debe-B

167 1782 237 1830 mus,
254 1767 348 1822 saltem
364 1767 462 1839 quibus
477 1783 633 1839 possumus,
649 1767 821 1825 orationibus
844 1782 962 1824 excusa-

168 1863 243 1910 mus.
277 1857 316 1911 De
345 1863 438 1911 vestra
463 1857 598 1914 charitate
631 1864 657 1913 et
695 1857 844 1912 humilitate
874 1856 964 1912 adbuc

165 1951 372 2014 Plaesumefllfflr
389 1945 488 2001 stilum
503 1945 686 2017 wilellmus
697 1945 785 2013 l⁰bl⁸r
794 1962 829 2000 ¹¹⁰
839 1950 963 2001 ”Ostiam
1020 1958 1188 2016 dicacissime
1199 1960 1445 2017 domiuoetcmico
1456 1961 1593 2018 ildeberto
1602 1958 1815 2018 bonorobiliCe·

170 2034 249 2101 137
267 2032 434 2102 petitionem,
450 2042 477 2089 et
491 2042 613 2090 vestram
628 2034 837 2105 promissionem
845 2033 964 2105 amplius
1036 2049 1537 2122 ,romannorumepegcopossosyrfflm
1547 2049 1816 2106 yindoysmmieme

168 2119 446 2192 ‘llilibetoccasione
468 2122 582 2194 implere
605 2121 747 2190 differatis,
772 2123 821 2179 Sed
849 2123 964 2179 leubilis
1036 2138 1572 2205 noctariiomiserameercuseuictem
1588 2138 1815 2194 etdilecticoem.

168 2208 346 2265 lavarzinum
367 2211 450 2281 (235),
482 2212 554 2283 quod
577 2220 713 2284 optamus,
742 2212 864 2268 lecturus
892 2211 965 2268 sicut

167 2297 963 2372 antepropoauistis,etin(⁰236)quebebdomadaluniije-
1053 2282 1185 2337 munem
1201 2280 1475 2339 ⁰aem0⁰¹³fil¹ffl0⁵⁸0
1497 2281 1662 2338 ¹⁰⁰¹¹⁸⁰h¹¹m
1684 2279 1817 2337 E⁰⁰¹⁸⁵lae

163 2384 241 2455 junia
255 2386 314 2442 sitis
328 2386 525 2456 celebraturus,
540 2388 620 2445 nobis
635 2388 780 2447 notificare
795 2388 909 2447 curetis.
1018 2377 1130 2436 ¹¹0⁵lfae·
1144 2377 1169 2425 el
1184 2370 1219 2425 ab
1232 2369 1291 2441 ipss
1306 2369 1435 2427 Ecclesia
1443 2370 1543 2442 saepius
1550 2368 1817 2467 perinobedlentiam

418 2510 592 2569 EPISTOLA
611 2513 716 2569 XXIX·
1019 2457 1182 2525 recessisse,
1199 2457 1356 2514 firmissime
1372 2459 1457 2527 scitis,
1473 2467 1500 2516 et
1513 2457 1816 2515 nullatennsdubitatrs.

1020 2546 1089 2602 Eum
1106 2555 1207 2613 tamen,
1219 2555 1315 2603 contra
1322 2563 1377 2603 suae
1385 2547 1562 2618 professionis
1570 2547 1651 2603 lidem
1660 2555 1687 2602 et
1695 2555 1817 2602 nostram

170 2635 357 2692 Dilectissimo
369 2639 450 2693 Petri
463 2637 603 2694 ildeberto
612 2638 764 2695 venerabili
775 2640 966 2696 Cerroeuonno·
1018 2637 1197 2702 voluntatem,
1210 2635 1256 2693 diu
1270 2635 1421 2691 retinuistis
1439 2643 1466 2693 et
1475 2635 1562 2692 adhuc
1583 2635 1716 2704 retinetis,
1732 2634 1816 2700 illius,

205 2724 565 2798 r·cmepiscopo,Gost'ridcs
580 2728 966 2784 l'indociceosismonosterii
1021 2730 1049 2779 ut
1062 2724 1177 2792 ridetur,
1195 2723 1289 2779 salotis
1303 2728 1484 2795 contemptor,
1500 2732 1526 2781 et
1540 2723 1817 2794 restreeoblituspro-

204 2811 321 2869 homilis
337 2830 442 2881 seruos,
459 2831 525 2871 cam
538 2815 689 2874 dilectione
700 2817 832 2872 sulutem.
1020 2812 1172 2868 missionis.
1190 2813 1357 2869 Promisistis
1372 2812 1444 2869 enim
1461 2813 1570 2885 quando
1593 2812 1745 2869 novissime
1765 2826 1817 2867 no-

203 2909 382 2983 sigrrificaetis
414 2911 493 2968 notris
526 2912 601 2985 (επ)
633 2913 766 2969 ioannem
801 2914 965 2969 monachum
1021 2901 1129 2958 biscum
1144 2900 1250 2958 locutus
1261 2900 1359 2968 inistis,
1376 2901 1448 2973 quod
1465 2902 1541 2957 illum
1565 2902 1600 2957 ad
1621 2900 1816 2958 monasterium

167 2995 337 3054 Hierusalem
352 2998 479 3055 rediisse,
497 2999 567 3055 saris
583 2999 679 3055 melius
694 2999 745 3055 sibi
760 3008 836 3056 esset
851 3000 879 3055 in
902 3015 963 3056 mo.
1021 3007 1099 3045 suum
1116 2990 1166 3046 sub
1177 2988 1319 3047 celeritate
1334 2991 1518 3048 remitteretis.
1530 2990 1693 3064 thuianec
1707 3005 1723 3046 a
1738 2989 1815 3046 vobis

132 3087 134 3091 ’
167 3085 289 3141 nasterio
303 3101 353 3142 suo
368 3086 556 3143 benevixisse.
568 3088 630 3142 Non
641 3102 736 3143 omues
747 3089 793 3159 qui
807 3096 965 3144 terrestrem
981 3058 1005 3121 G
1020 3080 1131 3146 missu&
1147 3093 1198 3136 1]θο
1215 3095 1232 3134 ³
1260 3095 1309 3134 ⁵¹1⁸
1337 3079 1479 3152 iniquitate
1506 3079 1670 3151 permissum
1693 3078 1814 3136 ”lindum

168 3172 338 3229 Hierusalem
352 3173 490 3241 viderunt,
507 3175 556 3231 sed
571 3175 618 3248 qui
634 3176 703 3232 bene
718 3185 845 3247 egerunt,
861 3177 966 3232 Hieru-
1020 3169 1113 3225 Venite
1151 3167 1244 3235 voluit,
1282 3168 1357 3224 illum
1397 3172 1455 3238 inm
1496 3169 1675 3235 stdfflffllilumr
1715 3168 1814 3224 ilerum

167 3261 252 3316 salem
268 3261 371 3333 quein
386 3262 465 3318 eoelis
479 3271 521 3318 est
535 3264 636 3319 trabere
651 3271 818 3320 meruerunt.
836 3262 915 3334 Quod
929 3264 964 3320 ad
1018 3257 1211 3324 admonemus.
1227 3265 1254 3313 ⁰2
1269 3257 1406 3313 monendo
1422 3272 1561 3329 rogamus,
1578 3256 1667 3330 utqui
1691 3272 1708 3312 a
1735 3255 1815 3313 nobis

167 3349 384 3415 vosdeclinavit,
401 3350 482 3406 nobis
496 3351 609 3407 minime
623 3351 818 3423 displicuisset,
834 3352 858 3406 si
870 3353 904 3408 ad
915 3369 964 3409 nos
1018 3346 1131 3402 recessit
1149 3347 1230 3417 139
1245 3345 1443 3415 inobedienter,
1462 3347 1497 3403 ad
1510 3361 1657 3418 rususque
1672 3345 1707 3402 ad
1721 3343 1814 3417 proni·

168 3436 286 3492 venisset
300 3437 386 3509 prius,
402 3438 471 3495 sicut
486 3439 637 3495 debuisset.
657 3439 736 3511 Quod
751 3457 784 3497 es
809 3450 901 3498 nostra
928 3441 965 3497 li·
1018 3449 1090 3491 mem
1107 3435 1279 3491 Dominiesm
1304 3435 1393 3492 venial
1406 3435 1569 3491 obediturus
1598 3434 1762 3506 regulariter
1789 3441 1818 3489 el

167 3525 257 3580 mnata
271 3539 332 3581 eun
352 3526 491 3599 requiritis
506 3528 788 3596 recissumheuitare,
799 3537 904 3587 nonest
914 3529 965 3587 troc
1018 3523 1209 3595 suscipiendus
1244 3523 1472 3580 misericorditer.
1513 3522 1593 3594 Quod
1634 3523 1659 3578 st
1694 3521 1817 3595 quolibet

167 3613 266 3670 animas
279 3630 336 3670 suae
344 3614 499 3680 consulere,
509 3616 559 3673 sed
568 3632 678 3673 nocere.
690 3617 855 3674 ilonasterio
864 3619 964 3675 etenim
1019 3611 1165 3669 occasione
1181 3611 1327 3679 distulerit,
1345 3628 1417 3679 eum,
1433 3612 1521 3668 donec
1537 3611 1689 3684 resipiscet,
1703 3610 1743 3667 ita
1762 3626 1814 3668 et·

168 3716 228 3768 suo,
244 3718 261 3756 a
275 3717 328 3774 quo
342 3718 395 3775 per
409 3703 622 3760 inobedientiam
636 3705 773 3773 discessit,
788 3707 910 3780 regulari
925 3724 965 3763 sa·
1018 3701 1252 3759 communicemus
1262 3709 1287 3757 ut
1296 3701 1575 3758 neccommunionem
1585 3699 1717 3773 percipiat
1727 3700 1813 3765 rivus,

168 3789 322 3848 tisiaotioue
337 3791 507 3849 reconciliari
517 3793 594 3864 prius
608 3794 700 3864 debet,
717 3811 797 3866 quam
818 3805 908 3852 vestra
930 3796 965 3852 sit
1020 3806 1071 3847 nec
1086 3790 1251 3862 sepulturam
1267 3789 1423 3846 defunctus.
1443 3789 1526 3846 Vobis
1540 3796 1632 3844 autem
1654 3788 1814 3845 charissimo

168 3879 212 3935 vet
232 3879 346 3950 alicujus
355 3879 481 3937 catholici
500 3881 602 3953 dgnus
631 3883 836 3940 communione.
869 3885 965 3941 Veniet
1018 3879 1129 3935 domino
1143 3886 1238 3939 nostro
1253 3884 1281 3934 et
1291 3878 1383 3935 emico
1402 3877 1582 3951 supplicando
1596 3878 1758 3934 mandemus
1785 3883 1815 3932 ut

168 3964 258 4040 itaque
272 3967 306 4022 ad
321 3967 515 4024 monasterium
531 3985 622 4039 suum,
639 3978 710 4027 etse
734 3970 824 4026 minus
844 3970 964 4043 perlecte
1019 3984 1099 4042 quem
1115 3975 1214 4024 vestrae
1228 3966 1352 4039 petitioni
1368 3966 1404 4022 ad
1420 3975 1526 4038 tempus
1541 3965 1740 4034 concessimus,
1751 3966 1814 4022 cba-

1276 1782 1455 1841 taetstott
1472 1784 1536 1839 XX.

206 4135 280 4208 (2³5)
295 4137 492 4194 incomitatam.
505 4139 708 4197 Lararzinense
723 4141 846 4197 Castrum
861 4140 888 4196 in
906 4142 965 4197 i'its
1019 4140 1083 4196 tnui
1097 4143 1148 4197 813
1164 4148 1321 4209 excerptum
1344 4139 1461 4212 legimus
1481 4136 1532 4193 lib.
1553 4153 1581 4204 v,
1598 4136 1707 4210 capitul.
1723 4152 1748 4192 c.
1765 4139 1811 4202 86,

169 4205 309 4272 lldeberti,
324 4208 368 4263 cui
385 4208 475 4279 patria
491 4209 539 4266 luit
558 4210 747 4292 lavarzinum²
769 4211 827 4267 sire
843 4220 872 4268 ut
881 4213 964 4268 hodie
1019 4219 1046 4267 et
1061 4212 1089 4267 in
1103 4212 1208 4284 synodo
1237 4210 1450 4283 liothomegensi
1476 4209 1589 4264 iosunis
1614 4208 1813 4280 archiepiscopi

169 4275 317 4358 loquuntur
331 4278 522 4349 Lavardinum,
539 4282 724 4338 ilenti-aureo
739 4299 765 4336 tn
776 4283 892 4338 adversa
903 4284 965 4355 ripa
1017 4299 1088 4338 antro
1104 4284 1186 4344 tote
1202 4282 1229 4337 in
1239 4282 1325 4353 ipsius
1335 4288 1426 4337 tamen
1435 4279 1615 4336 hebdomadis
1625 4277 1814 4350 designatione

169 4346 325 4402 finitimum.
1020 4369 1075 4409 uon
1090 4353 1163 4408 idem
1177 4352 1297 4410 omnium
1312 4368 1409 4407 seusus
1424 4359 1451 4408 et
1463 4367 1523 4406 mos
1544 4351 1602 4414 init,
1632 4366 1694 4407 cum
1725 4349 1772 4405 alii
1796 4366 1814 4405 a

205 4420 280 4489 (236)
291 4421 349 4488 Quo
360 4419 629 4480 Hebdomadobmaii.
641 4423 711 4479 ilinc
730 4432 850 4494 apparet,
866 4425 962 4494 ieiunii
977 4415 1003 4475 D
1021 4424 1086 4481 teria
1101 4440 1130 4479 tv
1144 4425 1277 4480 rationem
1300 4423 1410 4491 inirent,
1461 4422 1514 4477 uod
1538 4421 1623 4494 praeci
1643 4422 1664 4476 it
1690 4420 1813 4491 synodus
1836 4429 1844 4435 '

171 4489 256 4543 aestivi
269 4498 333 4570 ente
347 4490 394 4544 ills
408 4498 533 4560 tempora
549 4501 646 4548 statem
660 4509 692 4550 ac
707 4493 844 4550 delinitam
870 4497 963 4552 sedem
1018 4494 1307 4567 Saleyunstsdiensis;
1323 4493 1368 4550 alii
1383 4509 1398 4548 a
1415 4494 1450 4547 Se
1472 4493 1544 4560 bato,
1561 4509 1596 4564 qu
1657 4490 1812 4547 laciendum

170 4574 225 4614 non
239 4559 335 4615 luisse.
355 4560 434 4628 Quod
449 4578 516 4618 senc
531 4580 622 4619 verum
638 4573 689 4620 est.
704 4566 775 4620 Nam
797 4565 824 4620 in
848 4566 964 4623 concilio
1019 4567 1098 4622 docet
1108 4567 1195 4621 lierno
1206 4565 1291 4620 abbas
1307 4563 1464 4637 Augiensis.
1475 4563 1590 4618 Fuerunt
1605 4571 1734 4632 praeterea
1753 4562 1811 4633 qui,

170 4631 333 4685 Arvemcnsi
347 4646 409 4702 cap.
424 4635 578 4697 eteorum,
594 4652 655 4706 quae
668 4636 779 4706 collegit
802 4637 963 4693 lambertus
1019 4636 1041 4692 si
1056 4635 1165 4719 quando
1176 4645 1303 4692 evenerat
1317 4644 1345 4690 ut
1360 4634 1511 4689 secuudum
1525 4633 1597 4688 lirnii
1613 4632 1763 4688 Sabbatum
1784 4631 1811 4687 in

170 4701 318 4782 episcopus
333 4703 532 4770 Atrebatensis,
548 4705 687 4761 decretum
697 4714 803 4762 constat
813 4713 845 4763 ut
855 4724 966 4781 semper
1018 4706 1139 4832 Vibium
1158 4708 1331 4763 Pentecostes
1346 4705 1486 4769 incideret,
1502 4704 1547 4758 illa
1562 4704 1621 4775 ipsa
1636 4702 1812 4758 nibilominus

170 4772 369 4843 fiutjeyerrium
384 4774 456 4830 veris
470 4777 501 4830 ier
515 4777 609 4847 prime
620 4777 791 4833 bebdomada
806 4778 964 4850 Quadrupe-
1020 4778 1053 4834 be
1073 4777 1192 4834 domada
1204 4777 1339 4846 ieiunium
1364 4775 1542 4830 observarent
1557 4793 1564 4840 ;
1591 4774 1729 4830 nonnullis
1753 4781 1811 4829 tum

170 4842 966 4918 dmmlejeniamoerooestctie,iersrohebdomademPera«
1019 4858 1192 4920 praevertere,
1215 4857 1298 4918 utque
1323 4847 1352 4901 in
1378 4846 1585 4902 antecedentem
1611 4844 1813 4900 hebdomadam

171 4916 297 4969 tecostes.
310 4914 345 4968 Et
354 4915 427 4986 apud
438 4916 594 4972 bertoldum
605 4918 632 4972 in
643 4919 793 4989 appendice
805 4920 839 4974 ad
850 4921 964 4975 Herma·
1016 4920 1149 4989 jejunium
1163 4934 1292 4974 revocure
1305 4916 1409 4988 placuit
1423 4934 1429 4977 ;
1446 4916 1493 4971 elii
1507 4923 1601 4972 contra
1615 4916 1682 4971 inse
1702 4923 1813 4970 nentem

170 5000 235 5039 num
250 4983 432 5041 Gebebardus
446 4987 592 5059 episcopus
606 4989 714 5062 legatus
725 4990 800 5045 sedis
809 4991 966 5061 apostolice
1020 4991 1111 5062 (quam
1126 4988 1206 5044 hodic
1219 4988 1368 5060 sequimur)
1383 4987 1498 5057 rejicere
1509 4985 1676 5041 maluerunt.
1716 4986 1813 5042 eomi-

171 5054 244 5109 idem
263 5055 354 5110 statuit
375 5056 402 5110 in
426 5057 542 5127 syuodo,
570 5075 650 5131 quam
678 5061 846 5117 Constantiae
872 5061 964 5117 babuit

171 5139 242 5180 anno
258 5126 326 5180 toet
342 5127 494 5196 exemplum
509 5137 538 5184 ut
553 5145 616 5186 reor
638 5139 747 5187 secutus
776 5131 864 5203 Greg.
899 5132 961 5198 Vll,

171 5211 251 5266 quem
266 5196 384 5265 primum
394 5198 474 5266 hujus
489 5199 590 5256 decreti
604 5210 745 5258 auctorem
773 5200 835 5258 iacit
863 5202 964 5259 llicro·

171 5264 264 5336 logos.
289 5264 378 5335 Quam
391 5283 457 5324 vero
470 5269 573 5326 incerta
586 5279 808 5353 etancepsantea
819 5288 864 5327 res
875 5272 965 5340 luerit,

171 5343 288 5391 testatur
300 5339 421 5407 synodus
436 5339 719 5413 Salegunstsdienats,
742 5358 803 5397 cum
833 5343 966 5399 incertum

168 5406 305 5477 jejunium
318 5408 441 5477 Quatuor
456 5411 623 5483 Temporum
633 5421 722 5468 vocat.
738 5412 967 5484 Etmiraprorsus

171 5493 222 5547 per
235 5486 332 5550 gentes
342 5488 373 5560 ,οι
385 5488 479 5536 aetates
494 5483 613 5538 varietas
626 5481 688 5538 luit.
703 5483 773 5538 Nam
789 5484 860 5539 utde
873 5485 968 5541 aestivo

171 5549 359 5605 tautumiuuu
375 5551 477 5607 mensis
488 5552 592 5621 ieiunio
614 5552 714 5619 dicam,
743 5555 796 5610 etsi
825 5562 967 5613 reectum

171 5616 261 5674 luerat
274 5635 291 5674 a
305 5619 454 5692 plerisque,
469 5631 497 5677 ut
511 5622 631 5679 secunda
645 5625 703 5694 ejus
731 5626 834 5681 mensis
859 5572 968 5682 hebdo-

171 5688 253 5746 mada
280 5690 490 5761 celebraretur;
516 5693 587 5766 quod
617 5710 652 5750 en
678 5696 786 5767 synodo
812 5697 969 5767 ltoyuntina

1020 5061 1184 5117 norierein
1209 5067 1302 5122 remo,
1332 5059 1501 5130 bibernoque
1524 5056 1626 5126 ieiunio
1653 5056 1808 5111 diversitas.

1021 5133 1078 5187 lloc
1092 5130 1174 5203 igitur
1184 5129 1309 5201 quamvis
1323 5129 1350 5183 in
1366 5144 1396 5184 ru
1412 5144 1466 5183 non
1491 5143 1593 5200 magna
1615 5127 1757 5182 discidium
1777 5129 1813 5182 alr

1020 5202 1144 5258 Ecclesia
1159 5201 1226 5262 tolli.
1243 5209 1268 5256 et
1283 5215 1455 5256 communem
1483 5197 1610 5253 omnibus
1636 5198 1726 5269 legem
1754 5198 1815 5254 dari

1021 5273 1162 5335 intererat,
1179 5287 1261 5343 quam
1276 5271 1412 5328 sancitam
1428 5268 1546 5325 diximus
1560 5268 1587 5323 in
1603 5269 1815 5340 synodoelruer·

1021 5342 1108 5399 censi.
1126 5342 1179 5398 Sed
1195 5359 1249 5398 non
1263 5342 1363 5414 ubique
1376 5340 1464 5396 statim
1478 5340 1602 5396 obtinuit.
1619 5338 1815 5397 Adeodiibcile

1021 5422 1061 5470 est
1074 5412 1212 5485 plerisque
1226 5413 1351 5484 antiquos
1365 5427 1466 5473 mores.
1483 5410 1605 5481 ritusque
1620 5410 1663 5467 rel
1689 5411 1815 5467 meliori·

1023 5486 1074 5540 bus
1095 5492 1214 5540 mutare.
1247 5486 1298 5540 Pro
1319 5491 1395 5539 terea
1414 5479 1552 5538 Goffridus
1579 5488 1707 5552 tanquam
1735 5481 1762 5536 in
1782 5497 1817 5538 re

1021 5555 1111 5611 adbuc
1125 5557 1225 5612 ineerta
1240 5500 1403 5610 ildebertum
1417 5552 1578 5622 interrogat.
1653 5623 1658 5633 ,
1769 5622 1775 5633 ι

1057 5627 1131 5695 (237)
1144 5627 1284 5684 ledonem
1297 5624 1480 5683 menoclem.
1499 5622 1716 5690 Cementanum,
1732 5631 1816 5696 epist.

1023 5712 1084 5769 seq.
1099 5700 1135 5756 tte
1148 5700 1237 5755 etii.
