3780 6038
113 199 178 255 sss.
679 199 849 257 wunnsm
868 174 1010 259 matris
1036 201 1065 258 s.
1085 201 1194 259 suesti
1516 181 1524 189 '
1721 200 1768 259 stt

113 318 175 390 Quo
188 320 276 395 magis
289 320 317 376 in
340 336 373 378 eo
387 322 454 379 nihil
477 331 528 391 est,
543 340 598 398 quo
626 330 727 380 tantam
751 325 833 381 babet
847 338 910 397 pru·
922 324 951 387 A
965 316 1072 398 campo,
1089 335 1113 384 et
1128 343 1277 385 occurrens
1292 327 1406 403 regibus
1415 327 1549 396 arridest,
1567 325 1707 384 odoretur
1720 322 1768 381 bet

112 408 243 467 dentium.
273 410 361 467 Credo
391 411 464 482 quod
492 428 541 482 per
580 412 778 486 indulgentiam
803 414 913 469 Domini
967 416 1023 471 lum
1038 417 1155 484 eminus,
1170 416 1305 474 excitetur
1318 433 1387 475 sono
1409 418 1491 486 tubae,
1508 416 1532 473 si
1546 418 1610 474 haec
1626 412 1768 470 irretiunt·

115 512 208 552 rerum
238 499 369 564 omnium,
398 499 425 553 id
464 517 573 573 quoque
609 502 788 574 prescientia
815 519 914 558 munus
968 506 1032 560 bilis
1047 506 1176 579 pleraque
1192 507 1287 563 etalis
1305 507 1474 563 insensibilia
1504 513 1532 562 ut
1545 505 1658 570 lenum,
1675 508 1706 558 ut
1719 501 1768 558 lilit

113 584 258 656 acceperit.
274 587 380 641 Etenim
394 588 417 642 si
432 587 525 643 lenum
541 591 614 645 Deus
629 591 669 647 sic
693 591 772 648 vestit
787 599 815 646 ut
830 595 914 647 mire·
968 595 1085 666 replerit
1099 611 1147 650 sue
1162 594 1342 666 dispositione
1358 594 1508 666 sapientise,
1524 593 1593 668 quid
1616 590 1770 647 dubitemus

115 689 187 739 mur,
203 674 226 728 si
240 674 328 744 pascit
358 675 489 745 volatilis,
517 678 540 732 si
566 679 675 750 pararit
699 680 789 735 corvis
812 695 913 745 escum,
967 696 1040 768 quod
1064 694 1146 752 ,upum
1175 696 1203 751 in
1227 696 1354 753 pepinum
1382 693 1529 754 contulerit
1543 691 1629 762 hujus
1658 688 1772 762 gratian

114 761 183 833 pulli
198 761 270 817 enirn
279 763 341 831 ejus
352 763 387 819 ad
398 765 660 822 Deumclamtnt.Si
670 768 830 824 mulieribus
840 768 915 824 dedit
968 785 1161 858 pmcpenpae,
1180 785 1254 841 pipp
1278 785 1350 842 enim
1373 783 1586 855 inexploratum,
1618 776 1691 834 nibil
1707 777 1773 834 enin

115 865 228 916 texturae
243 861 414 931 sapientiam,
430 862 454 917 si
479 879 616 930 araneam,
633 882 693 938 quse
714 876 768 921 tam
782 866 915 922 subtiliter
968 874 1195 930 indissimulatum
1222 873 1362 945 relinquit.
1392 871 1492 929 Omnis
1513 869 1592 926 ridet
1621 867 1672 941 qui
1691 865 1774 938 pascit

112 960 148 1002 ac
163 946 243 1004 docte
257 948 338 1005 laxos
353 965 446 1007 casses
460 953 601 1023 suspendit
612 954 638 1009 in
652 953 756 1010 loribus
764 955 915 1026 sapientie,
968 970 1082 1028 omniu,-
1098 970 1188 1027 omnis
1203 970 1291 1043 replet
1299 969 1438 1042 sepientis
1447 982 1509 1042 quse
1520 965 1618 1023 omnis
1632 963 1663 1020 in
1673 961 1764 1036 sapien

115 1048 170 1089 uon
184 1034 293 1108 reliquit
306 1035 465 1106 immunem,
483 1040 505 1096 si
521 1041 581 1112 ipse
599 1041 728 1098 uirtutem
743 1057 816 1114 equo
830 1043 914 1110 dedit,
969 1059 1007 1116 pp.
1019 1057 1098 1116 fectu,

113 1137 142 1187 et
156 1129 236 1188 solvit
248 1131 283 1190 de
304 1134 413 1192 ceruice
427 1136 487 1207 ejus
508 1136 680 1197 formidinem
711 1148 740 1196 ut
755 1139 876 1198 exsultet
887 1140 917 1197 in

542 1472 850 1577 DOMlNlCA
882 1474 966 1577 DE
1012 1471 1325 1578 PASSlONE

154 1695 166 1720 a
183 1671 250 1744 Quis
260 1691 293 1732 es
303 1676 382 1733 tobis
397 1679 586 1752 arguetmede
600 1690 713 1751 peccato
725 1682 912 1755 (transitus
928 1681 956 1744 B
970 1685 1093 1740 humans
1107 1683 1245 1740 inflatione
1267 1682 1394 1737 discrete.
1417 1675 1577 1736 Secundum
1606 1673 1721 1747 poenule
1730 1673 1773 1743 in·

117 1759 179 1816 Non
193 1761 358 1838 dedignetur
370 1782 403 1822 et
418 1767 525 1822 ratione
537 1769 685 1826 ostendere
699 1787 730 1826 se
744 1778 919 1842 peccatorem
972 1773 1072 1829 dicium
1087 1773 1169 1828 Peter
1183 1786 1239 1827 non
1250 1770 1355 1841 judicet
1377 1781 1552 1839 quemquam,
1569 1763 1622 1820 sed
1633 1778 1719 1820 omne
1728 1762 1773 1834 ju·

118 1864 172 1904 non
189 1866 264 1908 essa.
284 1874 295 1900 ι
325 1852 354 1909 Si
369 1853 513 1910 veritatem
537 1855 609 1923 dico,
626 1873 710 1929 quare
738 1860 919 1916 concreditis
972 1862 1071 1919 dicium
1086 1861 1161 1917 dedit
1171 1860 1239 1917 Filio
1253 1875 1261 1929 ;
1276 1857 1426 1915 secundum
1446 1854 1580 1926 judicium
1600 1850 1774 1909 discretionis

118 1937 279 2009 mibi‘lQni
295 1942 469 2012 estecho,
485 1944 568 1999 verbs
583 1946 634 2000 Dei
661 1947 747 2002 cudit.
772 1949 920 2019 Propterea
970 1950 1072 2020 judicet
1093 1959 1121 2005 ut
1146 1948 1174 2004 in
1196 1948 1320 2020 psalmo:
1338 1968 1349 1995 ι
1366 1944 1463 2001 iudice
1489 1958 1535 1999 me
1568 1942 1648 1998 Deus
1682 1941 1770 2008 (Psel-

116 2050 166 2090 ros
180 2052 234 2093 non
249 2038 358 2106 auditis,
374 2039 437 2111 quie
456 2057 488 2096 ex
506 2041 562 2097 [leo
576 2057 631 2098 non
645 2044 722 2099 estis.
740 2064 752 2095 s
769 2043 838 2100 Sunt
852 2060 921 2101 non·
973 2041 1051 2108 tuti).
1073 2062 1084 2087 ι
1102 2038 1186 2107 liujus
1198 2036 1294 2107 judicii
1322 2033 1455 2106 expositio
1469 2029 1617 2104 sequitur:
1637 2051 1651 2079 s
1676 2029 1712 2085 Et
1724 2027 1776 2084 dis·

117 2123 183 2179 nulli
197 2126 241 2198 qui
259 2136 397 2198 precepta
411 2128 459 2184 Dei
482 2144 533 2185 nec
547 2146 612 2186 sure
637 2133 761 2203 corporis
776 2133 920 2205 percipere
973 2152 1064 2205 cerne,
1080 2135 1176 2208 inquit,
1203 2148 1314 2190 causam
1329 2147 1418 2187 meam
1449 2129 1484 2185 de
1499 2134 1583 2201 pente
1598 2142 1657 2183 uon
1685 2134 1776 2182 unctu

116 2211 273 2284 dignantur,
310 2223 337 2270 et
347 2224 409 2270 sunt
423 2217 600 2290 nonnulliqui
611 2220 775 2292 percipiunt,
786 2221 834 2277 sed
844 2221 920 2278 nullo
973 2225 1116 2299 (ibid.).r
1148 2222 1278 2280 Similiter
1297 2220 1366 2277 duas
1392 2218 1556 2276 tentationes
1584 2214 1773 2288 mtstliginus

117 2309 217 2364 mentis
230 2309 367 2367 desiderio
394 2313 621 2385 complectuntur,
649 2325 677 2373 et
703 2324 771 2373 sunt
798 2318 921 2375 nonnulli
974 2337 1090 2392 qustum
1105 2336 1159 2377 uns
1173 2319 1285 2391 decipit,
1301 2319 1387 2375 sltem
1406 2315 1513 2388 probat.
1541 2313 1613 2370 Nam
1643 2311 1774 2385 scriptum

117 2396 165 2469 qui
180 2397 298 2454 libenter
311 2400 446 2457 audiendo
461 2413 680 2475 compunguntur
692 2406 740 2463 sed
756 2415 819 2479 post
833 2407 921 2480 lucry-
975 2420 1016 2468 est
1032 2425 1039 2466 :
1057 2434 1069 2460 ι
1086 2406 1497 2476 Deusneminemtentat(1ac.
1514 2403 1545 2474 ι).
1570 2425 1583 2452 ι
1611 2401 1650 2457 Et
1679 2401 1773 2458 iterum

116 2500 177 2541 mss
191 2486 226 2542 cd
242 2485 410 2559 iniquitatem
426 2490 550 2547 redeunt.
567 2492 599 2548 lli
622 2495 745 2564 prolecto
771 2497 855 2551 verbs
871 2496 921 2552 Dei
974 2500 1105 2571 scriptum
1128 2507 1169 2555 est
1185 2512 1192 2553 :
1210 2519 1221 2545 ι
1237 2497 1336 2553 Τοιιιι
1349 2511 1400 2552 ros
1422 2493 1555 2550 Dominus
1569 2492 1648 2547 Deus
1675 2497 1772 2556 vester,

115 2588 171 2630 nou
185 2574 307 2642 rudiunt,
317 2577 380 2649 quie
392 2594 563 2636 eaetercare
573 2581 600 2636 in
618 2598 703 2654 opere
720 2592 912 2641 contemnunt.
973 2597 1003 2644 ut
1017 2588 1086 2644 sciat
1100 2587 1124 2642 si
1139 2585 1262 2658 diligetis
1276 2600 1340 2641 eum
1358 2584 1457 2654 (best.
1474 2582 1544 2650 utu).
1558 2602 1571 2629 ι
1589 2581 1625 2639 tlt
1639 2579 1719 2637 sciat
1730 2577 1774 2633 di·

115 2670 190 2728 Licet
204 2671 288 2744 igitur
301 2688 397 2730 omnes
415 2685 477 2731 sunt
492 2674 539 2734 liiii
555 2678 605 2734 Dei
632 2696 683 2751 per
696 2689 832 2750 naturum,
848 2682 921 2754 quod
974 2693 1046 2742 ctum
1060 2692 1103 2740 est
1117 2699 1168 2755 pro
1182 2684 1256 2739 scire
1270 2683 1370 2755 [ccicc
1385 2680 1438 2737 lob
1452 2678 1552 2735 utebar
1566 2692 1608 2742 se,
1624 2675 1773 2732 sedDenm

116 2760 262 2815 ostendunt
289 2762 429 2832 parabolas
453 2765 489 2820 de
504 2765 559 2822 lilio
584 2767 655 2843 frugi
679 2777 706 2824 et
726 2770 843 2842 prodigo
858 2788 865 2835 ;
885 2771 921 2828 de
974 2790 1039 2830 non.
1055 2773 1172 2829 Admisit
1188 2773 1263 2828 Deus
1280 2778 1453 2833 tentetorem,
1473 2765 1576 2822 ctiecit
1590 2781 1658 2820 cum
1672 2763 1716 2820 sui
1728 2779 1773 2821 co·

116 2847 222 2903 duobus
243 2848 307 2904 liliis
321 2849 444 2906 invitetis
457 2853 492 2908 ad
507 2855 626 2924 rincum,
651 2857 690 2914 illi
705 2866 794 2915 tamen
810 2867 872 2914 sunt
885 2876 920 2917 ex
974 2862 1120 2938 prtitorem.
1134 2860 1180 2917 Sic
1208 2869 1235 2915 et
1249 2860 1303 2915 duo
1326 2858 1438 2914 timores
1452 2861 1538 2911 sunt:
1565 2852 1690 2919 servilis,
1712 2867 1773 2909 cum

116 2958 225 3018 diabolo
239 2976 289 3032 por
303 2959 409 3026 uitium,
428 2959 493 3033 quia
507 2958 589 3014 rerba
601 2954 651 3012 Dei
665 2972 719 3011 non
729 2956 855 3029 diligunt.
867 2957 919 3026 Qui
973 2961 1053 3017 times
1076 2975 1111 3015 ne
1132 2958 1245 3030 patieris
1267 2972 1377 3028 pienum
1394 2972 1401 3020 ;
1416 2960 1520 3019 custus,
1534 2968 1602 3009 oum
1630 2950 1715 3008 times
1739 2965 1773 3007 nc

114 3064 178 3106 rero
193 3057 374 3106 renascuntur
400 3065 433 3105 ex
461 3049 518 3104 Deo
541 3045 728 3119 uenerationis
755 3046 911 3118 adoptione,
926 3036 952 3098 C
967 3045 1074 3100 emittas
1084 3044 1228 3113 iustitiam.
1253 3043 1379 3098 Alterum
1406 3036 1528 3110 perlecta
1542 3035 1672 3094 cbaritss
1700 3033 1770 3091 iores

115 3136 228 3193 audiunt
243 3138 355 3194 verbum
370 3136 420 3194 Dei
432 3143 459 3193 et
473 3135 642 3193 custodiunt.
965 3129 1046 3184 mittit
1059 3129 1183 3185 timorem
1198 3129 1290 3196 (locu.
1306 3126 1361 3197 tv);
1378 3124 1496 3179 alterum
1511 3129 1616 3187 servet,
1644 3127 1772 3176 nocente

153 3257 165 3284 a
192 3235 401 3306 Responderunt
419 3235 501 3307 igitur
524 3233 622 3300 ludici,
651 3240 678 3288 et
690 3233 821 3290 dixerunt
848 3234 873 3289 ei
903 3252 911 3290 ι
966 3216 1054 3273 ”0⁰⁰¹
1069 3232 1232 3290 ΡΘΙΊΜΜΞΜ
1247 3215 1274 3270 ῙΠ
1303 3213 1433 3270 millum
1456 3209 1560 3268 milli·
1577 3209 1654 3265 Nm
1669 3216 1697 3265 θῑ
1711 3223 1771 3263 ¹¹²⁰·

114 3322 212 3379 Nonne
226 3323 296 3380 benc
310 3324 426 3380 dicimus
440 3339 491 3379 nos
510 3322 573 3393 quia
583 3323 772 3379 Ssmaritanus
786 3339 816 3379 es
830 3331 858 3379 tu
886 3331 913 3380 et
966 3315 1018 3371 litt
1031 3315 1154 3371 adulter·
1168 3314 1244 3370 limel
1258 3328 1293 3368 ¹¹0
1307 3311 1350 3367 Vir
1363 3311 1426 3379 01⁰⁸
1438 3309 1538 3378 miii,
1556 3314 1652 3374 ΜΒ,
1680 3322 1716 3363 ¹¹⁸
1730 3306 1771 3363 Vi?

116 3410 280 3468 demonium
296 3413 405 3468 babes?
422 3436 432 3460 ·
449 3413 619 3483 Receperant
638 3412 800 3468 Samaritani
815 3413 912 3470 Domi·
967 3405 1026 3474 eius
1043 3403 1184 3460 abstedtl·
1420 3487 1426 3499 ⁵
1479 3487 1485 3498 Ι

118 3525 194 3577 num,
211 3510 320 3581 qusudo
335 3511 441 3567 locutus
455 3517 497 3566 est
510 3509 619 3565 mulieri
633 3509 667 3565 ad
683 3509 795 3575 iontem,
809 3518 837 3567 et
850 3526 913 3567 cum
1007 3516 1018 3541 ‘¹
1035 3496 1220 3558 Afflefltffless
1230 3491 1292 3547 ‘¹5⁰0
1304 3489 1392 3556 V⁰bi⁸r
1404 3505 1427 3543 ⁸¹
1442 3503 1502 3560 quis
1511 3499 1769 3542 “mmmmm

117 3598 159 3654 eis
182 3608 359 3655 conversatus
373 3607 442 3654 eret.
472 3599 577 3655 Vocant
590 3597 674 3671 igitur
687 3614 750 3654 eum
763 3598 850 3655 Judoei
864 3600 914 3656 Sc·
969 3589 1120 3646 willerii
1134 3598 1249 3646 mortem
1263 3604 1318 3644 ¹¹⁰⁰
1332 3585 1435 3642 videbi!
1444 3584 1471 3641 5¹¹
1480 3591 1625 3640 limum·
1642 3605 1654 3632 '
1673 3583 1770 3639 ΕΜ·

117 3685 283 3743 matitunum
298 3687 376 3759 quusi
395 3694 578 3758 peccatorem,
593 3687 656 3759 qula
678 3696 837 3758 peccatores
850 3687 914 3745 illos
968 3673 1286 3745 9¹0⁸¹10⁰⁰⁸⁸dm0⁰e²
1301 3688 1345 3739 ⁰0·
1374 3685 1436 3727 ⁰⁰⁰¹
1451 3667 1582 3725 mlii-‘¹¹¹⁰
1597 3668 1770 3738 Ρθῑιθῆῑίῑὸ

116 3775 289 3847 reputabant,
304 3790 356 3832 nec
370 3775 411 3832 eis
425 3775 611 3833 coutebantur.
967 3763 1076 3830 crescit,
1088 3762 1243 3834 predicere
1259 3775 1410 3826 cessemus,
1425 3758 1487 3831 quie
1513 3763 1540 3814 ct
1554 3755 1623 3813 boui
1639 3755 1768 3813 meliores

155 3896 166 3922 ι
184 3873 333 3944 Respondit
345 3872 425 3930 lesus
442 3890 449 3928 :
464 3873 523 3945 Ego
550 3871 714 3930 daemonium
737 3887 790 3930 non
814 3872 912 3941 babeo,
967 3868 1018 3924 per
1032 3851 1211 3909 contumelias
1226 3849 1292 3906 bunt
1315 3854 1343 3908 et
1358 3846 1472 3920 reprobi
1495 3845 1529 3902 de
1546 3843 1688 3903 beneficio
1723 3860 1769 3918 pc·

117 3961 167 4019 sed
181 3961 332 4019 honorifico
351 3963 457 4018 Patrem
488 3978 589 4027 meum,
615 3969 642 4018 et
668 3976 716 4018 vos
730 3960 914 4018 inhonorestis
962 3949 1052 4021 ι’θΐθὸ·

117 4066 174 4108 me.
200 4075 210 4099 ι
228 4051 351 4107 Alterum
366 4052 400 4107 de
414 4051 522 4107 duobus
536 4050 651 4121 objectis
663 4050 784 4124 negarit.
800 4049 914 4106 Samari
1006 4080 1017 4106 ι
1034 4056 1165 4113 Dixerunt
1180 4070 1248 4129 erpo
1261 4054 1349 4111 Judmi
1365 4071 1373 4110 :
1391 4053 1471 4109 Nunc
1493 4050 1694 4123 cognoscimus
1707 4049 1770 4122 quie

116 4145 197 4196 ttnus
225 4139 298 4195 euim
326 4141 505 4212 iterpretatur
524 4144 640 4198 custos:
669 4148 695 4195 et
710 4140 852 4197 custodem
884 4156 915 4198 aa
967 4145 1131 4202 demonium
1158 4145 1257 4200 babes.
1289 4143 1426 4198 lbrahsm
1450 4148 1575 4196 mortuus
1603 4147 1769 4210 estctpro·

116 4252 179 4294 esse
194 4253 249 4293 non
264 4238 384 4309 negavit.
407 4239 467 4294 Nou
495 4238 567 4294 enim
582 4237 710 4294 dormitet
736 4237 783 4310 qui
796 4237 916 4294 custodit
968 4243 1067 4314 phele,
1082 4250 1109 4298 ct
1123 4249 1152 4298 tu
1161 4241 1231 4297 dicis
1247 4257 1254 4295 ι
1282 4240 1311 4297 si
1337 4238 1399 4312 quis
1424 4251 1583 4295 sermonem
1597 4251 1695 4291 meum
1709 4252 1769 4292 ser-

116 4325 297 4390 lsmeltl’scl.
314 4326 387 4397 cus).
404 4327 438 4382 Et
452 4326 504 4382 nisi
533 4327 665 4383 Dominus
695 4326 856 4383 custodierit
870 4325 913 4382 ci·
968 4331 1083 4394 paverit,
1096 4335 1213 4387 mortem
1223 4344 1276 4385 non
1288 4325 1769 4400 gustabitinarternum.sltetnorte

115 4413 225 4471 ritatem
250 4413 353 4469 frustra
392 4415 484 4487 vigilet
512 4416 560 4487 qui
588 4414 706 4471 custodit
732 4430 792 4470 eum
822 4415 910 4484 (Psoi.
929 4390 956 4455 D
968 4419 1098 4488 secunda,
1114 4424 1203 4476 morte
1217 4419 1361 4492 gehennas,
1385 4419 1474 4472 morte
1496 4412 1685 4472 damnationis
1709 4429 1770 4470 cure

115 4511 215 4581 cxxvi).
239 4510 514 4568 Noncontumelioss
530 4512 616 4566 verba
631 4512 772 4582 respondit
786 4513 832 4583 qui
848 4527 913 4569 vete
965 4508 1076 4565 diubolo
1090 4509 1164 4574 dicit,
1181 4507 1244 4580 quis
1259 4522 1311 4564 nec
1324 4506 1464 4563 Abrabam
1478 4512 1603 4560 mortuus
1633 4511 1689 4570 est,
1719 4517 1770 4560 nec

115 4599 282 4671 respondere
308 4607 420 4669 posset:
447 4601 500 4654 vos
523 4599 690 4656 daemonium
719 4601 838 4656 habetis.
858 4599 913 4656 Sed
965 4608 1117 4678 prophete.
1148 4605 1189 4660 llli
1216 4605 1288 4662 enim
1312 4603 1413 4660 mortui
1432 4611 1504 4668 sunt,
1534 4609 1563 4656 et
1591 4599 1709 4669 virunt;
1725 4601 1769 4657 isti

115 4688 245 4761 superbia
260 4694 351 4743 nostra
367 4687 411 4745 bic
426 4688 611 4743 contunditur.
634 4689 692 4744 Jsm
706 4688 771 4760 quid
785 4688 864 4745 nobis
879 4705 911 4744 ex
965 4696 1098 4752 vinebunt
1111 4702 1137 4751 et
1153 4694 1254 4752 mortui
1266 4701 1352 4752 eraut.
1362 4694 1475 4750 ldortem
1489 4688 1584 4749 ridere
1591 4688 1643 4749 vel
1655 4695 1770 4766 (usim

116 4777 168 4834 ltoc
190 4775 320 4843 innuitur,
351 4776 403 4832 nisi
424 4781 454 4831 ut
476 4793 510 4833 eo
525 4782 647 4848 tempore
662 4793 716 4850 quo
739 4793 756 4834 a
779 4777 912 4848 proximis
965 4795 1006 4841 est
1025 4800 1085 4842 uum
1102 4784 1232 4856 experiri,

114 4873 392 4932 lalsusoontumelias
414 4872 569 4945 accepimus
595 4889 688 4931 eorum
717 4873 798 4929 ctiam
826 4874 912 4930 verba
1003 4905 1010 4932 t
1033 4880 1202 4954 Nunquidtu
1222 4882 1356 4950 maiores
1384 4886 1463 4951 petre
1489 4883 1587 4935 nostro
1609 4878 1767 4944 Abrsbunt,

115 4963 187 5018 mela
202 4971 348 5027 taceamus,
366 4979 400 5020 ne
415 4963 574 5033 mysterium
601 4971 705 5020 nostrae
733 4962 911 5034 correptionis
964 4966 1010 5039 qui
1025 4975 1149 5024 mortuus
1163 4972 1215 5023 est.
1239 4966 1274 5021 lit
1294 4967 1435 5037 prophetes
1466 4962 1566 5019 monui
1580 4970 1660 5020 snut.
1679 4962 1767 5034 Quem

114 5064 190 5105 arma
205 5058 346 5106 vertemus
361 5050 474 5108 luroris.
964 5057 1080 5126 teipsum
1096 5054 1162 5112 lacis
1175 5057 1190 5109 ‘l
1205 5054 1356 5125 Respondit
1369 5053 1451 5110 lasus
1471 5069 1478 5108 :
1498 5051 1528 5108 si
1562 5067 1619 5126 epo
1639 5051 1768 5124 glorifico

153 5147 373 5219 «ligoglorinm
388 5165 477 5205 mcum
498 5149 912 5223 nonqusero,estquiquterst
964 5146 1100 5217 meipsum
1116 5144 1203 5217 pluria
1219 5142 1431 5200 mesnibilest.
1451 5143 1593 5198 listl’atcr
1609 5158 1695 5200 tuens
1722 5139 1768 5215 qni

116 5240 142 5287 et
166 5233 315 5302 judicet·
341 5237 402 5292 Non
435 5253 529 5308 qnaero
555 5238 670 5311 gloriam
698 5238 768 5295 sicut
796 5237 911 5293 simuls-
964 5240 1098 5313 glorificat
1112 5258 1166 5308 me,
1186 5257 1267 5313 quem
1282 5256 1331 5296 vos
1344 5239 1436 5295 dicitis
1446 5237 1593 5311 quiallsus
1612 5246 1766 5304 vesterest,

114 5329 187 5377 tores
202 5321 247 5392 qui
264 5334 387 5392 quaemnt
401 5325 487 5382 rideri
508 5327 581 5398 quod
608 5343 662 5383 non
679 5335 754 5382 sunt.
773 5327 912 5383 EstPeler
964 5339 991 5386 ct
1007 5346 1059 5386 non
1075 5329 1243 5404 cognovistis
1258 5345 1334 5385 eum.
1359 5329 1421 5400 Epo
1433 5336 1522 5383 autem
1542 5328 1606 5384 nori
1632 5343 1708 5384 eum.
1734 5328 1769 5383 ltt

41 5418 47 5427 '
114 5409 163 5484 qui
179 5410 273 5482 quaerit
288 5410 404 5482 glorium
432 5429 530 5482 meam,
547 5415 698 5484 etjudicet,
716 5415 743 5470 iil
759 5415 913 5472 estdiecer·
965 5419 988 5474 si
1003 5419 1099 5475 dixero
1125 5419 1187 5492 quia
1215 5434 1271 5476 non
1290 5417 1349 5475 scio
1376 5434 1453 5483 eum,
1481 5431 1531 5472 ero
1545 5414 1650 5475 similis
1678 5417 1767 5483 robis,

114 5508 293 5578 natauloris
320 5516 423 5572 vestra,
451 5512 514 5583 quia
543 5528 591 5568 vos
617 5514 767 5571 secundum
781 5514 913 5570 sarculum
964 5508 1093 5564 mendax.
1111 5506 1236 5564 Sedscio
1251 5523 1324 5573 eum,
1340 5504 1607 5576 etsermonemcius
1626 5521 1722 5565 serre
1751 5529 1764 5556 ι

114 5596 281 5670 gloriemini,
305 5613 359 5654 non
389 5613 464 5669 ego,
494 5599 543 5656 sed
567 5601 702 5674 euploria
721 5618 801 5674 quem
831 5603 913 5659 habui
966 5602 1125 5658 Sermonem
1139 5602 1230 5658 Patris
1245 5609 1274 5658 ut
1291 5600 1373 5657 Filius
1386 5599 1573 5673 loquetetur:
1594 5599 1766 5675 stipsecnt

5 5694 12 5751 “.
111 5688 184 5764 sputi
200 5688 306 5748 Putrem
334 5694 482 5762 antequam
508 5687 624 5746 mundus
638 5699 721 5760 esset,
743 5707 804 5764 quae
823 5697 865 5748 est
879 5690 912 5749 eb
967 5691 1084 5749 Verbum
1100 5690 1197 5760 Patris,
1226 5691 1273 5767 qui
1290 5689 1447 5748 bominibus
1466 5686 1765 5769 loqucbstnrAEisrgo
