3780 6038
101 192 159 275 oar

701 219 881 279 EPISTOLAE
900 221 945 278 Er
965 222 1175 280 Pntvrtttnbt.

1711 232 1764 289 522

106 339 214 396 Urbani
222 346 250 395 st
258 339 498 412 praedecessorum
505 341 564 410 eins
575 341 740 412 apostolicas
754 345 909 401 sanctiones
923 349 951 408 Α
965 348 1058 403 stitnra
1072 349 1280 420 episcopatuum
1296 351 1338 407 vel
1355 351 1467 407 aliarum
1495 352 1655 424 dignitatum
1670 354 1763 410 eccle·

964 438 1151 504 siasticarum,
1168 440 1410 511 quarnregasolim
1422 442 1583 496 mutationes
1598 458 1763 513 usurparunt

964 536 990 579 et
1005 526 1092 581 adhuc
1107 543 1236 598 usurpare
1251 529 1429 596 contendunt,
1446 529 1581 585 contraire
1607 530 1689 585 vultis
1719 527 1762 587 vol

965 624 1179 678 contraeundum
1196 639 1257 680 esse
1279 626 1436 692 decernitis,
1453 642 1503 682 vos
1528 626 1661 682 videritis.
1681 625 1762 695 Quod

967 710 1092 766 videlicet
1106 726 1168 767 enm
1183 727 1237 768 non
1252 714 1341 769 solum
1352 715 1434 770 modo
1445 717 1627 771 verumetiam
1638 724 1762 787 tempora

109 436 337 502 recognosceret,
358 446 412 485 non
424 430 647 487 irrationabiliter
661 432 704 487 vel
720 442 817 489 eontra
837 435 911 489 ariti-

108 533 180 589 quaa
196 526 305 589 patrum
321 518 433 591 regulas
459 519 558 575 iactum
573 535 635 576 esse
656 522 823 591 putavimus.
849 524 912 579 Nou

108 606 183 661 enim
200 606 321 663 notitiam
331 617 451 663 vostram
465 607 665 680 sebtarlngisse
676 611 815 665 credimus
829 627 912 683 qnam

108 704 266 759 contumaci
281 704 444 776 pertinacia,
468 713 496 760 et
514 705 646 777 pertinaci
667 709 840 763 contumacia
859 709 912 764 Sc-

108 806 250 848 aoneuses
264 793 369 859 clerici,
386 793 421 849 de
436 809 551 865 qnorum
566 809 652 867 grege
668 796 773 851 electus
790 795 836 851 ille
849 812 913 852 asse

108 879 276 948 dinoscitur,
289 881 447 951 apostolicis
455 882 491 937 de
500 884 616 952 primatu
629 883 914 956 Lugdunensiiustitu-

108 968 147 1024 tis
163 983 197 1025 ac
208 969 360 1041 privilegiis
370 969 512 1026 obviantes
522 978 548 1026 et
556 970 746 1027 inobedientes
756 972 914 1027 exstiterint

109 1071 138 1122 et
158 1065 395 1138 archiepiscopum
411 1083 489 1122 annm
505 1067 587 1123 modo
601 1067 758 1125 defunctum
776 1086 861 1142 usque
877 1071 913 1125 ad

109 1162 230 1210 mortem
252 1155 280 1209 io
295 1171 345 1210 sna
363 1155 547 1212 inobedientia
573 1173 754 1228 perseverare
782 1157 908 1214 iecerint.

111 1244 230 1315 Propter
243 1259 326 1315 quam
341 1243 465 1299 videlicet
476 1245 686 1300 inobedientiam
696 1247 813 1301 doronus
825 1256 916 1302 noster

111 1347 186 1402 papa
202 1331 328 1388 Urbanus
342 1331 377 1386 ab
393 1332 543 1402 episcopali
558 1349 618 1387 enm
644 1333 733 1389 officio
762 1335 915 1405 suspendit,

116 1437 145 1483 et
160 1444 211 1483 vos
225 1438 250 1484 et
266 1430 335 1485 alios
352 1430 540 1501 suflragancos
557 1441 667 1485 vestros
691 1433 874 1487 ‹itredientinm
890 1439 917 1486 et

111 1517 311 1585 subiectionem
345 1517 424 1573 nobis
454 1528 483 1572 ut
504 1518 610 1588 primati
636 1531 728 1575 vestro
759 1521 918 1591 promittere

967 798 1052 854 beatas
1067 800 1205 856 memoriae
1214 801 1343 875 Gregorii
1358 819 1435 875 papae
1447 814 1501 858 tam
1514 803 1627 858 firmiter
1640 802 1763 875 promul-

967 895 1061 959 gatum
1077 887 1196 944 sideritis
1211 890 1253 945 vol
1268 891 1418 957 audieritis,
1435 892 1458 945 si
1474 892 1538 962 qnid
1552 892 1708 947 addendum
1718 891 1762 947 vol

968 971 1131 1026 demendum
1147 973 1189 1028 val
1203 973 1238 1028 ad
1257 975 1613 1044 tempusintermittendum,
1629 992 1664 1031 uc
1678 975 1762 1046 spiri·

968 1067 1048 1123 tnalia
1062 1068 1105 1123 vel
1123 1069 1279 1140 temporalia
1289 1071 1650 1143 conrmodaimpedirentur,
1663 1088 1763 1144 cogno

968 1157 1055 1223 vistis,
1075 1173 1129 1213 noo
1144 1158 1220 1230 quasi
1239 1159 1392 1215 insidiando
1412 1160 1455 1215 vel
1474 1160 1659 1233 redarguendi
1678 1177 1762 1217 occa·

969 1246 1073 1300 sionem
1089 1246 1226 1301 haberetis
1240 1250 1366 1311 insinere,
1383 1248 1431 1303 sed
1445 1248 1534 1320 magis
1543 1248 1609 1319 ipsis
1625 1248 1697 1305 velut
1712 1263 1765 1319 ps·

969 1336 1057 1389 tribus
1072 1335 1159 1389 bonus
1174 1349 1206 1390 nc
1215 1339 1336 1406 prudens
1346 1335 1417 1391 filins
1426 1337 1607 1392 reverentiam
1616 1353 1765 1408 suggerere

969 1433 996 1478 et
1012 1423 1136 1478 intimare
1151 1424 1533 1495 deberetisNosveroipsam
1544 1425 1764 1481 constitutionem

970 1519 1129 1576 canonicam
1145 1528 1172 1574 et
1186 1521 1333 1575 secundum
1350 1522 1475 1593 antiquas
1490 1521 1596 1591 legales
1611 1530 1766 1577 sanctornm

112 1612 189 1669 [ecit.
205 1613 334 1669 Testanle
348 1623 442 1670 autem
465 1614 601 1686 Gregorio
615 1616 642 1670 in
657 1617 752 1672 ultimo
775 1617 914 1672 Moralium
970 1618 1077 1679 palttrm
1101 1609 1314 1664 consuetudines
1336 1610 1434 1665 lactum
1457 1609 1582 1665 videntes
1605 1619 1633 1666 el
1655 1625 1768 1666 servare

113 1699 187 1755 libro
202 1701 388 1756 inobedientia
413 1701 566 1757 hariolandi
596 1714 736 1773 peceatum
758 1705 869 1768 dicitnr,
888 1714 915 1759 et
931 1707 955 1767 Β
970 1696 1095 1751 nolumus
1106 1705 1133 1752 et
1144 1698 1308 1752 servendum
1325 1698 1453 1753 omnibus
1468 1715 1552 1769 snper
1573 1698 1673 1770 ouibus
1688 1700 1766 1771 tega-

111 1797 559 1871 qnasisoetnaiootntatriaenntte
575 1799 914 1872 acquiescereobedien-
972 1785 1052 1840 ¹¹⁰⁰ss
1081 1783 1169 1841 ⁰ffi⁰i⁰
1196 1784 1337 1856 fungimur
1367 1787 1551 1858 diffidimus·
1581 1788 1695 1843 nimiis
1717 1805 1768 1845 ¹¹⁰⁸

111 1887 156 1941 tia
171 1902 239 1943 vero
255 1887 322 1943 fidei
337 1888 461 1943 meritum
476 1888 617 1958 possidet:
640 1905 695 1961 qna
715 1890 773 1945 sina
797 1891 914 1962 quisque

113 1974 241 2031 infidelis
255 1976 437 2042 convincitur,
453 1976 561 2031 etiamsi
581 1976 672 2033 fidelis
696 1992 758 2033 esse
774 1978 912 2035 videatur.

114 2071 172 2127 llac
188 2071 278 2144 itaque
290 2071 363 2127 beati
380 2070 511 2143 Gregorii
526 2072 629 2128 ratione
644 2082 670 2128 et
684 2075 845 2131 anctoritate
860 2081 916 2131 tam

120 2159 275 2232 praedictus
290 2176 371 2232 qnam
387 2159 432 2215 alii
446 2158 540 2215 clerici
554 2161 727 2218 senonenses
742 2179 804 2219 cnm
818 2164 917 2235 primn-

114 2254 176 2303 tum
198 2248 391 2322 Lugdunensis
414 2247 546 2303 Ecclesiae
575 2252 733 2322 respuendo
761 2240 917 2324 apostoticae

116 2344 275 2401 auctoritati
290 2353 345 2400 mm
360 2351 526 2416 arroganter
541 2352 651 2418 tamque
665 2347 841 2418 pertinaciter
856 2349 918 2403 obn·

115 2432 178 2489 dira
192 2434 388 2498 recusaverint,
405 2439 432 2488 et
446 2431 608 2505 episcopum
632 2452 721 2503 sunm,
738 2437 917 2508 quemadmo·

115 2521 184 2579 dum
208 2523 337 2590 diximus,
358 2540 446 2597 usqne
475 2525 510 2580 ad
536 2523 598 2579 vitae
613 2525 729 2591 exitum,
760 2541 812 2580 non
828 2525 917 2581 solnm

117 2612 320 2683 persuadendo,
337 2628 433 2669 vcrnm
455 2615 535 2672 etiam
551 2614 685 2670 violenter
705 2613 871 2686 instigando,
889 2613 917 2667 in

117 2713 169 2756 aua
184 2698 367 2756 inobedientia
395 2705 550 2773 perdurare
572 2701 764 2773 compulerint,
793 2701 917 2772 quamvis

115 2792 214 2852 fideles
228 2795 380 2863 videantur,
392 2796 517 2853 infideles
532 2805 622 2853 tamen
638 2806 663 2853 et
675 2797 752 2868 qnasi
768 2794 917 2851 idololatrae

116 2899 181 2940 ease
196 2884 403 2942 convincuntur.
420 2887 572 2957 Perpeudat
583 2887 665 2958 igitur
681 2893 768 2941 vestra
787 2884 917 2939 diseretio

115 2980 208 3028 utrum
230 2973 350 3030 inlidelis
365 2984 412 3031 ant
427 2975 579 3044 idololatra,
602 2975 733 3031 donecab
756 2971 915 3028 infidelitate

116 3069 163 3127 vel
190 3070 343 3127 idololatria
370 3072 527 3143 resispicat,
559 3072 587 3126 in
603 3073 762 3143 episcopum
788 3069 920 3126 canonice

115 3170 209 3242 possit
218 3177 265 3226 ant
271 3171 370 3227 debeat
378 3171 443 3244 eligi
454 3171 496 3226 vel
507 3170 672 3227 consecrari.
681 3169 919 3241 Perpeudatatiam

116 3259 379 3315 utromaiboclieri
408 3260 586 3332 prohibemur
609 3259 724 3329 privatis
754 3258 864 3330 legibus
892 3263 920 3311 et

114 3347 197 3404 norb
211 3348 412 3415 traditionibus,
427 3349 660 3420 quamadmodum
687 3346 787 3414 dicitis,
812 3355 920 3402 veteres

116 3436 278 3492 traditiones
293 3446 320 3493 et
333 3438 546 3494 consuetudines
554 3437 589 3492 de
608 3435 810 3507 metropolitani
823 3449 920 3491 consa·

116 3525 243 3582 oratione
257 3541 402 3582 remorare
432 3525 638 3592 contendamus,
660 3526 704 3580 vel
719 3526 746 3579 in
774 3525 827 3579 boc
850 3522 919 3579 lacto

115 3620 326 3694 improperastis
341 3623 455 3679 culicem
473 3622 595 3679 colantes
610 3621 744 3678 camelum
758 3619 918 3693 glutiamus.

116 3710 275 3782 minuis
297 3719 386 3767 autem
408 3718 509 3767 nostrae
530 3710 676 3783 privilegio
697 3725 749 3766 nee
772 3710 860 3781 ipsum
884 3709 919 3764 de

117 3823 175 3880 qno
202 3809 314 3881 agimus
346 3809 389 3864 vel
415 3808 563 3880 quemlibet
587 3807 671 3863 alium
699 3807 817 3862 eloctum
840 3807 920 3862 robis

116 3899 279 3969 prasentari
294 3898 494 3963 contendimus,
508 3896 556 3951 sed
573 3897 724 3953 secundnm
741 3895 917 3967 apostolicam

116 3984 296 4042 traditionem
312 3986 475 4042 electionem
490 3994 516 4041 et
531 4001 631 4041 nomen
646 3985 727 4041 electi
748 3985 783 4040 ad
797 3984 919 4040 notitiam

116 4080 240 4130 nostram
256 4073 355 4130 referri
365 4074 501 4139 volumus,
515 4083 543 4129 ut
559 4089 619 4129 eam
634 4072 919 4146 cognitamapprobe-

117 4187 194 4228 mus.
214 4172 242 4228 si
260 4189 325 4229 vero
338 4175 401 4242 jnro
421 4172 557 4244 primatus
578 4172 768 4245 Lugdunensis
789 4171 920 4229 Ecclesiae

970 1881 1151 1937 Puteacenses
1166 1897 1182 1936 a
1195 1881 1274 1937 vobis
1289 1890 1316 1939 et
1337 1882 1510 1953 coepiscopis
1530 1884 1630 1940 vestris
1657 1892 1770 1956 propter

969 1970 1090 2040 praedam
1100 1970 1127 2024 in
1142 1986 1192 2024 vos
1211 1971 1276 2025 etin
1291 1971 1485 2027 Camotensem
1511 1971 1662 2028 Ecclesiam
1690 1987 1768 2027 com-

970 2059 1098 2114 munione
1128 2059 1250 2129 privatos
1269 2059 1348 2115 vobis
1376 2059 1561 2115 nescientibus
1579 2059 1766 2116 communioni

970 2146 1141 2203 reddidisse.
1161 2145 1241 2215 Quod
1254 2163 1316 2203 cnm
1331 2163 1382 2203 nec
1406 2147 1525 2203 videritis
1543 2164 1593 2204 nec
1613 2148 1767 2216 audieritis,

970 2260 1058 2315 neque
1086 2259 1136 2299 nos
1165 2243 1311 2300 fecerimus
1339 2244 1415 2310 talia,
1448 2260 1618 2317 nequaqnam
1648 2244 1768 2315 objicere

970 2331 1117 2388 deberetis.
1134 2333 1193 2388 Nos
1221 2340 1312 2388 tamen
1333 2332 1435 2389 bonrum
1458 2348 1509 2405 pro
1524 2333 1596 2389 malo
1610 2333 1769 2401 reddentes,

971 2429 998 2477 et
1012 2421 1083 2476 banc
1106 2421 1294 2476 contumeliam
1319 2421 1379 2478 sive
1403 2421 1616 2477 criminationem
1641 2421 1770 2477 dissimu-

970 2509 1069 2574 lantes,
1087 2509 1301 2565 puteacensibus
1324 2509 1475 2579 capellanis
1490 2517 1517 2564 at
1531 2509 1640 2566 clericis
1663 2510 1769 2566 litteras

958 2597 1133 2662 direximus,
1148 2606 1174 2652 et
1189 2597 1308 2651 divinum
1324 2596 1453 2665 officinm,
1465 2606 1583 2669 excepto
1593 2596 1771 2669 parvulorum

970 2686 1132 2757 baptismate
1152 2692 1179 2741 et
1199 2683 1368 2740 infirmorum
1393 2685 1558 2752 visitatione,
1580 2685 1682 2742 ibidem
1708 2686 1772 2743 deri

970 2773 1168 2846 prohibuimus.
1182 2772 1318 2842 Quoniam
1343 2782 1467 2828 nostram
1497 2773 1720 2846 redargutionem
1736 2774 1772 2829 de

971 2863 1178 2920 consecratione
1194 2861 1346 2917 Sanctiouis
1356 2861 1551 2934 gravinsjnsto
1565 2861 1674 2928 tulistis,
1689 2868 1773 2933 prout

976 2951 1066 3006 exitus
1094 2950 1185 3005 divina
1209 2949 1309 3007 virtute
1333 2948 1468 3020 probabit,
1499 2949 1692 3020 omnipotentis
1721 2949 1774 3006 Dei

935 3039 1146 3122 colementianr
1175 3038 1357 3094 obsecramus
1384 3046 1413 3093 nt
1432 3037 1515 3093 animi
1540 3038 1624 3095 vestri
1638 3046 1728 3095 motus
1743 3037 1772 3092 iu

974 3144 1025 3185 nos
1037 3127 1187 3183 immeritos
1201 3135 1356 3199 temperare
1371 3127 1513 3198 dignetur.

1335 3309 1411 3366 XIX.

972 3427 1266 3500 Adorcbtepiscopum
1277 3426 1477 3496 Senonanacm,
1489 3441 1541 3500 pro
1555 3424 1654 3484 abbata
1672 3427 1773 3486 Sancti

1292 3515 1371 3572 ratri
1385 3516 1450 3572 tint.

1249 3639 1337 3710 (Ante
1351 3653 1397 3694 an.
1414 3638 1506 3709 1099.)

1266 3762 1388 3838 iliacus,
1404 3761 1489 3835 itia]

1009 3909 1088 3964 Hono
1110 3908 1301 3981 lugdunensis
1325 3906 1463 3963 Ecclesiae
1485 3922 1592 3977 servas,
1615 3907 1773 3978 apostolicae

972 3999 1047 4052 sadis
1068 3998 1185 4068 legatus,
1202 3995 1353 4051 venerabili
1371 3995 1448 4050 tratri
1464 4004 1491 4050 et
1505 3995 1671 4066 coepiscopo
1684 3996 1773 4051 Dara-

973 4100 1062 4140 aaaro
1078 4085 1229 4140 senonensi
1248 4082 1468 4155 metropolitano,
1495 4082 1612 4139 salntem
1632 4091 1658 4140 at
1672 4083 1773 4141 serviro

974 4182 1089 4238 Domino
1104 4181 1131 4236 in
1147 4181 1256 4236 timore.

118 4260 276 4333 privilegiis
295 4270 321 4317 θῑ
337 4262 499 4319 auctoritaie
512 4262 605 4316 domni
619 4261 704 4317 nostri
719 4276 797 4332 pdpae
816 4258 920 4316 Urbani
1009 4272 1060 4326 Pro
1074 4270 1253 4342 quorumdam
1268 4269 1415 4325 adversum
1428 4287 1477 4327 gog
1492 4270 1673 4343 querimoniis
1687 4271 1771 4327 obba.

122 4362 156 4402 ⁸⁰
171 4347 409 4418 Pfaed000³⁵⁰fflffl
424 4347 482 4416 01⁸¹ss
497 4345 597 4401 flsfflflfi
622 4362 639 4401 ἃ
663 4344 919 4419 S⁹¹¹⁰¹¹01¹510¹e⁰l⁰
972 4366 1028 4414 tum
1043 4364 1195 4413 vestrorum
1210 4358 1311 4430 saepins
1330 4374 1381 4415 nos
1395 4359 1473 4416 vobis
1488 4359 1633 4431 scripsisse
1646 4359 1772 4417 memini·

118 4435 301 4492 obedientiam
316 4443 343 4491 et
358 4434 557 4507 subiectionem
576 4435 689 4506 primati
711 4435 830 4490 debitam
853 4415 956 4489 intel)
972 4463 1045 4512 Μ
1061 4447 1110 4502 seo
1120 4447 1194 4518 qood
1209 4446 1237 4502 i„
1253 4446 1327 4503 „0110
1343 4449 1415 4519 apud
1432 4464 1481 4504 „03
1497 4448 1709 4520 profesti-imus,
1720 4464 1772 4506 ,κο

118 4524 797 4596 ⁰⁰⁰⁸⁸⁰f⁸210¹¹e¹1¹eiiliiffl⁰82pesh⁰⁰⁸⁸⁰⁰¹0f⁰m
810 4531 917 4594 patrum
971 4544 1070 4592 vestrae
1084 4535 1250 4607 dignationis
1265 4552 1398 4607 responsa
1407 4537 1499 4610 aliona
1513 4537 1701 4606 babuerimus,
1714 4553 1770 4593 uon

117 4613 278 4669 traditiones
291 4629 342 4671 uos
352 4612 513 4669 rescindere
530 4613 573 4667 vel
588 4613 639 4680 illi,
655 4613 680 4667 ai
694 4612 835 4684 professus
855 4611 918 4667 lna·
970 4625 1082 4680 minima
1097 4624 1275 4680 admiratione
1288 4633 1440 4696 stupemus·
1453 4624 1525 4681 sine
1540 4627 1564 4681 si
1579 4641 1628 4681 pos
1643 4627 1771 4682 gomma

116 4702 163 4768 ¹⁵1²,
180 4698 300 4768 officere,
314 4701 392 4773 quasi
417 4702 468 4756 Μ·
493 4700 666 4771 Ρΐθῖθθὸῗθῦθ
680 4701 918 4757 ⁰0⁰⁵⁰0r³²i⁰ssem
971 4713 1104 4769 Ecclesiae
1126 4713 1233 4784 lagatus
1255 4713 1363 4779 essetis,
1385 4714 1460 4770 sicut
1481 4723 1603 4768 nostrum
1624 4713 1772 4768 salubriter

118 4806 294 4863 ⁰⁰¹¹¹P⁸f³⁸⁵0
309 4791 441 4856 Videflfflfi
457 4804 628 4861 nequaquam
639 4790 844 4863 ⁰⁰ff¹¹0⁸⁰5¹¹¹⁰⁵·
856 4806 918 4844 2⁰¹⁰
972 4812 1048 4858 esset
1063 4802 1140 4858 vobis
1155 4801 1276 4867 obedire,
1295 4804 1333 4855 ita
1349 4809 1441 4857 vestra
1456 4800 1656 4873 magnificentia
1671 4817 1704 4855 ex
1719 4815 1771 4856 au·

117 4886 283 4960 episcopalis
311 4886 426 4959 dignitas
453 4885 531 4941 bonis
559 4886 662 4941 meritis
676 4894 703 4940 et
725 4885 860 4943 tractibus
884 4901 918 4941 ex
971 4892 1099 4948 ctoritate
1118 4899 1218 4945 nostrae
1238 4905 1321 4960 super
1340 4905 1390 4945 vos
1408 4889 1556 4957 legationis
1576 4889 1703 4960 parvitati
1718 4904 1771 4944 no-

117 4984 277 5041 obedieutia
295 4983 490 5055 prodeuntibus
509 4983 612 5056 acquiri
635 4985 742 5049 debeat,
758 4993 785 5039 et
800 4983 827 5038 iu
854 4998 919 5039 axa·
973 4979 1392 5036 straedeberetobanitire.Eeco
1403 4978 1495 5032 itidem
1507 4976 1771 5033 venerabillsnostri

117 5073 268 5128 minatione
282 5072 463 5128 consecrandi
477 5072 566 5140 electi,
594 5080 684 5127 utrum
709 5072 841 5127 Romanae
860 5072 918 5128 Ec·
972 5069 1063 5125 fratris
1078 5067 1185 5123 abbatis
1201 5065 1293 5122 Sancti
1319 5066 1389 5122 Petri
1406 5066 1464 5120 Viri
1488 5065 1672 5137 querimonias
1694 5067 1773 5122 vobis

117 5161 212 5221 olesiae
230 5161 364 5217 obediens
378 5176 441 5216 esse
460 5161 523 5215 velit
543 5169 605 5216 anta
621 5161 855 5216 consecrationem
870 5176 918 5216 re·
972 5171 1160 5213 recensemus.
1188 5153 1318 5223 Queritnr
1345 5153 1416 5209 enim
1437 5153 1489 5207 sub
1508 5151 1652 5208 occasione
1674 5152 1773 5209 debilis

119 5248 257 5323 quiratnr.
276 5248 324 5304 llis
344 5249 435 5320 itaque
457 5248 518 5304 irati
544 5248 704 5316 rationibus,
733 5249 807 5322 qnod
834 5249 869 5304 de
884 5265 919 5306 eo
973 5246 1112 5315 cujusdam
1128 5243 1281 5314 presbyteri
1296 5251 1324 5296 et
1334 5242 1468 5312 iustitiam
1485 5241 1660 5298 reclamantis
1675 5259 1773 5315 qnam·

119 5339 200 5397 vobis
229 5337 273 5395 rel
303 5336 584 5409 comprovincialibus
612 5339 709 5394 vestris
734 5337 919 5410 precepimus
973 5343 1038 5398 darn
1053 5340 1261 5397 suamadivino
1272 5337 1362 5395 officio
1371 5354 1420 5411 per
1429 5354 1479 5395 vos
1489 5353 1604 5396 cessare
1613 5338 1772 5407 ecelesiam,

117 5434 266 5493 immutare
293 5434 433 5490 nolumus.
452 5433 481 5490 st
495 5443 585 5490 autem
599 5435 730 5491 domuum
763 5450 862 5506 papam
884 5435 919 5492 da
973 5432 1081 5488 cuidam
1095 5430 1178 5485 etiam
1198 5426 1361 5500 presbytero
1374 5426 1504 5485 defuncto
1524 5427 1599 5484 nulls
1612 5428 1693 5501 culpa
1707 5429 1773 5485 dnm

118 5532 268 5590 traditione
288 5530 543 5602 probatissimorum
569 5533 678 5589 Patrem
703 5532 919 5604 praecedentium
974 5530 1064 5585 adbuc
1078 5528 1294 5593 viveretnotnto,
1310 5526 1381 5584 bena
1405 5534 1432 5583 et
1456 5526 1593 5597 sapienter
1618 5535 1727 5595 testato,
1743 5540 1774 5581 se

121 5618 225 5695 aliquid
238 5618 399 5677 diminuisse
411 5619 455 5677 val
468 5619 629 5678 immutasse
643 5628 691 5679 ant
710 5622 860 5678 novitatem
874 5621 921 5678 ali·
973 5618 1114 5691 pultnram
1128 5623 1267 5691 negatam,
1284 5614 1353 5688 ipsis
1366 5630 1477 5689 qnoque
1496 5614 1543 5687 qni
1553 5616 1680 5671 cumdem
1690 5613 1734 5685 pie
1748 5619 1776 5667 ot

122 5707 364 5785 oomionbtnse
376 5707 476 5779 dicitis,
491 5708 536 5767 rel
556 5709 667 5771 decreto
685 5708 771 5784 ipsius
784 5710 821 5768 de
842 5710 920 5772 inve-
976 5705 1098 5765 officiose
1112 5704 1286 5781 sepelierunt
1298 5703 1521 5768 communionem
1542 5703 1667 5763 ecclesie
1688 5702 1776 5756 iater-

241 5803 510 5874 resonenvu.
1629 5801 1674 5871 xi
