3780 6038
107 272 156 330 56!

847 269 1007 330 btttodt.

1707 271 1760 329 libi

106 397 195 454 terius
210 413 293 455 causa
306 397 444 456 consistit.
464 397 508 454 Ad
520 398 600 467 hujus
615 397 728 454 rationis
744 396 909 453 evidentiam
924 396 953 459 Α
967 403 1070 454 carrale
1081 416 1141 470 quta
1148 401 1379 469 fecarcleterunl
1392 396 1470 453 calda
1480 397 1552 452 botta
1566 395 1645 466 (Gen.
1660 397 1695 464 l),
1707 409 1763 450 non

107 487 192 542 talem
208 487 371 544 inducamus
382 488 588 544 similitudinem
600 505 606 542 :
623 487 651 542 Si
663 495 784 543 montem
794 487 910 559 aliquem

107 583 144 638 de
158 583 281 654 qualibet
295 585 387 639 mundi
402 592 478 655 parte
492 584 612 638 ablatum
627 583 763 647 dicamus,
780 600 834 639 non
848 583 910 639 ideo

109 673 185 728 locus
200 671 248 728 ille
263 672 290 727 iu
305 688 359 745 quo
373 673 551 738 consistebat,
568 681 607 728 εει
622 673 787 728 imminutus.
804 673 910 728 Nomen

109 761 201 832 itaque
216 761 360 832 pristinum
375 762 503 832 perdidit,
535 761 599 833 quia
623 761 682 832 jam
709 761 782 816 illius
810 763 909 817 montis

107 860 183 917 loeus
199 863 292 918 vocari
306 879 360 917 non
375 864 485 933 poterit,
500 864 549 918 sed
565 863 729 917 universalis
743 863 795 919 loci
807 864 908 919 ibidem

107 959 134 1006 et
149 967 250 1006 noman
267 962 292 1008 et
308 960 402 1006 natura
419 953 555 1007 remansit.
572 953 678 1008 Rursus
692 952 837 1021 cujuslibet
858 955 908 1007 lxo-

106 1039 188 1095 minis
202 1056 314 1095 servum
329 1049 462 1097 mortuum
477 1040 590 1096 dixeris.
603 1041 801 1113 Nunquidquia
811 1058 908 1097 servus

106 1146 148 1192 est
162 1139 373 1203 mortuus,ide0
386 1139 513 1194 dominus
538 1155 604 1194 suus
629 1155 693 1195 esse
716 1140 768 1207 jam
798 1140 908 1196 desiit?

107 1226 179 1292 Non,
195 1226 244 1281 sed
260 1227 362 1282 domini
377 1233 481 1281 tantum
498 1243 597 1282 nomen
612 1228 685 1298 quod
701 1229 759 1297 ejus
782 1238 906 1299 respectu

107 1314 225 1368 babebat
238 1315 337 1369 amisit.
361 1317 434 1370 Patet
447 1333 515 1386 ergo
531 1317 603 1387 quod
617 1316 721 1372 dimota
744 1334 771 1372 rc
796 1335 857 1389 quae
879 1319 905 1373 iu

104 1409 166 1465 loco
181 1409 302 1482 quolibet
318 1420 368 1476 est,
385 1412 506 1482 partialis
522 1412 615 1482 utipue
632 1413 683 1468 loci
713 1428 813 1468 nomen
843 1430 904 1468 uru-

105 1507 190 1564 tatur,
208 1500 256 1554 sed
272 1501 324 1555 loci
340 1500 489 1555 substantia
505 1501 615 1556 minime
631 1500 741 1556 tollitur.
771 1502 811 1557 De
840 1511 905 1557 tem·

105 1589 270 1659 paraeciam
285 1589 402 1660 aitquia
418 1597 459 1644 est
473 1589 626 1644 substantia
642 1607 690 1662 per
715 1607 745 1645 se
774 1590 902 1658 existens,

965 495 1006 542 est
1021 487 1211 558 inquirendum
1228 502 1276 543 cut·
1290 488 1417 543 beenon
1433 487 1529 559 fecerit
1542 494 1636 540 antea.

1000 605 1122 658 lloxsss.
1139 604 1216 657 fuste
1231 602 1280 656 tibi
1294 618 1310 656 a
1322 603 1378 657 Deo
1393 609 1456 671 opto
1471 617 1601 673 maguum
1615 600 1760 670 praemium

964 692 1033 755 dari,
1050 707 1083 746 eo
1101 691 1172 762 quod
1189 691 1367 762 questionem
1389 706 1442 745 non
1470 689 1638 745 credentium
1664 688 1759 744 mundi

963 780 1183 836 constitutionem
1198 787 1292 835 contra
1307 779 1451 834 credentes
1466 788 1518 833 tam
1533 778 1667 832 subtiliter
1692 794 1760 848 per-

964 878 1078 934 solvisti.
1103 878 1182 933 Nunc
1208 877 1280 949 quod
1307 876 1479 947 supradixisti
1510 876 1571 931 volo
1600 874 1758 947 patefacias,

963 971 1099 1040 quomodo
1111 967 1200 1022 omnia
1212 983 1246 1021 ex
1257 966 1446 1034 conjunctione
1454 965 1552 1020 animae
1566 981 1629 1021 cum
1644 964 1755 1020 materia

962 1057 1097 1130 gradatim
1113 1065 1175 1110 sunt
1190 1055 1269 1112 facta.

999 1165 1119 1219 Passus.
1140 1163 1236 1219 Dicunt
1251 1162 1404 1234 philosophi
1419 1163 1556 1233 quiscum
1571 1163 1713 1232 conjuncta
1728 1170 1756 1219 et

961 1252 1147 1324 conglutinata
1165 1251 1289 1306 materiei
1310 1260 1350 1305 est
1378 1251 1466 1306 anima
1494 1250 1610 1321 primum
1634 1251 1755 1306 omnium

960 1340 1104 1397 formatum
1119 1349 1169 1406 est,
1186 1350 1212 1396 et
1227 1340 1406 1411 compositum
1430 1338 1629 1395 firmamentum
1657 1341 1753 1409 majus,

958 1441 1055 1509 inquo
1070 1437 1144 1491 nulla
1159 1445 1220 1491 sunt
1236 1436 1338 1500 sidera,
1355 1443 1381 1490 et
1410 1436 1484 1506 quod
1512 1435 1630 1492 circulos
1658 1453 1755 1492 omnes

960 1527 1023 1583 lacit
1039 1529 1152 1582 moveri.
1171 1528 1230 1581 Post
1247 1525 1311 1579 illud
1328 1534 1417 1580 autem
1432 1524 1564 1581 formatus
1580 1531 1623 1581 est
1644 1524 1758 1597 signifer

958 1615 1078 1672 circulus
1093 1616 1119 1669 in
1134 1632 1188 1686 quo
1203 1614 1348 1671 duodecim
1363 1614 1479 1669 emicant
1493 1614 1583 1687 signa.
1595 1614 1685 1670 Tertio
1696 1614 1757 1670 loco

105 1685 132 1733 et
146 1694 202 1732 non
218 1678 355 1743 accidens,
367 1678 441 1749 quod
455 1679 565 1733 alterius
579 1695 659 1733 causa
673 1679 815 1745 subsistat,
828 1679 903 1734 verbi
961 1703 1046 1760 [mus
1061 1712 1103 1759 es,
1113 1703 1229 1760 circulus
1240 1703 1371 1769 siderum,
1383 1720 1444 1774 ω
1454 1719 1565 1774 sempe,
1572 1704 1653 1758 situm
1674 1719 1752 1758 ,uum

105 1773 204 1844 gratia,
222 1774 245 1828 si
260 1788 393 1844 ponamus
408 1790 457 1829 vas
472 1790 532 1829 cum
548 1790 620 1846 aqua
635 1774 669 1829 ad
682 1775 905 1845 cognoscendum
919 1757 946 1819 Β

107 1870 215 1931 tempus
230 1862 399 1934 singularum
413 1865 554 1929 horarum,
571 1879 625 1918 non
649 1864 836 1919 estimandum
864 1875 905 1921 est

106 1966 156 2006 ras
171 1950 239 2006 illud
251 1966 331 2007 causa
354 1952 498 2020 existendi,
529 1953 577 2008 sed
601 1961 702 2007 tautum
730 1953 905 2009 discernendi

106 2052 216 2124 signum
231 2053 362 2125 temporis
377 2070 451 2110 esse.
471 2055 566 2126 Neque
587 2054 661 2109 enim
689 2053 768 2109 aliter
798 2063 904 2126 tempus

106 2141 230 2198 eveniret
244 2142 306 2197 etsi
322 2158 369 2197 vas
385 2143 452 2197 illud
467 2159 522 2197 nou
537 2150 618 2198 esset.
641 2143 681 2198 td
696 2145 769 2199 hunc
795 2160 905 2215 quoque

106 2231 220 2285 modurn
243 2231 379 2286 debemus
403 2231 555 2303 intelligere
578 2231 779 2288 firmamentum
798 2248 904 2305 nequa-

105 2343 190 2398 quam
205 2343 328 2394 causam,
345 2328 394 2382 sed
413 2345 570 2384 mensuram
594 2337 620 2383 et
647 2329 756 2400 signum
783 2338 904 2384 tantum·

105 2417 190 2471 modo
203 2416 335 2486 temporis
350 2433 422 2482 esse,
438 2417 486 2472 sed
501 2426 608 2486 tempus
631 2417 735 2472 scilicet
763 2417 903 2489 simplum,

105 2505 303 2576 sinesigncet
323 2521 461 2570 mensura,
488 2514 515 2561 et
544 2505 597 2563 ulla
625 2505 789 2562 discretione
818 2515 904 2572 esset,

105 2593 176 2649 sicut
191 2598 218 2648 el
232 2603 338 2665 tempus
354 2596 481 2649 borarum
496 2594 550 2649 diei
564 2594 739 2651 indiscretum
768 2603 903 2662 maneret,

104 2681 129 2736 si
144 2697 195 2737 vas
209 2698 270 2738 aum
285 2698 356 2754 aqua
368 2683 507 2756 signatum
522 2700 576 2739 non
591 2691 677 2739 esset.
696 2684 775 2740 Nunc
790 2685 825 2738 ita
837 2684 905 2739 bre-

105 2770 178 2827 viter
191 2772 281 2827 omnia
296 2772 503 2829 concludamus.
519 2774 662 2829 Probatum
673 2781 715 2828 ast
734 2774 820 2829 Deum
843 2789 906 2827 ‹tm-

105 2872 187 2928 nium
203 2890 296 2930 rerum
311 2891 373 2931 esse
388 2875 527 2940 factorem,
540 2891 621 2945 quem
633 2891 683 2930 sua
693 2874 772 2930 nobis
783 2876 905 2931 indicant

104 2977 202 3033 opera,
214 2963 279 3034 quia
294 2964 329 3018 de
344 2963 463 3033 perfecta
474 2963 766 3034 prodeuntsapientia3
787 2964 904 3018 animam

103 3058 235 3107 autemst
248 3051 351 3107 factam
366 3067 437 3117 ease,
449 3060 475 3107 et
486 3052 637 3120 factricem,
650 3053 713 3121 quia
723 3052 784 3108 facit
799 3052 904 3124 aliquid

105 3149 134 3204 in
150 3149 279 3210 materia.
294 3165 346 3205 nec
360 3157 452 3205 tamen
469 3165 641 3220 corpoream,
658 3158 766 3220 tempus
782 3149 862 3205 etiam
879 3158 905 3206 et

105 3238 198 3294 locum
213 3254 262 3308 per
277 3253 307 3293 se
322 3238 464 3294 existentia
479 3254 535 3293 non
562 3253 706 3309 corporea,
735 3238 783 3293 sed
812 3247 905 3294 tamen

108 3325 301 3382 substantialia
317 3343 388 3393 esse,
405 3328 547 3382 materiam
561 3342 630 3384 vero
658 3329 756 3385 factam
785 3328 905 3401 quidem,

107 3428 158 3483 sed
170 3427 311 3485 factricem
326 3444 380 3485 non
395 3444 469 3485 esse.

143 3534 268 3589 floreas.
283 3537 393 3605 Apertae
409 3534 507 3589 rationi
521 3534 634 3591 claritas
649 3535 683 3591 de
707 3543 817 3605 pectore
846 3551 907 3592 meo

107 3623 191 3679 totius
205 3622 379 3678 dubitationis
393 3624 496 3693 expulit
510 3625 647 3679 tenebras.
673 3624 795 3696 Cognovi
820 3624 909 3697 siqui·

107 3711 173 3767 dem
187 3711 320 3766 mundum
335 3726 396 3765 cum
411 3712 538 3766 omnibus
553 3729 614 3784 quae
627 3711 655 3766 in
669 3728 702 3768 εο
716 3721 779 3767 sunt
806 3711 907 3768 factum

107 3815 182 3865 esse,
198 3815 253 3855 non
268 3807 407 3855 aeternum.
423 3799 477 3855 Sed
491 3801 542 3857 hoc
558 3801 605 3855 tibi
620 3809 700 3856 restat
715 3801 750 3856 ad
765 3800 802 3854 tui
818 3801 908 3871 operis

107 3896 317 3970 perfectionem,
334 3906 429 3954 contra
443 3914 490 3954 eos
506 3899 632 3955 videlicet
647 3898 693 3971 qui
714 3898 846 3953 mundum
874 3898 908 3952 ab

108 3995 215 4043 {eterno
230 3985 431 4053 dicuntfuisse,
460 3987 578 4058 aliquam
608 4003 669 4058 quae
694 3987 816 4042 destruat
843 3987 909 4042 dare

109 4075 253 4131 rationem.
266 4075 363 4130 Dicunt
376 4076 447 4131 enim
464 4076 516 4130 ita:
529 4074 603 4145 Quid
620 4077 705 4130 visum
721 4083 762 4130 est
785 4075 910 4131 Creatori

110 4193 230 4247 summo,
242 4177 269 4233 in
284 4185 339 4232 tam
355 4178 441 4233 subita
456 4187 483 4233 et
510 4176 617 4232 novella
644 4194 732 4232 rerum
761 4179 908 4244 creatione,

111 4284 175 4323 cum
191 4283 238 4323 eas
250 4266 409 4336 jamdudum
425 4282 478 4321 nou
495 4274 615 4321 creasset
631 4270 643 4322 f
658 4265 740 4321 Nefas
756 4268 827 4320 enim
857 4272 909 4333 est,

112 4356 251 4428 inquiunt,
268 4354 383 4410 credere
394 4355 427 4409 de
442 4355 500 4410 Deo
515 4355 586 4425 quod
611 4354 714 4425 aliquid
742 4354 787 4408 vel
816 4369 909 4409 recor-

961 1803 1107 1868 servantia,
1123 1806 1150 1858 in
1167 1803 1224 1859 suis
1238 1802 1306 1857 locis
1318 1803 1468 1873 perdurant
1484 1803 1546 1858 fixa.
1565 1801 1665 1872 Quarto
1681 1804 1753 1869 loco,

959 1893 1066 1949 Saturni
1083 1894 1187 1948 locatus
1202 1900 1243 1946 est
1257 1892 1386 1948 circulus.
1396 1892 1497 1960 Quinto
1517 1900 1606 1947 autem
1624 1891 1698 1948 lovis
1713 1900 1754 1948 est

959 1983 1032 2039 orbis
1048 1982 1162 2038 locatus.
1180 1982 1291 2037 Sextum
1306 1995 1389 2050 porro
1404 1980 1502 2045 locum,
1520 1981 1612 2036 lllartis
1628 1981 1679 2035 sibi
1689 1981 1752 2037 vin·

958 2077 1030 2132 dicat
1044 2076 1130 2132 ensis.
1156 2075 1280 2145 Septimo
1304 2082 1390 2128 autem
1421 2073 1494 2129 Solis
1519 2074 1638 2130 circulus
1660 2075 1746 2130 lucet.

960 2164 1100 2229 Octavum,
1119 2164 1231 2219 Veneris
1245 2162 1366 2234 possidet
1381 2162 1489 2233 globus.
1505 2161 1739 2235 Nonumffllfercu

959 2254 1014 2308 rius
1028 2253 1141 2307 sortitus
1155 2261 1206 2319 est,
1223 2253 1269 2306 dat
1284 2249 1356 2306 luuae
1371 2255 1464 2321 partes
1480 2250 1601 2306 decimus
1616 2250 1693 2306 locus
1709 2251 1754 2306 in·

959 2355 1083 2410 feriores.
1101 2353 1149 2409 llis
1176 2369 1242 2409 vero
1272 2352 1380 2408 circulis
1406 2352 1548 2422 completis
1575 2353 1702 2408 omuibus
1730 2360 1758 2409 et

960 2445 1064 2500 cunctis
1079 2458 1138 2515 quas
1152 2443 1179 2497 iu
1196 2442 1235 2496 eis
1251 2448 1322 2507 sunt,
1339 2448 1402 2497 tuuc
1416 2441 1498 2511 coepit
1519 2450 1607 2496 motus
1634 2441 1685 2497 iste
1714 2457 1757 2498 ro·

960 2533 1069 2611 tundus,
1087 2532 1131 2603 qtri
1148 2530 1245 2586 dieitur
1260 2530 1375 2600 simplex
1392 2538 1418 2586 et
1433 2529 1581 2600 perfectus,
1610 2539 1637 2586 et
1662 2531 1757 2602 genuit

960 2630 1004 2689 ille
1020 2641 1108 2689 motus
1124 2633 1151 2687 iu
1166 2632 1279 2688 materia
1294 2631 1425 2702 calorem,
1441 2632 1485 2703 qui
1510 2630 1612 2687 effusus
1639 2641 1681 2687 est
1708 2648 1757 2702 per

960 2739 1019 2778 eam
1034 2723 1147 2793 ipsaque
1161 2737 1223 2776 eum
1240 2722 1382 2792 receperit,
1398 2729 1425 2776 et
1440 2721 1502 2776 iude
1518 2720 1589 2775 facta
1605 2729 1668 2775 suut
1689 2737 1756 2792 qua-

960 2818 1022 2867 tuor
1038 2811 1170 2866 elementa
1187 2827 1193 2863 ε
1209 2809 1293 2882 ignis,
1309 2825 1364 2876 aar,
1380 2825 1450 2895 aqua
1478 2817 1505 2864 et
1530 2816 1611 2866 terra.
1644 2808 1755 2864 Constat

958 2922 1047 2969 autem
1064 2910 1340 2985 quiaomnismotus
1368 2911 1413 2983 qui
1441 2911 1476 2966 dc
1505 2911 1596 2982 aliquo
1625 2919 1753 2966 movente

959 3002 1092 3075 procedit,
1109 3010 1136 3056 et
1150 3000 1238 3055 omnis
1252 3000 1338 3055 virtus
1353 2999 1500 3069 cujuslibet
1512 2999 1636 3064 virtuosi,
1653 3006 1754 3070 quanto

959 3090 1128 3165 proximiora
1142 3098 1205 3143 suut
1218 3089 1261 3144 bis
1275 3089 1309 3144 da
1324 3088 1423 3159 quibus
1438 3088 1582 3158 prodeunt,
1600 3093 1678 3143 tanto
1694 3104 1753 3142 ma-

957 3207 1046 3260 torem
1062 3189 1114 3244 rim
1130 3197 1156 3244 ει
1169 3187 1354 3243 fortitudinem
1369 3186 1503 3252 obtinent,
1528 3193 1684 3258 quantoque
1708 3201 1752 3242 re-

960 3280 1077 3335 motiora
1089 3278 1122 3332 ab
1133 3278 1174 3333 eis
1184 3276 1291 3343 fuerint,
1304 3283 1376 3329 tanto
1386 3274 1608 3345 mollioraatque
1620 3274 1755 3330 debiliora

961 3369 1123 3424 redduntur.
1144 3365 1222 3435 Quod
1237 3364 1364 3437 quoniam
1379 3363 1417 3418 ita
1432 3371 1482 3428 est,
1498 3370 1572 3433 patet
1595 3364 1657 3434 quia
1681 3364 1756 3419 calor

960 3471 1006 3526 ille
1021 3470 1069 3541 qui
1081 3469 1114 3524 de
1130 3473 1202 3523 motu
1216 3465 1379 3521 firmamenti
1397 3464 1541 3536 processit,
1556 3465 1583 3518 in
1599 3465 1666 3520 locis
1693 3466 1757 3522 vici-

961 3559 1084 3615 nioribus
1099 3557 1183 3613 multo
1198 3557 1259 3627 plus
1278 3555 1398 3620 incaluit,
1429 3563 1456 3609 et
1484 3568 1666 3610 concremans
1695 3552 1754 3620 fuit,

962 3647 1104 3719 factusque
1118 3647 1191 3719 ignis
1206 3654 1247 3701 est
1261 3644 1388 3700 videlicet
1397 3643 1478 3698 siccae
1489 3651 1593 3698 naturae
1603 3649 1630 3698 et
1643 3642 1752 3699 calidae.

962 3745 1032 3816 Quia
1046 3760 1114 3800 vero
1131 3743 1270 3814 paulisper
1284 3742 1361 3798 calor
1376 3741 1421 3795 illa
1435 3741 1545 3812 longius
1558 3758 1574 3796 a
1585 3740 1757 3796 firmamento

962 3834 1086 3900 recessit,
1103 3833 1155 3887 vim
1173 3848 1252 3887 suam
1265 3833 1320 3898 jam
1335 3829 1473 3886 modicum
1488 3830 1615 3884 amittens
1631 3828 1758 3900 aliquan-

963 3924 1047 3979 tulum
1064 3922 1156 3994 tepuit,
1174 3929 1201 3976 et
1215 3920 1332 3977 debilior
1343 3919 1402 3988 fult,
1419 3919 1468 3974 sed
1483 3927 1510 3974 et
1525 3935 1555 3973 se
1569 3919 1619 3974 bac
1639 3917 1758 3989 illacque

962 4018 1120 4085 commovit,
1136 4019 1208 4073 unde
1222 4017 1348 4073 factaest
1359 4025 1454 4071 natura
1464 4015 1535 4070 aeris
1548 4016 1636 4070 calida
1659 4023 1685 4070 et
1708 4016 1759 4071 hu-

963 4110 1044 4164 mida.
1062 4108 1158 4164 Omnis
1172 4107 1246 4162 enim
1259 4107 1335 4161 calor
1362 4104 1486 4176 quandiu
1515 4103 1676 4160 fortissimus
1704 4114 1756 4172 est,

964 4197 1085 4254 desiccat
1100 4205 1126 4251 et
1140 4194 1284 4252 comburit.
1302 4195 1341 4248 Ex
1356 4209 1411 4266 quo
1425 4208 1493 4248 vero
1512 4193 1634 4262 tepescit,
1660 4192 1758 4249 molle-

965 4312 1042 4351 scere
1058 4311 1115 4349 rem
1131 4309 1162 4349 ac
1178 4291 1311 4364 liquefieri
1327 4290 1400 4347 facit.
1417 4289 1561 4359 Quomodo
1571 4298 1659 4345 autom
1668 4291 1758 4348 adhuc

964 4384 1074 4455 longius
1088 4398 1104 4437 a
1119 4381 1289 4436 firmamento
1304 4380 1427 4447 recessit,
1445 4380 1535 4435 radica
1560 4379 1636 4452 quasi
1661 4380 1759 4449 procul

111 4459 194 4514 datus
208 4457 298 4523 fuerit,
316 4455 357 4512 vel
373 4457 463 4512 subito
474 4456 579 4522 viderit,
592 4457 665 4528 quod
676 4455 738 4511 olim
751 4465 795 4510 aut
810 4455 909 4511 oblitus
923 4468 950 4529 1)
964 4474 1096 4529 exissem,
1112 4472 1233 4543 pigmen,
1249 4470 1347 4537 amisii,
1364 4476 1390 4525 ep
1405 4469 1466 4524 ideo
1481 4476 1576 4523 „pura
1591 4467 1693 4539 frigida
1703 4486 1761 4540 per.

113 4553 188 4604 esset
202 4555 250 4602 aut
264 4562 318 4602 non
334 4545 456 4600 vidisset.
473 4545 573 4600 Contra
589 4546 660 4600 banc
673 4560 765 4600 eorum
781 4545 910 4617 quastio-

113 4652 188 4701 nem,
205 4634 307 4690 nullam
321 4635 436 4690 antebac
446 4632 537 4688 iuveni
552 4632 728 4688 solutionem.

149 4755 270 4810 Paratus.
285 4752 373 4807 Nosse
388 4750 472 4805 debes
487 4749 606 4805 omnium
619 4749 756 4804 actionum
781 4757 835 4804 tres
849 4764 911 4804 essa

114 4845 235 4900 radicas.
252 4841 333 4897 Actio
348 4840 419 4896 enim
433 4840 488 4895 alia
503 4846 545 4895 est
558 4856 619 4911 quae
647 4839 729 4895 debet
756 4855 829 4903 esse,
858 4840 912 4895 alia

114 4949 176 5006 quae
190 4946 256 4997 non,
272 4929 325 4984 alia
339 4928 499 4999 simpliciter
513 4929 592 4983 bona.
609 4926 658 4981 Illa
674 4943 734 4998 que
749 4928 830 4983 debet
851 4944 912 4983 esse

114 5021 176 5077 talis
191 5028 243 5085 est,
258 5034 339 5089 quam
355 5018 377 5071 si
392 5016 486 5083 facias,
498 5024 589 5089 grates
601 5016 714 5070 babebis
727 5033 733 5079 ;
749 5017 847 5071 sivero
859 5031 912 5070 non

114 5123 207 5188 facias,
225 5121 386 5192 culpaberis.
403 5119 470 5189 Quae
488 5135 554 5174 vero
569 5135 622 5174 non
638 5119 719 5173 debet
733 5134 805 5185 esse,
821 5119 843 5173 si
868 5118 912 5174 la·

115 5214 173 5270 cias
187 5219 285 5285 gratus
295 5209 348 5265 eris
365 5209 405 5272 ;si
417 5224 480 5265 vero
501 5223 554 5263 non
576 5207 669 5272 facias,
682 5215 837 5262 nontamen
852 5206 913 5263 cul-

116 5301 237 5374 paberis.
255 5299 319 5354 llaec
332 5297 424 5353 ultima
437 5305 464 5352 et
479 5312 606 5352 mensura
622 5302 698 5352 caret
726 5304 752 5350 et
779 5302 912 5367 tempore,

117 5399 192 5456 uelut
206 5397 230 5452 si
245 5395 308 5468 quis
321 5394 401 5451 hodie
412 5393 615 5465 eleemosynam
630 5392 723 5458 faciat,
737 5408 792 5448 non
806 5402 848 5449 est
870 5393 915 5448 in-

965 4570 1041 4632 stitit,
1053 4575 1079 4622 et
1095 4567 1165 4623 facta
1180 4575 1221 4621 est
1237 4566 1338 4639 liquida
1350 4573 1375 4620 et
1388 4565 1553 4636 ponderosa.
1571 4566 1606 4619 Et
1627 4566 1758 4635 quoniam

965 4656 1074 4730 longius
1089 4657 1178 4711 adhuc
1193 4670 1274 4727 quom
1291 4662 1349 4709 erat
1359 4653 1558 4709 afirmamento
1566 4653 1689 4715 recessit,
1701 4654 1761 4724 ipsa

965 4745 1119 4817 frigiditatis
1134 4747 1230 4799 natura
1245 4751 1359 4816 propter
1372 4743 1483 4797 nimiam
1498 4743 1678 4797 remotionem
1695 4743 1761 4796 red-

966 4844 1077 4898 ‹titacst
1105 4843 1210 4908 fortior,
1239 4841 1364 4912 spissior,
1394 4839 1572 4912 congelatior,
1601 4848 1628 4894 ει
1655 4838 1758 4908 durior,

966 4933 1089 5004 laetaque
1104 4932 1177 4987 sicca
1192 4937 1219 4985 et
1231 4930 1340 5002 frigida,
1357 4928 1458 4999 etipsa
1473 4935 1514 4984 est
1528 4936 1608 4983 terra.
1620 4927 1761 4999 Completa

966 5023 1058 5093 itaque
1073 5021 1124 5076 boc
1140 5019 1220 5074 modo
1236 5019 1434 5074 elementorum
1445 5024 1543 5071 natura
1555 5018 1638 5071 movit
1657 5032 1690 5072 ea
1708 5033 1761 5074 ua-

967 5129 1037 5186 tura,
1054 5127 1080 5174 et
1094 5119 1135 5174 vis
1159 5116 1329 5184 firmamenti,
1359 5115 1395 5170 ad
1420 5114 1573 5170 faciendam
1593 5116 1764 5173 volontatem

968 5219 992 5265 et
1006 5208 1159 5279 jussionem
1174 5206 1233 5261 Dei.
1246 5205 1366 5276 Cumque
1376 5202 1418 5258 vis
1428 5201 1593 5260 firmamenti
1608 5205 1647 5261 sic
1671 5220 1705 5261 ea
1727 5206 1764 5261 ad

966 5297 1084 5354 invicem
1099 5303 1198 5352 cuncta
1214 5293 1355 5359 movisset,
1372 5293 1515 5349 commista
1528 5296 1633 5364 pariter
1649 5303 1677 5349 et
1691 5311 1760 5352 cou-

966 5397 1061 5465 juncta
1074 5395 1146 5450 inter
1160 5410 1190 5450 se
1205 5401 1277 5461 sunt,
1294 5399 1320 5449 et
1335 5408 1369 5448 ex
1383 5393 1445 5464 ipsa
1456 5407 1552 5448 eorum
1574 5394 1764 5450 commistione

118 5485 270 5561 quirendus
283 5499 366 5555 quare
380 5498 434 5541 nou
448 5482 544 5540 fecerit
557 5482 626 5538 beri.
643 5482 776 5538 Similiter
790 5481 813 5537 si
832 5499 916 5539 unum
969 5484 1062 5558 genita
1073 5490 1135 5539 suut
1144 5482 1313 5538 aliaminura
1323 5497 1450 5553 corpora,
1461 5481 1621 5548 inanimata,
1644 5483 1766 5537 animata

117 5575 225 5634 dederit
238 5588 390 5639 nummum,
403 5587 459 5628 >non
474 5579 514 5628 est
528 5570 736 5643 investigandus
750 5585 835 5642 qnare
859 5588 916 5629 non
970 5582 998 5627 et
1012 5571 1153 5629 animalia.
1173 5571 1320 5627 inanimata
1336 5572 1459 5643 quidem,
1475 5580 1505 5626 ut
1525 5570 1631 5641 lapides
1654 5580 1680 5626 et
1703 5586 1766 5626 mc-

117 5669 227 5731 dederit
237 5666 500 5740 ducasstqunninm
515 5667 597 5724 totius
612 5665 704 5721 mnndi
729 5671 856 5721 creatura
876 5672 918 5722 eat
971 5662 1047 5728 talla,
1066 5659 1174 5733 aliaque
1199 5675 1260 5733 que
1288 5658 1361 5716 intra
1388 5668 1491 5715 terram
1518 5660 1689 5715 continentur
1714 5667 1768 5712 nec

118 5759 206 5831 bona,
220 5757 389 5819 taataatiam
405 5755 616 5829 scriptumque
644 5754 705 5811 ait:
741 5751 817 5809 Vidit
845 5755 927 5824 nem,
971 5756 1109 5818 crescunt,
1125 5758 1154 5807 ut
1168 5750 1429 5822 rivumargentum,
1458 5747 1584 5820 sulphur.
1599 5755 1627 5803 et
1648 5754 1779 5802 caeteras
