<?xml version="1.0" encoding="UTF-8"?>
<!DOCTYPE html PUBLIC "-//W3C//DTD XHTML 1.0 Transitional//EN"
    "http://www.w3.org/TR/xhtml1/DTD/xhtml1-transitional.dtd">
<html xmlns="http://www.w3.org/1999/xhtml" xml:lang="en" lang="en">
 <head>
  <title>
</title>
<meta http-equiv="Content-Type" content="text/html;charset=utf-8" />
  <meta name='ocr-system' content='tesseract 3.04.00' />
  <meta name='ocr-capabilities' content='ocr_page ocr_carea ocr_par ocr_line ocrx_word'/>
</head>
<body>
  <div class='ocr_page' id='page_1' title='image "./patrologiaecurs60unkngoog_0221.png"; bbox 0 0 3780 6038; ppageno 0'>
   <div class='ocr_carea' id='block_1_1' title="bbox 702 216 1230 280">
    <p class='ocr_par' dir='ltr' id='par_1_1' title="bbox 702 216 1230 280">
     <span class='ocr_line' id='line_1_1' title="bbox 702 216 1230 280; baseline 0.006 -3"><span class='ocrx_word' id='word_1_1' title='bbox 702 221 841 278; x_wconf 80' lang='lat' dir='ltr'><strong>rtaortts</strong></span> <span class='ocrx_word' id='word_1_2' title='bbox 861 216 1023 280; x_wconf 74' lang='lat' dir='ltr'><strong>Episcoat</strong></span> <span class='ocrx_word' id='word_1_3' title='bbox 1042 219 1230 280; x_wconf 86' lang='lat' dir='ltr'><strong>TULLENSIS</strong></span> 
     </span>
    </p>
   </div>
   <div class='ocr_carea' id='block_1_2' title="bbox 948 350 1789 414">
    <p class='ocr_par' dir='ltr' id='par_1_2' title="bbox 948 350 1789 414">
     <span class='ocr_line' id='line_1_2' title="bbox 948 350 1789 414; baseline 0.011 -9"><span class='ocrx_word' id='word_1_4' title='bbox 948 351 976 411; x_wconf 85' lang='lat' dir='ltr'><strong>A</strong></span> <span class='ocrx_word' id='word_1_5' title='bbox 991 350 1063 405; x_wconf 85' lang='lat' dir='ltr'><strong>villis</strong></span> <span class='ocrx_word' id='word_1_6' title='bbox 1078 357 1104 405; x_wconf 90' lang='lat' dir='ltr'><strong>et</strong></span> <span class='ocrx_word' id='word_1_7' title='bbox 1119 350 1202 406; x_wconf 92' lang='lat' dir='ltr'><strong>curiis</strong></span> <span class='ocrx_word' id='word_1_8' title='bbox 1215 351 1317 408; x_wconf 89' lang='lat' dir='ltr'><strong>nostris</strong></span> <span class='ocrx_word' id='word_1_9' title='bbox 1329 354 1516 411; x_wconf 76' lang='lat' dir='ltr'><strong>concessimus</strong></span> <span class='ocrx_word' id='word_1_10' title='bbox 1531 362 1558 412; x_wconf 91' lang='lat' dir='ltr'><strong>et</strong></span> <span class='ocrx_word' id='word_1_11' title='bbox 1566 354 1789 414; x_wconf 84' lang='lat' dir='ltr'><strong>confirmavimus</strong></span> 
     </span>
    </p>
   </div>
   <div class='ocr_carea' id='block_1_3' title="bbox 495 349 566 403">
    <p class='ocr_par' dir='ltr' id='par_1_3' title="bbox 495 349 566 403">
     <span class='ocr_line' id='line_1_3' title="bbox 495 349 566 403; baseline -0.028 0"><span class='ocrx_word' id='word_1_12' title='bbox 495 349 566 403; x_wconf 84' lang='lat' dir='ltr'><strong>vtlt.</strong></span> 
     </span>
    </p>
   </div>
   <div class='ocr_carea' id='block_1_4' title="bbox 173 518 898 595">
    <p class='ocr_par' dir='ltr' id='par_1_4' title="bbox 173 518 898 595">
     <span class='ocr_line' id='line_1_4' title="bbox 173 518 898 595; baseline -0.003 -17"><span class='ocrx_word' id='word_1_13' title='bbox 173 520 358 594; x_wconf 77' lang='lat' dir='ltr'><strong>Priciloqium</strong></span> <span class='ocrx_word' id='word_1_14' title='bbox 378 536 431 595; x_wconf 88' lang='lat' dir='ltr'><strong>pro</strong></span> <span class='ocrx_word' id='word_1_15' title='bbox 446 518 558 576; x_wconf 81' lang='lat' dir='ltr'><strong><em>abbatia</em></strong></span> <span class='ocrx_word' id='word_1_16' title='bbox 577 521 607 577; x_wconf 86' lang='lat' dir='ltr'><strong>S.</strong></span> <span class='ocrx_word' id='word_1_17' title='bbox 629 521 727 577; x_wconf 71' lang='lat' dir='ltr'><strong>Leucas</strong></span> <span class='ocrx_word' id='word_1_18' title='bbox 748 519 898 576; x_wconf 82' lang='lat' dir='ltr'><strong>Tallccsis.</strong></span> 
     </span>
    </p>
   </div>
   <div class='ocr_carea' id='block_1_5' title="bbox 429 682 635 756">
    <p class='ocr_par' dir='ltr' id='par_1_5' title="bbox 429 682 635 756">
     <span class='ocr_line' id='line_1_5' title="bbox 429 682 635 756; baseline 0 -18"><span class='ocrx_word' id='word_1_19' title='bbox 429 683 521 756; x_wconf 80' lang='lat' dir='ltr'><strong>(Anno</strong></span> <span class='ocrx_word' id='word_1_20' title='bbox 537 682 635 754; x_wconf 80' lang='grc'>1091.)</span> 
     </span>
    </p>
   </div>
   <div class='ocr_carea' id='block_1_6' title="bbox 336 852 733 926">
    <p class='ocr_par' dir='ltr' id='par_1_6' title="bbox 336 852 733 926">
     <span class='ocr_line' id='line_1_6' title="bbox 336 852 733 926; baseline -0.008 -15"><span class='ocrx_word' id='word_1_21' title='bbox 336 855 417 925; x_wconf 82' lang='lat' dir='ltr'><strong>[bom</strong></span> <span class='ocrx_word' id='word_1_22' title='bbox 432 853 547 910; x_wconf 64' lang='lat' dir='ltr'><strong>mansu</strong></span> <span class='ocrx_word' id='word_1_23' title='bbox 560 852 610 910; x_wconf 80' lang='lat' dir='ltr'><strong>abi</strong></span> <span class='ocrx_word' id='word_1_24' title='bbox 623 852 733 926; x_wconf 78' lang='lat' dir='ltr'><strong>sopra]</strong></span> 
     </span>
    </p>
   </div>
   <div class='ocr_carea' id='block_1_7' title="bbox 129 1009 930 1708">
    <p class='ocr_par' dir='ltr' id='par_1_7' title="bbox 132 1009 930 1357">
     <span class='ocr_line' id='line_1_7' title="bbox 168 1009 930 1083; baseline -0.008 -11"><span class='ocrx_word' id='word_1_25' title='bbox 168 1016 317 1073; x_wconf 89' lang='lat' dir='ltr'><strong>lnuomiue</strong></span> <span class='ocrx_word' id='word_1_26' title='bbox 330 1014 428 1076; x_wconf 85' lang='lat' dir='ltr'><strong>Patris,</strong></span> <span class='ocrx_word' id='word_1_27' title='bbox 444 1027 471 1070; x_wconf 91' lang='lat' dir='ltr'><strong>et</strong></span> <span class='ocrx_word' id='word_1_28' title='bbox 486 1012 555 1079; x_wconf 81' lang='lat' dir='ltr'><strong>Filii,</strong></span> <span class='ocrx_word' id='word_1_29' title='bbox 572 1019 599 1069; x_wconf 89' lang='lat' dir='ltr'><strong>et</strong></span> <span class='ocrx_word' id='word_1_30' title='bbox 614 1011 730 1083; x_wconf 80' lang='lat' dir='ltr'>Spiritus</span> <span class='ocrx_word' id='word_1_31' title='bbox 745 1009 841 1078; x_wconf 90' lang='lat' dir='ltr'><strong>sancti,</strong></span> <span class='ocrx_word' id='word_1_32' title='bbox 864 1011 930 1067; x_wconf 83' lang='lat' dir='ltr'><strong>Prae</strong></span> 
     </span>
     <span class='ocr_line' id='line_1_8' title="bbox 133 1097 930 1180; baseline -0.01 -18"><span class='ocrx_word' id='word_1_33' title='bbox 133 1106 184 1163; x_wconf 86' lang='lat' dir='ltr'><strong>Dei</strong></span> <span class='ocrx_word' id='word_1_34' title='bbox 198 1105 287 1180; x_wconf 76' lang='lat' dir='ltr'><strong>gratia</strong></span> <span class='ocrx_word' id='word_1_35' title='bbox 301 1104 454 1160; x_wconf 90' lang='lat' dir='ltr'><strong>Leucorum</strong></span> <span class='ocrx_word' id='word_1_36' title='bbox 477 1101 587 1157; x_wconf 90' lang='lat' dir='ltr'><strong>humilis</strong></span> <span class='ocrx_word' id='word_1_37' title='bbox 615 1100 770 1172; x_wconf 87' lang='lat' dir='ltr'><strong>episcopus,</strong></span> <span class='ocrx_word' id='word_1_38' title='bbox 801 1097 930 1156; x_wconf 89' lang='lat' dir='ltr'><strong>tidelibus</strong></span> 
     </span>
     <span class='ocr_line' id='line_1_9' title="bbox 132 1187 928 1262; baseline -0.01 -11"><span class='ocrx_word' id='word_1_39' title='bbox 132 1194 235 1251; x_wconf 87' lang='lat' dir='ltr'><strong>Christi</strong></span> <span class='ocrx_word' id='word_1_40' title='bbox 250 1192 387 1250; x_wconf 87' lang='lat' dir='ltr'><strong>universis</strong></span> <span class='ocrx_word' id='word_1_41' title='bbox 415 1190 660 1262; x_wconf 84' lang='lat' dir='ltr'><strong>tampraesentibus</strong></span> <span class='ocrx_word' id='word_1_42' title='bbox 690 1204 774 1262; x_wconf 89' lang='lat' dir='ltr'><strong>quam</strong></span> <span class='ocrx_word' id='word_1_43' title='bbox 801 1187 928 1260; x_wconf 80' lang='lat' dir='ltr'>posteris,</span> 
     </span>
     <span class='ocr_line' id='line_1_10' title="bbox 132 1279 492 1357; baseline -0.014 -18"><span class='ocrx_word' id='word_1_44' title='bbox 132 1283 250 1357; x_wconf 80' lang='lat' dir='ltr'><strong>gratiam</strong></span> <span class='ocrx_word' id='word_1_45' title='bbox 263 1280 382 1353; x_wconf 76' lang='lat' dir='ltr'><strong>Spiritus</strong></span> <span class='ocrx_word' id='word_1_46' title='bbox 396 1279 492 1335; x_wconf 90' lang='lat' dir='ltr'><strong>sancti.</strong></span> 
     </span>
    </p>

    <p class='ocr_par' dir='ltr' id='par_1_8' title="bbox 129 1365 928 1708">
     <span class='ocr_line' id='line_1_11' title="bbox 166 1365 928 1428; baseline -0.007 0"><span class='ocrx_word' id='word_1_47' title='bbox 166 1370 255 1428; x_wconf 89' lang='lat' dir='ltr'><strong>Officii</strong></span> <span class='ocrx_word' id='word_1_48' title='bbox 271 1368 358 1426; x_wconf 83' lang='lat' dir='ltr'><strong>nostri</strong></span> <span class='ocrx_word' id='word_1_49' title='bbox 371 1375 413 1425; x_wconf 88' lang='lat' dir='ltr'><strong>ast</strong></span> <span class='ocrx_word' id='word_1_50' title='bbox 440 1367 565 1424; x_wconf 90' lang='lat' dir='ltr'><strong>tidelibus</strong></span> <span class='ocrx_word' id='word_1_51' title='bbox 579 1366 679 1424; x_wconf 79' lang='lat' dir='ltr'><strong>Christi</strong></span> <span class='ocrx_word' id='word_1_52' title='bbox 704 1365 821 1423; x_wconf 86' lang='lat' dir='ltr'><strong>maxime</strong></span> <span class='ocrx_word' id='word_1_53' title='bbox 849 1365 928 1423; x_wconf 89' lang='lat' dir='ltr'><strong>nobis</strong></span> 
     </span>
     <span class='ocr_line' id='line_1_12' title="bbox 132 1454 927 1528; baseline -0.01 -10"><span class='ocrx_word' id='word_1_54' title='bbox 132 1459 296 1524; x_wconf 82' lang='lat' dir='ltr'><strong>commissis,</strong></span> <span class='ocrx_word' id='word_1_55' title='bbox 313 1456 467 1513; x_wconf 90' lang='lat' dir='ltr'><strong>nonsolum</strong></span> <span class='ocrx_word' id='word_1_56' title='bbox 495 1455 657 1528; x_wconf 90' lang='lat' dir='ltr'><strong>spiritualia,</strong></span> <span class='ocrx_word' id='word_1_57' title='bbox 687 1454 827 1512; x_wconf 86' lang='lat' dir='ltr'><strong>sedetiam</strong></span> <span class='ocrx_word' id='word_1_58' title='bbox 856 1463 927 1511; x_wconf 86' lang='lat' dir='ltr'><strong>tern-</strong></span> 
     </span>
     <span class='ocr_line' id='line_1_13' title="bbox 129 1542 927 1621; baseline -0.008 -16"><span class='ocrx_word' id='word_1_59' title='bbox 129 1548 233 1621; x_wconf 88' lang='lat' dir='ltr'><strong>poralia</strong></span> <span class='ocrx_word' id='word_1_60' title='bbox 260 1547 333 1602; x_wconf 90' lang='lat' dir='ltr'><strong>bona</strong></span> <span class='ocrx_word' id='word_1_61' title='bbox 348 1544 491 1616; x_wconf 88' lang='lat' dir='ltr'><strong>providere</strong></span> <span class='ocrx_word' id='word_1_62' title='bbox 513 1552 539 1600; x_wconf 88' lang='lat' dir='ltr'><strong>ct</strong></span> <span class='ocrx_word' id='word_1_63' title='bbox 553 1542 615 1598; x_wconf 82' lang='lat' dir='ltr'><strong>filiis</strong></span> <span class='ocrx_word' id='word_1_64' title='bbox 630 1543 717 1614; x_wconf 88' lang='lat' dir='ltr'><strong>pacis,</strong></span> <span class='ocrx_word' id='word_1_65' title='bbox 743 1552 773 1599; x_wconf 90' lang='lat' dir='ltr'><strong>ut</strong></span> <span class='ocrx_word' id='word_1_66' title='bbox 792 1543 927 1616; x_wconf 89' lang='lat' dir='ltr'><strong>tranquil-</strong></span> 
     </span>
     <span class='ocr_line' id='line_1_14' title="bbox 130 1632 925 1708; baseline -0.009 -13"><span class='ocrx_word' id='word_1_67' title='bbox 130 1639 185 1695; x_wconf 94' lang='lat' dir='ltr'><strong>lam</strong></span> <span class='ocrx_word' id='word_1_68' title='bbox 199 1636 280 1693; x_wconf 85' lang='lat' dir='ltr'><strong>vitam</strong></span> <span class='ocrx_word' id='word_1_69' title='bbox 295 1642 387 1708; x_wconf 82' lang='lat' dir='ltr'><strong>agant,</strong></span> <span class='ocrx_word' id='word_1_70' title='bbox 403 1649 468 1705; x_wconf 80' lang='lat' dir='ltr'><strong>qum</strong></span> <span class='ocrx_word' id='word_1_71' title='bbox 490 1632 525 1689; x_wconf 88' lang='lat' dir='ltr'><strong>ad</strong></span> <span class='ocrx_word' id='word_1_72' title='bbox 553 1647 650 1703; x_wconf 83' lang='lat' dir='ltr'><strong>pacem</strong></span> <span class='ocrx_word' id='word_1_73' title='bbox 678 1639 741 1687; x_wconf 92' lang='lat' dir='ltr'><strong>sunt</strong></span> <span class='ocrx_word' id='word_1_74' title='bbox 766 1646 925 1704; x_wconf 89' lang='lat' dir='ltr'><strong>procurare.</strong></span> 
     </span>
    </p>
   </div>
   <div class='ocr_carea' id='block_1_8' title="bbox 1736 230 1787 289">
    <p class='ocr_par' dir='ltr' id='par_1_9' title="bbox 1736 230 1787 289">
     <span class='ocr_line' id='line_1_15' title="bbox 1736 230 1787 289; baseline 0.02 -1"><span class='ocrx_word' id='word_1_75' title='bbox 1736 230 1787 289; x_wconf 63' lang='lat'><strong>1³2</strong></span> 
     </span>
    </p>
   </div>
   <div class='ocr_carea' id='block_1_9' title="bbox 988 438 1787 602">
    <p class='ocr_par' dir='ltr' id='par_1_10' title="bbox 988 438 1787 602">
     <span class='ocr_line' id='line_1_16' title="bbox 988 438 1787 503; baseline 0.009 -9"><span class='ocrx_word' id='word_1_76' title='bbox 988 438 1113 495; x_wconf 76' lang='lat' dir='ltr'><strong>ecclesiae</strong></span> <span class='ocrx_word' id='word_1_77' title='bbox 1127 440 1200 495; x_wconf 88' lang='lat' dir='ltr'><strong>Beati</strong></span> <span class='ocrx_word' id='word_1_78' title='bbox 1225 441 1324 497; x_wconf 83' lang='lat' dir='ltr'><strong>Leonis</strong></span> <span class='ocrx_word' id='word_1_79' title='bbox 1338 443 1504 501; x_wconf 84' lang='lat' dir='ltr'><strong>habendum.</strong></span> <span class='ocrx_word' id='word_1_80' title='bbox 1526 446 1662 503; x_wconf 86' lang='lat' dir='ltr'><strong>Praeterea</strong></span> <span class='ocrx_word' id='word_1_81' title='bbox 1690 447 1787 501; x_wconf 89' lang='lat' dir='ltr'><strong>matri·</strong></span> 
     </span>
     <span class='ocr_line' id='line_1_17' title="bbox 988 526 1786 602; baseline 0.01 -20"><span class='ocrx_word' id='word_1_82' title='bbox 988 526 1140 583; x_wconf 90' lang='lat' dir='ltr'><strong>rnoniorum</strong></span> <span class='ocrx_word' id='word_1_83' title='bbox 1158 535 1185 584; x_wconf 91' lang='lat' dir='ltr'><strong>et</strong></span> <span class='ocrx_word' id='word_1_84' title='bbox 1213 528 1455 602; x_wconf 71' lang='lat' dir='ltr'><strong>desponsationum</strong></span> <span class='ocrx_word' id='word_1_85' title='bbox 1481 550 1549 589; x_wconf 86' lang='lat' dir='ltr'><strong>usus</strong></span> <span class='ocrx_word' id='word_1_86' title='bbox 1563 540 1591 590; x_wconf 89' lang='lat' dir='ltr'><strong>et</strong></span> <span class='ocrx_word' id='word_1_87' title='bbox 1617 534 1786 593; x_wconf 88' lang='lat' dir='ltr'><strong>consuetudo</strong></span> 
     </span>
    </p>
   </div>
   <div class='ocr_carea' id='block_1_10' title="bbox 985 623 1787 967">
    <p class='ocr_par' dir='ltr' id='par_1_11' title="bbox 985 623 1787 967">
     <span class='ocr_line' id='line_1_18' title="bbox 986 623 1787 705; baseline 0.017 -27"><span class='ocrx_word' id='word_1_88' title='bbox 986 624 1051 679; x_wconf 88' lang='lat' dir='ltr'><strong>talis</strong></span> <span class='ocrx_word' id='word_1_89' title='bbox 1064 623 1166 681; x_wconf 86' lang='lat' dir='ltr'><strong>ibidem</strong></span> <span class='ocrx_word' id='word_1_90' title='bbox 1182 626 1306 693; x_wconf 86' lang='lat' dir='ltr'><strong>hahetur,</strong></span> <span class='ocrx_word' id='word_1_91' title='bbox 1320 636 1360 696; x_wconf 92' lang='lat' dir='ltr'><strong>ut,</strong></span> <span class='ocrx_word' id='word_1_92' title='bbox 1377 629 1468 701; x_wconf 89' lang='lat' dir='ltr'><strong>siquis</strong></span> <span class='ocrx_word' id='word_1_93' title='bbox 1476 630 1652 689; x_wconf 76' lang='lat' dir='ltr'><strong>Musonianum</strong></span> <span class='ocrx_word' id='word_1_94' title='bbox 1667 633 1787 705; x_wconf 82' lang='lat' dir='ltr'><strong>aliquam</strong></span> 
     </span>
     <span class='ocr_line' id='line_1_19' title="bbox 987 713 1785 791; baseline 0.013 -22"><span class='ocrx_word' id='word_1_95' title='bbox 987 713 1022 770; x_wconf 89' lang='lat' dir='ltr'><strong>de</strong></span> <span class='ocrx_word' id='word_1_96' title='bbox 1036 713 1144 770; x_wconf 84' lang='lat' dir='ltr'><strong>leminis</strong></span> <span class='ocrx_word' id='word_1_97' title='bbox 1158 715 1477 776; x_wconf 86' lang='lat' dir='ltr'><strong>llartinimontisducere</strong></span> <span class='ocrx_word' id='word_1_98' title='bbox 1491 720 1618 791; x_wconf 84' lang='lat' dir='ltr'><strong>voluerit,</strong></span> <span class='ocrx_word' id='word_1_99' title='bbox 1642 722 1704 779; x_wconf 88' lang='lat' dir='ltr'><strong>sine</strong></span> <span class='ocrx_word' id='word_1_100' title='bbox 1719 738 1785 779; x_wconf 92' lang='lat' dir='ltr'><strong>con-</strong></span> 
     </span>
     <span class='ocr_line' id='line_1_20' title="bbox 986 802 1785 873; baseline 0.011 -16"><span class='ocrx_word' id='word_1_101' title='bbox 986 802 1149 860; x_wconf 90' lang='lat' dir='ltr'><strong>tradictione</strong></span> <span class='ocrx_word' id='word_1_102' title='bbox 1163 802 1243 862; x_wconf 86' lang='lat' dir='ltr'><strong>liceat</strong></span> <span class='ocrx_word' id='word_1_103' title='bbox 1259 823 1267 873; x_wconf 83' lang='lat'>;</span> <span class='ocrx_word' id='word_1_104' title='bbox 1282 807 1335 864; x_wconf 88' lang='lat' dir='ltr'><strong>hcc</strong></span> <span class='ocrx_word' id='word_1_105' title='bbox 1362 807 1444 864; x_wconf 90' lang='lat' dir='ltr'><strong>etiam</strong></span> <span class='ocrx_word' id='word_1_106' title='bbox 1459 809 1673 867; x_wconf 77' lang='lat' dir='ltr'><strong>llamiuimontis</strong></span> <span class='ocrx_word' id='word_1_107' title='bbox 1700 810 1785 868; x_wconf 91' lang='lat' dir='ltr'><strong>homi·</strong></span> 
     </span>
     <span class='ocr_line' id='line_1_21' title="bbox 985 891 1573 967; baseline 0.019 -22"><span class='ocrx_word' id='word_1_108' title='bbox 985 906 1046 959; x_wconf 87' lang='lat' dir='ltr'><strong>nes,</strong></span> <span class='ocrx_word' id='word_1_109' title='bbox 1058 891 1085 946; x_wconf 93' lang='lat' dir='ltr'><strong>in</strong></span> <span class='ocrx_word' id='word_1_110' title='bbox 1099 892 1174 948; x_wconf 86' lang='lat' dir='ltr'><strong>curia</strong></span> <span class='ocrx_word' id='word_1_111' title='bbox 1188 894 1365 952; x_wconf 69' lang='lat' dir='ltr'><strong>Musonianum</strong></span> <span class='ocrx_word' id='word_1_112' title='bbox 1378 897 1424 967; x_wconf 80' lang='lat' dir='ltr'><strong>ius</strong></span> <span class='ocrx_word' id='word_1_113' title='bbox 1438 897 1573 956; x_wconf 80' lang='lat' dir='ltr'><strong>obtinent.</strong></span> 
     </span>
    </p>
   </div>
   <div class='ocr_carea' id='block_1_11' title="bbox 981 998 1785 1703">
    <p class='ocr_par' dir='ltr' id='par_1_12' title="bbox 981 998 1785 1703">
     <span class='ocr_line' id='line_1_22' title="bbox 1021 998 1785 1072; baseline 0.013 -19"><span class='ocrx_word' id='word_1_114' title='bbox 1021 998 1049 1054; x_wconf 92' lang='lat' dir='ltr'><strong>Si</strong></span> <span class='ocrx_word' id='word_1_115' title='bbox 1065 1015 1132 1057; x_wconf 80' lang='lat' dir='ltr'><strong>vero</strong></span> <span class='ocrx_word' id='word_1_116' title='bbox 1146 999 1314 1072; x_wconf 81' lang='lat' dir='ltr'><strong>desponsata</strong></span> <span class='ocrx_word' id='word_1_117' title='bbox 1335 1018 1368 1059; x_wconf 87' lang='lat' dir='ltr'><strong>ex</strong></span> <span class='ocrx_word' id='word_1_118' title='bbox 1383 1004 1467 1062; x_wconf 87' lang='lat' dir='ltr'><strong>sulcis</strong></span> <span class='ocrx_word' id='word_1_119' title='bbox 1481 1005 1694 1062; x_wconf 88' lang='lat' dir='ltr'><strong>llsrtininrontis</strong></span> <span class='ocrx_word' id='word_1_120' title='bbox 1709 1005 1785 1063; x_wconf 89' lang='lat' dir='ltr'><strong>luerit</strong></span> 
     </span>
     <span class='ocr_line' id='line_1_23' title="bbox 984 1086 1782 1167; baseline 0.013 -26"><span class='ocrx_word' id='word_1_121' title='bbox 984 1086 1085 1153; x_wconf 86' lang='lat' dir='ltr'><strong>dotata,</strong></span> <span class='ocrx_word' id='word_1_122' title='bbox 1101 1089 1144 1145; x_wconf 90' lang='lat' dir='ltr'><strong>vel</strong></span> <span class='ocrx_word' id='word_1_123' title='bbox 1158 1089 1203 1145; x_wconf 89' lang='lat' dir='ltr'><strong>die</strong></span> <span class='ocrx_word' id='word_1_124' title='bbox 1216 1090 1435 1162; x_wconf 75' lang='lat' dir='ltr'><strong>desponsationis</strong></span> <span class='ocrx_word' id='word_1_125' title='bbox 1449 1093 1510 1166; x_wconf 78' lang='lat' dir='ltr'><strong>ejus</strong></span> <span class='ocrx_word' id='word_1_126' title='bbox 1524 1093 1552 1149; x_wconf 93' lang='lat' dir='ltr'><strong>in</strong></span> <span class='ocrx_word' id='word_1_127' title='bbox 1566 1095 1628 1167; x_wconf 85' lang='lat' dir='ltr'><strong>ipss</strong></span> <span class='ocrx_word' id='word_1_128' title='bbox 1641 1095 1709 1152; x_wconf 87' lang='lat' dir='ltr'><strong>villa</strong></span> <span class='ocrx_word' id='word_1_129' title='bbox 1722 1097 1782 1167; x_wconf 81' lang='lat' dir='ltr'><strong>pri-</strong></span> 
     </span>
     <span class='ocr_line' id='line_1_24' title="bbox 983 1176 1783 1255; baseline 0.013 -25"><span class='ocrx_word' id='word_1_130' title='bbox 983 1190 1058 1232; x_wconf 91' lang='lat' dir='ltr'><strong>mum</strong></span> <span class='ocrx_word' id='word_1_131' title='bbox 1072 1176 1154 1234; x_wconf 87' lang='lat' dir='ltr'><strong>luerit</strong></span> <span class='ocrx_word' id='word_1_132' title='bbox 1176 1188 1348 1250; x_wconf 89' lang='lat' dir='ltr'><strong>pernoctata,</strong></span> <span class='ocrx_word' id='word_1_133' title='bbox 1364 1181 1522 1255; x_wconf 88' lang='lat' dir='ltr'><strong>ubicunque</strong></span> <span class='ocrx_word' id='word_1_134' title='bbox 1536 1190 1634 1254; x_wconf 86' lang='lat' dir='ltr'><strong>postea</strong></span> <span class='ocrx_word' id='word_1_135' title='bbox 1661 1192 1783 1241; x_wconf 87' lang='lat' dir='ltr'><strong>meretur</strong></span> 
     </span>
     <span class='ocr_line' id='line_1_25' title="bbox 982 1267 1783 1339; baseline 0.012 -18"><span class='ocrx_word' id='word_1_136' title='bbox 982 1272 1082 1338; x_wconf 80' lang='lat' dir='ltr'><strong>praeter</strong></span> <span class='ocrx_word' id='word_1_137' title='bbox 1109 1267 1250 1339; x_wconf 84' lang='lat' dir='ltr'><strong>llaserias,</strong></span> <span class='ocrx_word' id='word_1_138' title='bbox 1279 1269 1314 1325; x_wconf 90' lang='lat' dir='ltr'><strong>ad</strong></span> <span class='ocrx_word' id='word_1_139' title='bbox 1351 1270 1619 1329; x_wconf 85' lang='lat' dir='ltr'><strong>liertinummontem</strong></span> <span class='ocrx_word' id='word_1_140' title='bbox 1645 1272 1783 1330; x_wconf 73' lang='lat' dir='ltr'><strong>masada</strong></span> 
     </span>
     <span class='ocr_line' id='line_1_26' title="bbox 982 1353 1782 1434; baseline 0.013 -25"><span class='ocrx_word' id='word_1_141' title='bbox 982 1353 1044 1420; x_wconf 88' lang='lat' dir='ltr'><strong>erit,</strong></span> <span class='ocrx_word' id='word_1_142' title='bbox 1060 1359 1089 1410; x_wconf 88' lang='lat' dir='ltr'><strong>et</strong></span> <span class='ocrx_word' id='word_1_143' title='bbox 1103 1369 1167 1411; x_wconf 90' lang='lat' dir='ltr'><strong>cum</strong></span> <span class='ocrx_word' id='word_1_144' title='bbox 1180 1356 1253 1412; x_wconf 90' lang='lat' dir='ltr'><strong>omni</strong></span> <span class='ocrx_word' id='word_1_145' title='bbox 1264 1357 1397 1429; x_wconf 73' lang='lat' dir='ltr'><strong>progenis</strong></span> <span class='ocrx_word' id='word_1_146' title='bbox 1407 1376 1465 1428; x_wconf 88' lang='lat' dir='ltr'><strong>sua,</strong></span> <span class='ocrx_word' id='word_1_147' title='bbox 1481 1359 1519 1415; x_wconf 93' lang='lat' dir='ltr'><strong>ibi</strong></span> <span class='ocrx_word' id='word_1_148' title='bbox 1528 1360 1782 1434; x_wconf 84' lang='lat' dir='ltr'><strong>placitapreseque·</strong></span> 
     </span>
     <span class='ocr_line' id='line_1_27' title="bbox 982 1452 1781 1517; baseline 0.014 -11"><span class='ocrx_word' id='word_1_149' title='bbox 982 1457 1037 1507; x_wconf 92' lang='lat' dir='ltr'><strong>tur.</strong></span> <span class='ocrx_word' id='word_1_150' title='bbox 1065 1452 1125 1508; x_wconf 83' lang='lat' dir='ltr'><strong>Hoc</strong></span> <span class='ocrx_word' id='word_1_151' title='bbox 1150 1452 1222 1509; x_wconf 90' lang='lat' dir='ltr'><strong>idem</strong></span> <span class='ocrx_word' id='word_1_152' title='bbox 1254 1454 1300 1510; x_wconf 90' lang='lat' dir='ltr'><strong>liet</strong></span> <span class='ocrx_word' id='word_1_153' title='bbox 1319 1455 1354 1510; x_wconf 94' lang='lat' dir='ltr'><strong>de</strong></span> <span class='ocrx_word' id='word_1_154' title='bbox 1374 1454 1485 1513; x_wconf 85' lang='lat' dir='ltr'><strong>leminis</strong></span> <span class='ocrx_word' id='word_1_155' title='bbox 1510 1458 1726 1516; x_wconf 86' lang='lat' dir='ltr'><strong>llertinimontis</strong></span> <span class='ocrx_word' id='word_1_156' title='bbox 1752 1459 1781 1517; x_wconf 90' lang='lat' dir='ltr'><strong>in</strong></span> 
     </span>
     <span class='ocr_line' id='line_1_28' title="bbox 982 1539 1781 1621; baseline 0.014 -27"><span class='ocrx_word' id='word_1_157' title='bbox 982 1539 1073 1596; x_wconf 90' lang='lat' dir='ltr'><strong>hanno</strong></span> <span class='ocrx_word' id='word_1_158' title='bbox 1092 1541 1267 1598; x_wconf 77' lang='lat' dir='ltr'><strong>hasemamm</strong></span> <span class='ocrx_word' id='word_1_159' title='bbox 1295 1544 1393 1600; x_wconf 89' lang='lat' dir='ltr'><strong>ductis.</strong></span> <span class='ocrx_word' id='word_1_160' title='bbox 1418 1545 1614 1603; x_wconf 84' lang='lat' dir='ltr'><strong>concessimus</strong></span> <span class='ocrx_word' id='word_1_161' title='bbox 1639 1546 1735 1621; x_wconf 59' lang='lat' dir='ltr'><strong>iginum</strong></span> <span class='ocrx_word' id='word_1_162' title='bbox 1754 1555 1781 1605; x_wconf 85' lang='lat' dir='ltr'><strong>ct</strong></span> 
     </span>
     <span class='ocr_line' id='line_1_29' title="bbox 981 1629 1779 1703; baseline 0.013 -19"><span class='ocrx_word' id='word_1_163' title='bbox 981 1629 1107 1699; x_wconf 75' lang='lat' dir='ltr'><strong>praesenti</strong></span> <span class='ocrx_word' id='word_1_164' title='bbox 1117 1630 1261 1703; x_wconf 78' lang='lat' dir='ltr'><strong>privilegio</strong></span> <span class='ocrx_word' id='word_1_165' title='bbox 1275 1632 1510 1702; x_wconf 88' lang='lat' dir='ltr'><strong>confirmavimus,</strong></span> <span class='ocrx_word' id='word_1_166' title='bbox 1525 1644 1552 1691; x_wconf 90' lang='lat' dir='ltr'><strong>et</strong></span> <span class='ocrx_word' id='word_1_167' title='bbox 1561 1635 1590 1692; x_wconf 90' lang='lat' dir='ltr'><strong>in</strong></span> <span class='ocrx_word' id='word_1_168' title='bbox 1606 1635 1680 1694; x_wconf 80' lang='lat' dir='ltr'><strong>uillis</strong></span> <span class='ocrx_word' id='word_1_169' title='bbox 1694 1644 1779 1694; x_wconf 90' lang='lat' dir='ltr'><strong>etcu-</strong></span> 
     </span>
    </p>
   </div>
   <div class='ocr_carea' id='block_1_12' title="bbox 130 1712 1779 1799">
    <p class='ocr_par' dir='ltr' id='par_1_13' title="bbox 130 1712 1779 1799">
     <span class='ocr_line' id='line_1_30' title="bbox 130 1712 1779 1799; baseline 0.001 -16"><span class='ocrx_word' id='word_1_170' title='bbox 130 1727 216 1799; x_wconf 78' lang='lat' dir='ltr'><strong>lgitur</strong></span> <span class='ocrx_word' id='word_1_171' title='bbox 230 1723 367 1782; x_wconf 84' lang='lat' dir='ltr'><strong>deuotioni</strong></span> <span class='ocrx_word' id='word_1_172' title='bbox 382 1731 408 1779; x_wconf 92' lang='lat' dir='ltr'><strong>et</strong></span> <span class='ocrx_word' id='word_1_173' title='bbox 423 1723 512 1778; x_wconf 90' lang='lat' dir='ltr'><strong>studio</strong></span> <span class='ocrx_word' id='word_1_174' title='bbox 527 1721 674 1777; x_wconf 87' lang='lat' dir='ltr'><strong>filiinestri</strong></span> <span class='ocrx_word' id='word_1_175' title='bbox 703 1712 1028 1778; x_wconf 73' lang='lat' dir='ltr'><strong>tusculanens-Bais</strong></span> <span class='ocrx_word' id='word_1_176' title='bbox 1046 1718 1132 1774; x_wconf 84' lang='lat' dir='ltr'><strong>nostri</strong></span> <span class='ocrx_word' id='word_1_177' title='bbox 1152 1719 1231 1789; x_wconf 80' lang='lat' dir='ltr'><strong>iuris,</strong></span> <span class='ocrx_word' id='word_1_178' title='bbox 1265 1721 1383 1779; x_wconf 89' lang='lat' dir='ltr'><strong>ecclesia</strong></span> <span class='ocrx_word' id='word_1_179' title='bbox 1403 1723 1479 1779; x_wconf 83' lang='lat' dir='ltr'><strong>beati</strong></span> <span class='ocrx_word' id='word_1_180' title='bbox 1495 1720 1598 1780; x_wconf 77' lang='lat' dir='ltr'><strong>Leoms</strong></span> <span class='ocrx_word' id='word_1_181' title='bbox 1629 1734 1660 1784; x_wconf 91' lang='lat' dir='ltr'><strong>et</strong></span> <span class='ocrx_word' id='word_1_182' title='bbox 1678 1726 1779 1783; x_wconf 76' lang='lat' dir='ltr'><strong>collata</strong></span> 
     </span>
    </p>
   </div>
   <div class='ocr_carea' id='block_1_13' title="bbox 123 1808 1779 2869">
    <p class='ocr_par' dir='ltr' id='par_1_14' title="bbox 123 1808 1779 2869">
     <span class='ocr_line' id='line_1_31' title="bbox 130 1808 1778 1888; baseline 0.007 -17"><span class='ocrx_word' id='word_1_183' title='bbox 130 1817 288 1871; x_wconf 71' lang='lat' dir='ltr'><strong>sinenostrae</strong></span> <span class='ocrx_word' id='word_1_184' title='bbox 302 1812 409 1879; x_wconf 89' lang='lat' dir='ltr'><strong>decani,</strong></span> <span class='ocrx_word' id='word_1_185' title='bbox 427 1827 480 1884; x_wconf 92' lang='lat' dir='ltr'><strong>quo</strong></span> <span class='ocrx_word' id='word_1_186' title='bbox 493 1811 521 1866; x_wconf 93' lang='lat' dir='ltr'><strong>in</strong></span> <span class='ocrx_word' id='word_1_187' title='bbox 535 1808 691 1866; x_wconf 85' lang='lat' dir='ltr'><strong>aedihcanda</strong></span> <span class='ocrx_word' id='word_1_188' title='bbox 706 1809 836 1865; x_wconf 87' lang='lat' dir='ltr'><strong>memoria</strong></span> <span class='ocrx_word' id='word_1_189' title='bbox 850 1808 927 1865; x_wconf 88' lang='lat' dir='ltr'><strong>beati</strong></span> <span class='ocrx_word' id='word_1_190' title='bbox 976 1830 1044 1887; x_wconf 88' lang='lat' dir='ltr'><strong>pace</strong></span> <span class='ocrx_word' id='word_1_191' title='bbox 1064 1816 1213 1888; x_wconf 84' lang='lat' dir='ltr'><strong>possideat,</strong></span> <span class='ocrx_word' id='word_1_192' title='bbox 1249 1826 1275 1874; x_wconf 89' lang='lat' dir='ltr'><strong>et</strong></span> <span class='ocrx_word' id='word_1_193' title='bbox 1294 1818 1459 1877; x_wconf 83' lang='lat' dir='ltr'><strong>conferenda</strong></span> <span class='ocrx_word' id='word_1_194' title='bbox 1478 1821 1624 1879; x_wconf 85' lang='lat' dir='ltr'><strong>deuotione</strong></span> <span class='ocrx_word' id='word_1_195' title='bbox 1656 1822 1778 1882; x_wconf 82' lang='lat' dir='ltr'><strong>fidebam</strong></span> 
     </span>
     <span class='ocr_line' id='line_1_32' title="bbox 128 1898 1778 1984; baseline 0.005 -24"><span class='ocrx_word' id='word_1_196' title='bbox 128 1904 227 1960; x_wconf 90' lang='lat' dir='ltr'><strong>Leonis</strong></span> <span class='ocrx_word' id='word_1_197' title='bbox 237 1902 302 1958; x_wconf 92' lang='lat' dir='ltr'><strong>noni</strong></span> <span class='ocrx_word' id='word_1_198' title='bbox 316 1916 393 1973; x_wconf 83' lang='lat' dir='ltr'><strong>papae</strong></span> <span class='ocrx_word' id='word_1_199' title='bbox 411 1899 528 1955; x_wconf 90' lang='lat' dir='ltr'><strong>desudat</strong></span> <span class='ocrx_word' id='word_1_200' title='bbox 550 1898 766 1972; x_wconf 78' lang='lat' dir='ltr'><strong>congaudentes,</strong></span> <span class='ocrx_word' id='word_1_201' title='bbox 784 1906 812 1954; x_wconf 91' lang='lat' dir='ltr'><strong>et</strong></span> <span class='ocrx_word' id='word_1_202' title='bbox 840 1898 925 1969; x_wconf 88' lang='lat' dir='ltr'><strong>ipsius</strong></span> <span class='ocrx_word' id='word_1_203' title='bbox 976 1904 1060 1961; x_wconf 91' lang='lat' dir='ltr'><strong>libere</strong></span> <span class='ocrx_word' id='word_1_204' title='bbox 1071 1906 1197 1978; x_wconf 86' lang='lat' dir='ltr'><strong>accipiat.</strong></span> <span class='ocrx_word' id='word_1_205' title='bbox 1213 1909 1244 1962; x_wconf 95' lang='lat' dir='ltr'><strong>ln</strong></span> <span class='ocrx_word' id='word_1_206' title='bbox 1255 1908 1354 1980; x_wconf 89' lang='lat' dir='ltr'><strong>quibus</strong></span> <span class='ocrx_word' id='word_1_207' title='bbox 1368 1910 1495 1967; x_wconf 91' lang='lat' dir='ltr'><strong>omnibus</strong></span> <span class='ocrx_word' id='word_1_208' title='bbox 1514 1926 1565 1984; x_wconf 94' lang='lat' dir='ltr'><strong>pro</strong></span> <span class='ocrx_word' id='word_1_209' title='bbox 1580 1912 1778 1970; x_wconf 81' lang='lat' dir='ltr'><strong>saluteanimsa</strong></span> 
     </span>
     <span class='ocr_line' id='line_1_33' title="bbox 127 1988 1779 2070; baseline 0.007 -22"><span class='ocrx_word' id='word_1_210' title='bbox 127 1991 218 2049; x_wconf 85' lang='lat' dir='ltr'><strong>manui</strong></span> <span class='ocrx_word' id='word_1_211' title='bbox 232 2006 343 2047; x_wconf 89' lang='lat' dir='ltr'><strong>manum</strong></span> <span class='ocrx_word' id='word_1_212' title='bbox 358 1997 479 2044; x_wconf 89' lang='lat' dir='ltr'><strong>nostram</strong></span> <span class='ocrx_word' id='word_1_213' title='bbox 494 1989 522 2043; x_wconf 92' lang='lat' dir='ltr'><strong>in</strong></span> <span class='ocrx_word' id='word_1_214' title='bbox 537 1988 691 2058; x_wconf 86' lang='lat' dir='ltr'><strong>adjuvando</strong></span> <span class='ocrx_word' id='word_1_215' title='bbox 704 1988 872 2059; x_wconf 76' lang='lat' dir='ltr'><strong>conjungere</strong></span> <span class='ocrx_word' id='word_1_216' title='bbox 880 2003 927 2042; x_wconf 76' lang='lat' dir='ltr'><strong>vn</strong></span> <span class='ocrx_word' id='word_1_217' title='bbox 976 2001 1077 2050; x_wconf 76' lang='lat' dir='ltr'><strong>nostrae</strong></span> <span class='ocrx_word' id='word_1_218' title='bbox 1095 1995 1187 2050; x_wconf 89' lang='lat' dir='ltr'><strong>onmia</strong></span> <span class='ocrx_word' id='word_1_219' title='bbox 1212 1997 1275 2066; x_wconf 81' lang='lat' dir='ltr'><strong>jura</strong></span> <span class='ocrx_word' id='word_1_220' title='bbox 1293 2005 1387 2054; x_wconf 90' lang='lat' dir='ltr'><strong>nostra</strong></span> <span class='ocrx_word' id='word_1_221' title='bbox 1405 1998 1458 2070; x_wconf 93' lang='lat' dir='ltr'><strong>ipsi</strong></span> <span class='ocrx_word' id='word_1_222' title='bbox 1477 2000 1602 2058; x_wconf 74' lang='lat' dir='ltr'><strong>ecclesia</strong></span> <span class='ocrx_word' id='word_1_223' title='bbox 1635 2003 1779 2060; x_wconf 85' lang='lat' dir='ltr'><strong>remittere</strong></span> 
     </span>
     <span class='ocr_line' id='line_1_34' title="bbox 128 2075 1779 2163; baseline 0.005 -24"><span class='ocrx_word' id='word_1_224' title='bbox 128 2083 226 2151; x_wconf 91' lang='lat' dir='ltr'><strong>lentes,</strong></span> <span class='ocrx_word' id='word_1_225' title='bbox 244 2079 396 2135; x_wconf 91' lang='lat' dir='ltr'><strong>studuimus</strong></span> <span class='ocrx_word' id='word_1_226' title='bbox 410 2077 557 2151; x_wconf 73' lang='lat' dir='ltr'><strong>diligenter</strong></span> <span class='ocrx_word' id='word_1_227' title='bbox 571 2092 682 2132; x_wconf 87' lang='lat' dir='ltr'><strong>exarare</strong></span> <span class='ocrx_word' id='word_1_228' title='bbox 696 2075 813 2148; x_wconf 89' lang='lat' dir='ltr'><strong>qualiter</strong></span> <span class='ocrx_word' id='word_1_229' title='bbox 826 2076 885 2148; x_wconf 90' lang='lat' dir='ltr'><strong>ipsa</strong></span> <span class='ocrx_word' id='word_1_230' title='bbox 899 2084 925 2132; x_wconf 86' lang='lat' dir='ltr'><strong>et</strong></span> <span class='ocrx_word' id='word_1_231' title='bbox 975 2082 1124 2153; x_wconf 86' lang='lat' dir='ltr'><strong>voluimus,</strong></span> <span class='ocrx_word' id='word_1_232' title='bbox 1140 2093 1167 2140; x_wconf 90' lang='lat' dir='ltr'><strong>et</strong></span> <span class='ocrx_word' id='word_1_233' title='bbox 1178 2093 1205 2139; x_wconf 94' lang='lat' dir='ltr'><strong>ut</strong></span> <span class='ocrx_word' id='word_1_234' title='bbox 1219 2085 1310 2142; x_wconf 88' lang='lat' dir='ltr'><strong>nullus</strong></span> <span class='ocrx_word' id='word_1_235' title='bbox 1331 2087 1491 2157; x_wconf 85' lang='lat' dir='ltr'><strong>advocatus,</strong></span> <span class='ocrx_word' id='word_1_236' title='bbox 1520 2105 1573 2146; x_wconf 90' lang='lat' dir='ltr'><strong>nec</strong></span> <span class='ocrx_word' id='word_1_237' title='bbox 1586 2090 1688 2163; x_wconf 85' lang='lat' dir='ltr'><strong>aliquis</strong></span> <span class='ocrx_word' id='word_1_238' title='bbox 1702 2092 1779 2149; x_wconf 72' lang='lat' dir='ltr'><strong>mini</strong></span> 
     </span>
     <span class='ocr_line' id='line_1_35' title="bbox 128 2165 1775 2251; baseline 0.006 -23"><span class='ocrx_word' id='word_1_239' title='bbox 128 2170 246 2228; x_wconf 89' lang='lat' dir='ltr'><strong>eeclesia</strong></span> <span class='ocrx_word' id='word_1_240' title='bbox 260 2183 342 2240; x_wconf 90' lang='lat' dir='ltr'><strong>quam</strong></span> <span class='ocrx_word' id='word_1_241' title='bbox 366 2165 493 2232; x_wconf 81' lang='lat' dir='ltr'><strong>aedificat,</strong></span> <span class='ocrx_word' id='word_1_242' title='bbox 522 2165 615 2222; x_wconf 84' lang='lat' dir='ltr'><strong>villam</strong></span> <span class='ocrx_word' id='word_1_243' title='bbox 644 2165 854 2220; x_wconf 70' lang='lat' dir='ltr'><strong>martinimontis</strong></span> <span class='ocrx_word' id='word_1_244' title='bbox 880 2180 926 2222; x_wconf 88' lang='lat' dir='ltr'><strong>ac·</strong></span> <span class='ocrx_word' id='word_1_245' title='bbox 975 2178 1097 2228; x_wconf 85' lang='lat' dir='ltr'><strong>atrorum</strong></span> <span class='ocrx_word' id='word_1_246' title='bbox 1112 2180 1375 2247; x_wconf 88' lang='lat' dir='ltr'><strong>nostrorum,super</strong></span> <span class='ocrx_word' id='word_1_247' title='bbox 1388 2176 1441 2234; x_wconf 92' lang='lat' dir='ltr'><strong>hoc</strong></span> <span class='ocrx_word' id='word_1_248' title='bbox 1455 2177 1480 2233; x_wconf 90' lang='lat' dir='ltr'><strong>ei</strong></span> <span class='ocrx_word' id='word_1_249' title='bbox 1496 2178 1650 2236; x_wconf 88' lang='lat' dir='ltr'><strong>molestiam</strong></span> <span class='ocrx_word' id='word_1_250' title='bbox 1665 2179 1775 2251; x_wconf 78' lang='lat' dir='ltr'><strong>inierat,</strong></span> 
     </span>
     <span class='ocr_line' id='line_1_36' title="bbox 127 2253 1778 2344; baseline 0.003 -29"><span class='ocrx_word' id='word_1_251' title='bbox 127 2259 260 2334; x_wconf 90' lang='lat' dir='ltr'><strong>quisierit,</strong></span> <span class='ocrx_word' id='word_1_252' title='bbox 277 2256 328 2312; x_wconf 84' lang='lat' dir='ltr'><strong>Dei</strong></span> <span class='ocrx_word' id='word_1_253' title='bbox 344 2254 530 2311; x_wconf 82' lang='lat' dir='ltr'><strong>munificentia</strong></span> <span class='ocrx_word' id='word_1_254' title='bbox 544 2253 765 2310; x_wconf 86' lang='lat' dir='ltr'><strong>adminiculante.</strong></span> <span class='ocrx_word' id='word_1_255' title='bbox 783 2254 925 2325; x_wconf 83' lang='lat' dir='ltr'><strong>Siquidem</strong></span> <span class='ocrx_word' id='word_1_256' title='bbox 975 2268 1020 2325; x_wconf 65' lang='lat' dir='ltr'><strong>vel</strong></span> <span class='ocrx_word' id='word_1_257' title='bbox 1033 2270 1198 2326; x_wconf 57' lang='lat' dir='ltr'><strong>calumniam</strong></span> <span class='ocrx_word' id='word_1_258' title='bbox 1216 2272 1344 2344; x_wconf 56' lang='lat' dir='ltr'><strong>cupidine</strong></span> <span class='ocrx_word' id='word_1_259' title='bbox 1362 2283 1481 2343; x_wconf 56' lang='lat' dir='ltr'><strong>moveat,</strong></span> <span class='ocrx_word' id='word_1_260' title='bbox 1510 2278 1675 2335; x_wconf 55' lang='lat' dir='ltr'><strong>,nemrim</strong></span> <span class='ocrx_word' id='word_1_261' title='bbox 1687 2278 1739 2336; x_wconf 59' lang='lat' dir='ltr'><strong>Dei</strong></span> <span class='ocrx_word' id='word_1_262' title='bbox 1751 2286 1778 2337; x_wconf 52' lang='grc' dir='ltr'><strong>οι</strong></span> 
     </span>
     <span class='ocr_line' id='line_1_37' title="bbox 127 2341 1775 2439; baseline 0.002 -33"><span class='ocrx_word' id='word_1_263' title='bbox 127 2358 254 2406; x_wconf 91' lang='lat' dir='ltr'><strong>strenuus</strong></span> <span class='ocrx_word' id='word_1_264' title='bbox 268 2361 361 2402; x_wconf 90' lang='lat' dir='ltr'><strong>comes</strong></span> <span class='ocrx_word' id='word_1_265' title='bbox 377 2345 457 2415; x_wconf 77' lang='lat' dir='ltr'><strong>llugo</strong></span> <span class='ocrx_word' id='word_1_266' title='bbox 472 2342 507 2398; x_wconf 91' lang='lat' dir='ltr'><strong>de</strong></span> <span class='ocrx_word' id='word_1_267' title='bbox 516 2343 652 2409; x_wconf 85' lang='lat' dir='ltr'><strong>Dasbcrc,</strong></span> <span class='ocrx_word' id='word_1_268' title='bbox 668 2341 834 2400; x_wconf 83' lang='lat' dir='ltr'><strong>venerabilis</strong></span> <span class='ocrx_word' id='word_1_269' title='bbox 849 2343 925 2398; x_wconf 85' lang='lat' dir='ltr'><strong>Hen—</strong></span> <span class='ocrx_word' id='word_1_270' title='bbox 974 2365 1069 2413; x_wconf 59' lang='lat' dir='ltr'><strong>„osum</strong></span> <span class='ocrx_word' id='word_1_271' title='bbox 1083 2360 1268 2431; x_wconf 57' lang='lat' dir='ltr'><strong>pmipiendo</strong></span> <span class='ocrx_word' id='word_1_272' title='bbox 1296 2362 1348 2418; x_wconf 65' lang='lat' dir='ltr'><strong>gub</strong></span> <span class='ocrx_word' id='word_1_273' title='bbox 1361 2365 1536 2421; x_wconf 55' lang='lat' dir='ltr'><strong>mathemate</strong></span> <span class='ocrx_word' id='word_1_274' title='bbox 1561 2366 1775 2439; x_wconf 49' lang='lat' dir='ltr'><strong>impunem„</strong></span> 
     </span>
     <span class='ocr_line' id='line_1_38' title="bbox 125 2430 1777 2529; baseline 0.004 -35"><span class='ocrx_word' id='word_1_275' title='bbox 125 2437 176 2494; x_wconf 69' lang='lat' dir='ltr'><strong>ridi</strong></span> <span class='ocrx_word' id='word_1_276' title='bbox 191 2435 272 2502; x_wconf 72' lang='lat' dir='ltr'><strong>fliius,</strong></span> <span class='ocrx_word' id='word_1_277' title='bbox 289 2433 454 2488; x_wconf 61' lang='lat' dir='ltr'><strong>intrinsecus</strong></span> <span class='ocrx_word' id='word_1_278' title='bbox 469 2431 519 2487; x_wconf 76' lang='lat' dir='ltr'><strong>Dei</strong></span> <span class='ocrx_word' id='word_1_279' title='bbox 534 2438 619 2488; x_wconf 69' lang='lat' dir='ltr'><strong>[fidilis</strong></span> <span class='ocrx_word' id='word_1_280' title='bbox 628 2430 814 2502; x_wconf 69' lang='lat' dir='ltr'><strong>inspiratione,</strong></span> <span class='ocrx_word' id='word_1_281' title='bbox 829 2440 856 2487; x_wconf 68' lang='grc' dir='ltr'><strong>Εἰ</strong></span> <span class='ocrx_word' id='word_1_282' title='bbox 871 2446 923 2488; x_wconf 85' lang='lat' dir='ltr'><strong>no·</strong></span> <span class='ocrx_word' id='word_1_283' title='bbox 974 2446 1042 2501; x_wconf 78' lang='lat' dir='ltr'><strong>nihil</strong></span> <span class='ocrx_word' id='word_1_284' title='bbox 1056 2446 1126 2503; x_wconf 77' lang='lat' dir='ltr'><strong>enim</strong></span> <span class='ocrx_word' id='word_1_285' title='bbox 1140 2448 1210 2518; x_wconf 72' lang='lat' dir='ltr'><strong>juris</strong></span> <span class='ocrx_word' id='word_1_286' title='bbox 1224 2449 1304 2506; x_wconf 64' lang='lat' dir='ltr'><strong>nigia</strong></span> <span class='ocrx_word' id='word_1_287' title='bbox 1316 2451 1406 2520; x_wconf 63' lang='lat' dir='ltr'><strong>nohis,</strong></span> <span class='ocrx_word' id='word_1_288' title='bbox 1417 2453 1485 2508; x_wconf 77' lang='lat' dir='ltr'><strong>nihil</strong></span> <span class='ocrx_word' id='word_1_289' title='bbox 1499 2455 1644 2525; x_wconf 64' lang='lat' dir='ltr'><strong>polestalifl</strong></span> <span class='ocrx_word' id='word_1_290' title='bbox 1659 2456 1714 2514; x_wconf 52' lang='lat' dir='ltr'><strong>nisi</strong></span> <span class='ocrx_word' id='word_1_291' title='bbox 1727 2473 1777 2529; x_wconf 68' lang='lat' dir='ltr'><strong>per</strong></span> 
     </span>
     <span class='ocr_line' id='line_1_39' title="bbox 125 2519 1777 2614; baseline 0.005 -18"><span class='ocrx_word' id='word_1_292' title='bbox 125 2526 188 2582; x_wconf 66' lang='lat' dir='ltr'><strong>bilis</strong></span> <span class='ocrx_word' id='word_1_293' title='bbox 202 2523 339 2597; x_wconf 64' lang='lat' dir='ltr'><strong>llfflfflpiffl</strong></span> <span class='ocrx_word' id='word_1_294' title='bbox 366 2521 437 2577; x_wconf 63' lang='lat' dir='ltr'><strong>bfflfi</strong></span> <span class='ocrx_word' id='word_1_295' title='bbox 465 2521 575 2587; x_wconf 64' lang='grc' dir='ltr'><strong>Ῑιθθῦῑθι</strong></span> <span class='ocrx_word' id='word_1_296' title='bbox 602 2520 637 2577; x_wconf 74' lang='lat'><strong>(¹0</strong></span> <span class='ocrx_word' id='word_1_297' title='bbox 652 2536 704 2592; x_wconf 59' lang='lat' dir='ltr'><strong>(lim</strong></span> <span class='ocrx_word' id='word_1_298' title='bbox 731 2519 928 2591; x_wconf 61' lang='lat' dir='ltr'><strong>dfflssendffllr</strong></span> <span class='ocrx_word' id='word_1_299' title='bbox 973 2550 1035 2606; x_wconf 86' lang='lat' dir='ltr'><strong>nos,</strong></span> <span class='ocrx_word' id='word_1_300' title='bbox 1051 2535 1078 2590; x_wconf 92' lang='lat' dir='ltr'><strong>iu</strong></span> <span class='ocrx_word' id='word_1_301' title='bbox 1094 2536 1137 2592; x_wconf 90' lang='lat' dir='ltr'><strong>bis</strong></span> <span class='ocrx_word' id='word_1_302' title='bbox 1151 2538 1279 2594; x_wconf 89' lang='lat' dir='ltr'><strong>omnibus</strong></span> <span class='ocrx_word' id='word_1_303' title='bbox 1303 2539 1400 2596; x_wconf 89' lang='lat' dir='ltr'><strong>habeat</strong></span> <span class='ocrx_word' id='word_1_304' title='bbox 1413 2540 1624 2614; x_wconf 85' lang='lat' dir='ltr'><strong>aliquiseorum.</strong></span> <span class='ocrx_word' id='word_1_305' title='bbox 1643 2542 1726 2614; x_wconf 84' lang='lat' dir='ltr'><strong>Quod</strong></span> <span class='ocrx_word' id='word_1_306' title='bbox 1752 2545 1777 2603; x_wconf 88' lang='lat' dir='ltr'><strong>si</strong></span> 
     </span>
     <span class='ocr_line' id='line_1_40' title="bbox 126 2608 1776 2702; baseline 0.008 -24"><span class='ocrx_word' id='word_1_307' title='bbox 126 2611 377 2671; x_wconf 83' lang='lat' dir='ltr'><strong>ductusdulcedinc</strong></span> <span class='ocrx_word' id='word_1_308' title='bbox 393 2610 553 2682; x_wconf 66' lang='lat' dir='ltr'><strong>Plaedisslflm</strong></span> <span class='ocrx_word' id='word_1_309' title='bbox 575 2608 679 2674; x_wconf 61' lang='lat' dir='ltr'><strong>lissam,</strong></span> <span class='ocrx_word' id='word_1_310' title='bbox 695 2624 808 2664; x_wconf 68' lang='lat' dir='ltr'><strong>³⁸³e1¹⁵¹¹</strong></span> <span class='ocrx_word' id='word_1_311' title='bbox 823 2609 924 2679; x_wconf 67' lang='grc' dir='ltr'>0οὓἱῦ·</span> <span class='ocrx_word' id='word_1_312' title='bbox 974 2624 1122 2695; x_wconf 89' lang='lat' dir='ltr'><strong>cupiditatc</strong></span> <span class='ocrx_word' id='word_1_313' title='bbox 1132 2624 1237 2696; x_wconf 89' lang='lat' dir='ltr'><strong>ductus,</strong></span> <span class='ocrx_word' id='word_1_314' title='bbox 1253 2626 1317 2684; x_wconf 90' lang='lat' dir='ltr'><strong>inde</strong></span> <span class='ocrx_word' id='word_1_315' title='bbox 1331 2628 1482 2685; x_wconf 84' lang='lat' dir='ltr'><strong>molestiam</strong></span> <span class='ocrx_word' id='word_1_316' title='bbox 1505 2631 1632 2690; x_wconf 73' lang='lat' dir='ltr'><strong>ecclesiae</strong></span> <span class='ocrx_word' id='word_1_317' title='bbox 1645 2631 1776 2702; x_wconf 88' lang='lat' dir='ltr'><strong>intulerit,</strong></span> 
     </span>
     <span class='ocr_line' id='line_1_41' title="bbox 125 2696 1776 2794; baseline 0.013 -36"><span class='ocrx_word' id='word_1_318' title='bbox 125 2705 234 2779; x_wconf 78' lang='lat' dir='ltr'><strong>gissuae</strong></span> <span class='ocrx_word' id='word_1_319' title='bbox 249 2708 276 2758; x_wconf 84' lang='lat' dir='ltr'><strong>et</strong></span> <span class='ocrx_word' id='word_1_320' title='bbox 290 2700 430 2756; x_wconf 63' lang='lat' dir='ltr'><strong>haeredum</strong></span> <span class='ocrx_word' id='word_1_321' title='bbox 453 2712 575 2764; x_wconf 63' lang='lat' dir='ltr'><strong>storum,</strong></span> <span class='ocrx_word' id='word_1_322' title='bbox 590 2713 607 2753; x_wconf 62' lang='grc' dir='ltr'>ὓ</span> <span class='ocrx_word' id='word_1_323' title='bbox 621 2696 740 2770; x_wconf 69' lang='lat' dir='ltr'><strong>&lt;lu0d⁸ffl</strong></span> <span class='ocrx_word' id='word_1_324' title='bbox 755 2713 855 2770; x_wconf 73' lang='lat' dir='ltr'><strong>m⁸8¹¹⁰</strong></span> <span class='ocrx_word' id='word_1_325' title='bbox 871 2696 923 2753; x_wconf 66' lang='lat' dir='ltr'><strong>be·</strong></span> <span class='ocrx_word' id='word_1_326' title='bbox 973 2713 1154 2769; x_wconf 77' lang='lat' dir='ltr'><strong>anathematis</strong></span> <span class='ocrx_word' id='word_1_327' title='bbox 1170 2715 1257 2771; x_wconf 86' lang='lat' dir='ltr'><strong>nostri</strong></span> <span class='ocrx_word' id='word_1_328' title='bbox 1281 2716 1390 2774; x_wconf 85' lang='lat' dir='ltr'><strong>vinculo</strong></span> <span class='ocrx_word' id='word_1_329' title='bbox 1405 2717 1516 2792; x_wconf 80' lang='lat' dir='ltr'><strong>ligatus,</strong></span> <span class='ocrx_word' id='word_1_330' title='bbox 1531 2720 1632 2778; x_wconf 82' lang='lat' dir='ltr'><strong>divinae</strong></span> <span class='ocrx_word' id='word_1_331' title='bbox 1659 2722 1776 2794; x_wconf 71' lang='lat' dir='ltr'><strong>iustitiae</strong></span> 
     </span>
     <span class='ocr_line' id='line_1_42' title="bbox 123 2785 1776 2869; baseline 0.007 -12"><span class='ocrx_word' id='word_1_332' title='bbox 123 2792 233 2859; x_wconf 63' lang='lat' dir='ltr'><strong>nefiCiQ</strong></span> <span class='ocrx_word' id='word_1_333' title='bbox 249 2790 321 2863; x_wconf 74' lang='lat' dir='ltr'><strong>‘1¹¹0d</strong></span> <span class='ocrx_word' id='word_1_334' title='bbox 350 2804 366 2844; x_wconf 60' lang='grc' dir='ltr'>ὓ</span> <span class='ocrx_word' id='word_1_335' title='bbox 388 2788 467 2844; x_wconf 63' lang='grc' dir='ltr'><strong>110Μὸ</strong></span> <span class='ocrx_word' id='word_1_336' title='bbox 488 2788 607 2853; x_wconf 89' lang='lat' dir='ltr'><strong>tenebat,</strong></span> <span class='ocrx_word' id='word_1_337' title='bbox 636 2785 770 2852; x_wconf 55' lang='lat' dir='ltr'><strong>thubam,</strong></span> <span class='ocrx_word' id='word_1_338' title='bbox 786 2786 821 2842; x_wconf 70' lang='lat' dir='ltr'><strong>de</strong></span> <span class='ocrx_word' id='word_1_339' title='bbox 842 2801 922 2841; x_wconf 58' lang='lat' dir='ltr'><strong>manu</strong></span> <span class='ocrx_word' id='word_1_340' title='bbox 973 2817 1036 2858; x_wconf 89' lang='lat' dir='ltr'><strong>reus</strong></span> <span class='ocrx_word' id='word_1_341' title='bbox 1050 2801 1115 2858; x_wconf 90' lang='lat' dir='ltr'><strong>crit.</strong></span> <span class='ocrx_word' id='word_1_342' title='bbox 1132 2802 1238 2860; x_wconf 84' lang='lat' dir='ltr'><strong>Deinde</strong></span> <span class='ocrx_word' id='word_1_343' title='bbox 1250 2820 1312 2861; x_wconf 92' lang='lat' dir='ltr'><strong>cum</strong></span> <span class='ocrx_word' id='word_1_344' title='bbox 1326 2805 1422 2862; x_wconf 89' lang='lat' dir='ltr'><strong>eadem</strong></span> <span class='ocrx_word' id='word_1_345' title='bbox 1433 2806 1551 2864; x_wconf 88' lang='lat' dir='ltr'><strong>ecclesis</strong></span> <span class='ocrx_word' id='word_1_346' title='bbox 1566 2808 1616 2865; x_wconf 89' lang='lat' dir='ltr'><strong>Dei</strong></span> <span class='ocrx_word' id='word_1_347' title='bbox 1631 2809 1776 2869; x_wconf 84' lang='lat' dir='ltr'><strong>doncere-</strong></span> 
     </span>
    </p>
   </div>
   <div class='ocr_carea' id='block_1_14' title="bbox 123 2874 1775 3034">
    <p class='ocr_par' dir='ltr' id='par_1_15' title="bbox 123 2874 1775 3034">
     <span class='ocr_line' id='line_1_43' title="bbox 124 2874 1775 2969; baseline -0.009 -33"><span class='ocrx_word' id='word_1_348' title='bbox 124 2897 174 2938; x_wconf 90' lang='lat' dir='ltr'><strong>sua</strong></span> <span class='ocrx_word' id='word_1_349' title='bbox 188 2880 287 2946; x_wconf 89' lang='lat' dir='ltr'><strong>emisit,</strong></span> <span class='ocrx_word' id='word_1_350' title='bbox 300 2885 326 2933; x_wconf 92' lang='lat' dir='ltr'><strong>et</strong></span> <span class='ocrx_word' id='word_1_351' title='bbox 340 2877 450 2934; x_wconf 83' lang='lat' dir='ltr'><strong>exclusa</strong></span> <span class='ocrx_word' id='word_1_352' title='bbox 464 2874 715 2932; x_wconf 79' lang='lat' dir='ltr'><strong>omnihaereditaria</strong></span> <span class='ocrx_word' id='word_1_353' title='bbox 730 2874 921 2945; x_wconf 87' lang='lat' dir='ltr'><strong>postulatione,</strong></span> <span class='ocrx_word' id='word_1_354' title='bbox 973 2889 1067 2956; x_wconf 47' lang='lat' dir='ltr'><strong>vissei,</strong></span> <span class='ocrx_word' id='word_1_355' title='bbox 1084 2898 1110 2946; x_wconf 53' lang='grc' dir='ltr'><strong>οι</strong></span> <span class='ocrx_word' id='word_1_356' title='bbox 1124 2892 1251 2948; x_wconf 54' lang='lat' dir='ltr'><strong>abbam„</strong></span> <span class='ocrx_word' id='word_1_357' title='bbox 1263 2893 1360 2965; x_wconf 55' lang='lat' dir='ltr'><strong>adem,</strong></span> <span class='ocrx_word' id='word_1_358' title='bbox 1374 2894 1481 2962; x_wconf 47' lang='lat' dir='ltr'><strong>fuisset,</strong></span> <span class='ocrx_word' id='word_1_359' title='bbox 1497 2896 1556 2969; x_wconf 56' lang='lat' dir='ltr'>ipse</span> <span class='ocrx_word' id='word_1_360' title='bbox 1571 2897 1670 2968; x_wconf 49' lang='lat' dir='ltr'><strong>abbas,</strong></span> <span class='ocrx_word' id='word_1_361' title='bbox 1686 2900 1775 2958; x_wconf 45' lang='lat' dir='ltr'><strong>Sche-</strong></span> 
     </span>
     <span class='ocr_line' id='line_1_44' title="bbox 123 2962 923 3034; baseline -0.009 -8"><span class='ocrx_word' id='word_1_362' title='bbox 123 2972 152 3026; x_wconf 92' lang='lat' dir='ltr'><strong>in</strong></span> <span class='ocrx_word' id='word_1_363' title='bbox 166 2977 288 3025; x_wconf 87' lang='lat' dir='ltr'><strong>nostram</strong></span> <span class='ocrx_word' id='word_1_364' title='bbox 312 2966 478 3022; x_wconf 91' lang='lat' dir='ltr'><strong>dominicam</strong></span> <span class='ocrx_word' id='word_1_365' title='bbox 502 2980 612 3020; x_wconf 90' lang='lat' dir='ltr'><strong>manum</strong></span> <span class='ocrx_word' id='word_1_366' title='bbox 639 2962 769 3034; x_wconf 89' lang='lat' dir='ltr'><strong>reposuit,</strong></span> <span class='ocrx_word' id='word_1_367' title='bbox 800 2963 923 3034; x_wconf 88' lang='lat' dir='ltr'><strong>nihilque</strong></span> 
     </span>
    </p>
   </div>
   <div class='ocr_carea' id='block_1_15' title="bbox 973 2979 1774 3055">
    <p class='ocr_par' dir='ltr' id='par_1_16' title="bbox 973 2979 1774 3055">
     <span class='ocr_line' id='line_1_45' title="bbox 973 2979 1774 3055; baseline 0.017 -22"><span class='ocrx_word' id='word_1_368' title='bbox 973 2995 1021 3034; x_wconf 88' lang='lat' dir='ltr'><strong>rus</strong></span> <span class='ocrx_word' id='word_1_369' title='bbox 1035 2979 1158 3051; x_wconf 90' lang='lat' dir='ltr'><strong>nomine,</strong></span> <span class='ocrx_word' id='word_1_370' title='bbox 1175 2980 1230 3037; x_wconf 85' lang='lat' dir='ltr'><strong>rita</strong></span> <span class='ocrx_word' id='word_1_371' title='bbox 1245 2991 1271 3038; x_wconf 91' lang='lat' dir='ltr'><strong>et</strong></span> <span class='ocrx_word' id='word_1_372' title='bbox 1297 2983 1419 3039; x_wconf 92' lang='lat' dir='ltr'><strong>moribus</strong></span> <span class='ocrx_word' id='word_1_373' title='bbox 1433 2985 1576 3055; x_wconf 86' lang='lat' dir='ltr'><strong>honestus,</strong></span> <span class='ocrx_word' id='word_1_374' title='bbox 1600 2995 1629 3044; x_wconf 91' lang='lat' dir='ltr'><strong>et</strong></span> <span class='ocrx_word' id='word_1_375' title='bbox 1657 2989 1774 3047; x_wconf 89' lang='lat' dir='ltr'><strong>consilio</strong></span> 
     </span>
    </p>
   </div>
   <div class='ocr_carea' id='block_1_16' title="bbox 123 3051 1774 3149">
    <p class='ocr_par' dir='ltr' id='par_1_17' title="bbox 123 3051 1774 3149">
     <span class='ocr_line' id='line_1_46' title="bbox 123 3051 1774 3149; baseline 0.005 -34"><span class='ocrx_word' id='word_1_376' title='bbox 123 3056 276 3116; x_wconf 89' lang='lat' dir='ltr'><strong>donationis</strong></span> <span class='ocrx_word' id='word_1_377' title='bbox 290 3055 332 3111; x_wconf 94' lang='lat' dir='ltr'><strong>vel</strong></span> <span class='ocrx_word' id='word_1_378' title='bbox 346 3054 505 3119; x_wconf 80' lang='lat' dir='ltr'><strong>advocatiae,</strong></span> <span class='ocrx_word' id='word_1_379' title='bbox 518 3053 583 3108; x_wconf 91' lang='lat' dir='ltr'><strong>nihil</strong></span> <span class='ocrx_word' id='word_1_380' title='bbox 599 3052 710 3108; x_wconf 91' lang='lat' dir='ltr'><strong>omnino</strong></span> <span class='ocrx_word' id='word_1_381' title='bbox 718 3051 788 3121; x_wconf 91' lang='lat' dir='ltr'><strong>juris</strong></span> <span class='ocrx_word' id='word_1_382' title='bbox 804 3051 919 3121; x_wconf 83' lang='lat' dir='ltr'><strong>alicujus</strong></span> <span class='ocrx_word' id='word_1_383' title='bbox 934 3067 960 3131; x_wconf 76' lang='lat' dir='ltr'>C</span> <span class='ocrx_word' id='word_1_384' title='bbox 974 3078 1115 3149; x_wconf 49' lang='lat' dir='ltr'><strong>providus,</strong></span> <span class='ocrx_word' id='word_1_385' title='bbox 1131 3080 1312 3137; x_wconf 60' lang='lat' dir='ltr'><strong>considemus</strong></span> <span class='ocrx_word' id='word_1_386' title='bbox 1327 3082 1456 3138; x_wconf 48' lang='lat' dir='ltr'><strong>mappam</strong></span> <span class='ocrx_word' id='word_1_387' title='bbox 1480 3084 1508 3138; x_wconf 67' lang='lat' dir='ltr'><strong>pn</strong></span> <span class='ocrx_word' id='word_1_388' title='bbox 1522 3083 1582 3141; x_wconf 62' lang='lat' dir='ltr'><strong>die,</strong></span> <span class='ocrx_word' id='word_1_389' title='bbox 1594 3085 1774 3145; x_wconf 57' lang='lat' dir='ltr'><strong>,mmm</strong></span> 
     </span>
    </p>
   </div>
   <div class='ocr_carea' id='block_1_17' title="bbox 121 3139 918 3661">
    <p class='ocr_par' dir='ltr' id='par_1_18' title="bbox 121 3139 918 3572">
     <span class='ocr_line' id='line_1_47' title="bbox 122 3139 916 3212; baseline -0.011 -7"><span class='ocrx_word' id='word_1_390' title='bbox 122 3150 149 3205; x_wconf 92' lang='lat' dir='ltr'><strong>iu</strong></span> <span class='ocrx_word' id='word_1_391' title='bbox 164 3163 246 3203; x_wconf 91' lang='lat' dir='ltr'><strong>manu</strong></span> <span class='ocrx_word' id='word_1_392' title='bbox 258 3160 309 3200; x_wconf 91' lang='lat' dir='ltr'><strong>sua</strong></span> <span class='ocrx_word' id='word_1_393' title='bbox 327 3143 449 3200; x_wconf 88' lang='lat' dir='ltr'><strong>retinuit.</strong></span> <span class='ocrx_word' id='word_1_394' title='bbox 464 3142 606 3199; x_wconf 87' lang='lat' dir='ltr'><strong>Gerardus</strong></span> <span class='ocrx_word' id='word_1_395' title='bbox 627 3156 736 3212; x_wconf 90' lang='lat' dir='ltr'><strong>quoque</strong></span> <span class='ocrx_word' id='word_1_396' title='bbox 750 3141 785 3195; x_wconf 92' lang='lat' dir='ltr'><strong>de</strong></span> <span class='ocrx_word' id='word_1_397' title='bbox 799 3139 916 3210; x_wconf 87' lang='lat' dir='ltr'><strong>Briccio,</strong></span> 
     </span>
     <span class='ocr_line' id='line_1_48' title="bbox 121 3229 917 3302; baseline -0.013 -8"><span class='ocrx_word' id='word_1_398' title='bbox 121 3237 193 3294; x_wconf 85' lang='lat' dir='ltr'><strong>lilius</strong></span> <span class='ocrx_word' id='word_1_399' title='bbox 222 3232 456 3302; x_wconf 62' lang='lat' dir='ltr'><strong>ultriciaque</strong></span> <span class='ocrx_word' id='word_1_400' title='bbox 484 3230 624 3286; x_wconf 91' lang='lat' dir='ltr'><strong>homiuum</strong></span> <span class='ocrx_word' id='word_1_401' title='bbox 656 3229 796 3300; x_wconf 88' lang='lat' dir='ltr'><strong>utriusque</strong></span> <span class='ocrx_word' id='word_1_402' title='bbox 825 3245 917 3296; x_wconf 86' lang='lat' dir='ltr'><strong>sexus,</strong></span> 
     </span>
     <span class='ocr_line' id='line_1_49' title="bbox 123 3317 918 3399; baseline -0.01 -18"><span class='ocrx_word' id='word_1_403' title='bbox 123 3331 266 3399; x_wconf 88' lang='lat' dir='ltr'><strong>quotquot,</strong></span> <span class='ocrx_word' id='word_1_404' title='bbox 281 3321 308 3375; x_wconf 94' lang='lat' dir='ltr'><strong>in</strong></span> <span class='ocrx_word' id='word_1_405' title='bbox 323 3320 418 3375; x_wconf 87' lang='lat' dir='ltr'><strong>eadem</strong></span> <span class='ocrx_word' id='word_1_406' title='bbox 433 3319 498 3374; x_wconf 83' lang='lat' dir='ltr'><strong>villa</strong></span> <span class='ocrx_word' id='word_1_407' title='bbox 516 3325 730 3381; x_wconf 87' lang='lat' dir='ltr'><strong>commanentes,</strong></span> <span class='ocrx_word' id='word_1_408' title='bbox 747 3317 822 3388; x_wconf 91' lang='lat' dir='ltr'><strong>quod</strong></span> <span class='ocrx_word' id='word_1_409' title='bbox 838 3332 918 3373; x_wconf 90' lang='lat' dir='ltr'><strong>ano-</strong></span> 
     </span>
     <span class='ocr_line' id='line_1_50' title="bbox 123 3405 918 3476; baseline -0.009 -7"><span class='ocrx_word' id='word_1_410' title='bbox 123 3415 164 3469; x_wconf 88' lang='lat' dir='ltr'><strong>bis</strong></span> <span class='ocrx_word' id='word_1_411' title='bbox 179 3408 478 3476; x_wconf 87' lang='lat' dir='ltr'><strong>inbenehcictenehat,</strong></span> <span class='ocrx_word' id='word_1_412' title='bbox 509 3407 535 3462; x_wconf 91' lang='lat' dir='ltr'><strong>iu</strong></span> <span class='ocrx_word' id='word_1_413' title='bbox 547 3405 713 3462; x_wconf 91' lang='lat' dir='ltr'><strong>dominicam</strong></span> <span class='ocrx_word' id='word_1_414' title='bbox 728 3421 837 3460; x_wconf 90' lang='lat' dir='ltr'><strong>manum</strong></span> <span class='ocrx_word' id='word_1_415' title='bbox 866 3422 918 3462; x_wconf 91' lang='lat' dir='ltr'><strong>no·</strong></span> 
     </span>
     <span class='ocr_line' id='line_1_51' title="bbox 121 3498 349 3572; baseline -0.026 -13"><span class='ocrx_word' id='word_1_416' title='bbox 121 3512 203 3560; x_wconf 87' lang='lat' dir='ltr'><strong>atram</strong></span> <span class='ocrx_word' id='word_1_417' title='bbox 217 3498 349 3572; x_wconf 88' lang='lat' dir='ltr'><strong>reposuit.</strong></span> 
     </span>
    </p>

    <p class='ocr_par' dir='ltr' id='par_1_19' title="bbox 158 3582 918 3661">
     <span class='ocr_line' id='line_1_52' title="bbox 158 3582 918 3661; baseline -0.009 -15"><span class='ocrx_word' id='word_1_418' title='bbox 158 3592 260 3649; x_wconf 85' lang='lat' dir='ltr'><strong>ilerum</strong></span> <span class='ocrx_word' id='word_1_419' title='bbox 276 3588 359 3661; x_wconf 79' lang='lat' dir='ltr'><strong>igitur</strong></span> <span class='ocrx_word' id='word_1_420' title='bbox 373 3584 513 3643; x_wconf 87' lang='lat' dir='ltr'><strong>devotioni</strong></span> <span class='ocrx_word' id='word_1_421' title='bbox 527 3582 759 3657; x_wconf 74' lang='lat' dir='ltr'><strong>congratulantes,</strong></span> <span class='ocrx_word' id='word_1_422' title='bbox 776 3599 826 3639; x_wconf 89' lang='lat' dir='ltr'><strong>nos</strong></span> <span class='ocrx_word' id='word_1_423' title='bbox 836 3583 918 3640; x_wconf 87' lang='lat' dir='ltr'><strong>ctiam</strong></span> 
     </span>
    </p>
   </div>
   <div class='ocr_carea' id='block_1_18' title="bbox 119 3673 917 3832">
    <p class='ocr_par' dir='ltr' id='par_1_20' title="bbox 119 3673 917 3832">
     <span class='ocr_line' id='line_1_53' title="bbox 119 3673 917 3756; baseline -0.013 -18"><span class='ocrx_word' id='word_1_424' title='bbox 119 3687 250 3756; x_wconf 88' lang='lat' dir='ltr'><strong>quotquot</strong></span> <span class='ocrx_word' id='word_1_425' title='bbox 265 3675 534 3734; x_wconf 88' lang='lat' dir='ltr'><strong>hominesineadem</strong></span> <span class='ocrx_word' id='word_1_426' title='bbox 557 3673 622 3729; x_wconf 86' lang='lat' dir='ltr'><strong>villu</strong></span> <span class='ocrx_word' id='word_1_427' title='bbox 649 3680 857 3729; x_wconf 86' lang='lat' dir='ltr'><strong>commanentes</strong></span> <span class='ocrx_word' id='word_1_428' title='bbox 882 3673 917 3728; x_wconf 90' lang='lat' dir='ltr'><strong>ad</strong></span> 
     </span>
     <span class='ocr_line' id='line_1_54' title="bbox 120 3756 917 3832; baseline -0.014 -7"><span class='ocrx_word' id='word_1_429' title='bbox 120 3776 243 3825; x_wconf 91' lang='lat' dir='ltr'><strong>nostram</strong></span> <span class='ocrx_word' id='word_1_430' title='bbox 269 3777 392 3819; x_wconf 88' lang='lat' dir='ltr'><strong>mensam</strong></span> <span class='ocrx_word' id='word_1_431' title='bbox 416 3759 584 3832; x_wconf 87' lang='lat' dir='ltr'><strong>pertinentes</strong></span> <span class='ocrx_word' id='word_1_432' title='bbox 598 3757 776 3824; x_wconf 86' lang='lat' dir='ltr'><strong>habebamus,</strong></span> <span class='ocrx_word' id='word_1_433' title='bbox 798 3756 832 3813; x_wconf 88' lang='lat' dir='ltr'><strong>ad</strong></span> <span class='ocrx_word' id='word_1_434' title='bbox 852 3757 917 3814; x_wconf 91' lang='lat' dir='ltr'><strong>inte·</strong></span> 
     </span>
    </p>
   </div>
   <div class='ocr_carea' id='block_1_19' title="bbox 118 3845 917 4369">
    <p class='ocr_par' dir='ltr' id='par_1_21' title="bbox 118 3845 917 4369">
     <span class='ocr_line' id='line_1_55' title="bbox 119 3845 917 3933; baseline -0.013 -19"><span class='ocrx_word' id='word_1_435' title='bbox 119 3858 246 3933; x_wconf 62' lang='lat' dir='ltr'><strong>finitatem</strong></span> <span class='ocrx_word' id='word_1_436' title='bbox 261 3851 425 3909; x_wconf 88' lang='lat' dir='ltr'><strong>dominicam</strong></span> <span class='ocrx_word' id='word_1_437' title='bbox 441 3850 476 3905; x_wconf 93' lang='lat' dir='ltr'><strong>de</strong></span> <span class='ocrx_word' id='word_1_438' title='bbox 491 3847 562 3904; x_wconf 87' lang='lat' dir='ltr'><strong>victu</strong></span> <span class='ocrx_word' id='word_1_439' title='bbox 577 3854 672 3903; x_wconf 90' lang='lat' dir='ltr'><strong>nostro</strong></span> <span class='ocrx_word' id='word_1_440' title='bbox 688 3845 917 3904; x_wconf 80' lang='lat' dir='ltr'><strong>emisimusflanc</strong></span> 
     </span>
     <span class='ocr_line' id='line_1_56' title="bbox 121 3935 916 4022; baseline -0.021 -15"><span class='ocrx_word' id='word_1_441' title='bbox 121 3964 189 4022; x_wconf 74' lang='lat' dir='ltr'><strong>ergo</strong></span> <span class='ocrx_word' id='word_1_442' title='bbox 204 3944 305 4010; x_wconf 87' lang='lat' dir='ltr'><strong>villam,</strong></span> <span class='ocrx_word' id='word_1_443' title='bbox 317 3957 379 3998; x_wconf 92' lang='lat' dir='ltr'><strong>cum</strong></span> <span class='ocrx_word' id='word_1_444' title='bbox 403 3938 587 4010; x_wconf 72' lang='lat' dir='ltr'><strong>redintegrata</strong></span> <span class='ocrx_word' id='word_1_445' title='bbox 608 3935 737 3992; x_wconf 87' lang='lat' dir='ltr'><strong>memhris</strong></span> <span class='ocrx_word' id='word_1_446' title='bbox 753 3937 851 3991; x_wconf 89' lang='lat' dir='ltr'><strong>suiset</strong></span> <span class='ocrx_word' id='word_1_447' title='bbox 871 3935 916 3990; x_wconf 91' lang='lat' dir='ltr'><strong>in·</strong></span> 
     </span>
     <span class='ocr_line' id='line_1_57' title="bbox 121 4022 916 4097; baseline -0.02 -1"><span class='ocrx_word' id='word_1_448' title='bbox 121 4036 285 4096; x_wconf 86' lang='lat' dir='ltr'><strong>dominicata</strong></span> <span class='ocrx_word' id='word_1_449' title='bbox 300 4030 406 4097; x_wconf 89' lang='lat' dir='ltr'><strong>luisset,</strong></span> <span class='ocrx_word' id='word_1_450' title='bbox 427 4027 542 4085; x_wconf 90' lang='lat' dir='ltr'><strong>consilio</strong></span> <span class='ocrx_word' id='word_1_451' title='bbox 559 4033 584 4081; x_wconf 93' lang='lat' dir='ltr'><strong>et</strong></span> <span class='ocrx_word' id='word_1_452' title='bbox 600 4041 717 4081; x_wconf 89' lang='lat' dir='ltr'><strong>assensu</strong></span> <span class='ocrx_word' id='word_1_453' title='bbox 745 4022 916 4096; x_wconf 87' lang='lat' dir='ltr'><strong>supradicto-</strong></span> 
     </span>
     <span class='ocr_line' id='line_1_58' title="bbox 120 4113 915 4191; baseline -0.02 -5"><span class='ocrx_word' id='word_1_454' title='bbox 120 4145 179 4186; x_wconf 90' lang='lat' dir='ltr'><strong>rum</strong></span> <span class='ocrx_word' id='word_1_455' title='bbox 195 4125 325 4189; x_wconf 85' lang='lat' dir='ltr'><strong>virorum,</strong></span> <span class='ocrx_word' id='word_1_456' title='bbox 345 4135 428 4191; x_wconf 92' lang='lat' dir='ltr'><strong>super</strong></span> <span class='ocrx_word' id='word_1_457' title='bbox 452 4117 538 4173; x_wconf 86' lang='lat' dir='ltr'><strong>altare</strong></span> <span class='ocrx_word' id='word_1_458' title='bbox 561 4114 634 4171; x_wconf 91' lang='lat' dir='ltr'><strong>beati</strong></span> <span class='ocrx_word' id='word_1_459' title='bbox 648 4114 746 4171; x_wconf 84' lang='lat' dir='ltr'><strong>Leonis</strong></span> <span class='ocrx_word' id='word_1_460' title='bbox 771 4113 854 4169; x_wconf 91' lang='lat' dir='ltr'><strong>libere</strong></span> <span class='ocrx_word' id='word_1_461' title='bbox 869 4130 915 4171; x_wconf 90' lang='lat' dir='ltr'><strong>re-</strong></span> 
     </span>
     <span class='ocr_line' id='line_1_59' title="bbox 118 4202 915 4292; baseline -0.016 -18"><span class='ocrx_word' id='word_1_462' title='bbox 118 4216 269 4292; x_wconf 90' lang='lat' dir='ltr'><strong>posuimus,</strong></span> <span class='ocrx_word' id='word_1_463' title='bbox 286 4214 313 4266; x_wconf 89' lang='lat' dir='ltr'><strong>et</strong></span> <span class='ocrx_word' id='word_1_464' title='bbox 327 4209 362 4265; x_wconf 90' lang='lat' dir='ltr'><strong>ad</strong></span> <span class='ocrx_word' id='word_1_465' title='bbox 378 4206 554 4279; x_wconf 80' lang='lat' dir='ltr'><strong>praebendam</strong></span> <span class='ocrx_word' id='word_1_466' title='bbox 576 4203 689 4259; x_wconf 77' lang='lat' dir='ltr'><strong>fratrum</strong></span> <span class='ocrx_word' id='word_1_467' title='bbox 703 4202 772 4258; x_wconf 91' lang='lat' dir='ltr'><strong>inibi</strong></span> <span class='ocrx_word' id='word_1_468' title='bbox 798 4203 915 4261; x_wconf 89' lang='lat' dir='ltr'><strong>Domino</strong></span> 
     </span>
     <span class='ocr_line' id='line_1_60' title="bbox 121 4291 914 4369; baseline -0.02 -7"><span class='ocrx_word' id='word_1_469' title='bbox 121 4302 300 4362; x_wconf 89' lang='lat' dir='ltr'><strong>servientium</strong></span> <span class='ocrx_word' id='word_1_470' title='bbox 315 4297 367 4369; x_wconf 90' lang='lat' dir='ltr'><strong>ipsi</strong></span> <span class='ocrx_word' id='word_1_471' title='bbox 382 4294 506 4353; x_wconf 88' lang='lat' dir='ltr'><strong>ecclesiae</strong></span> <span class='ocrx_word' id='word_1_472' title='bbox 520 4293 548 4348; x_wconf 92' lang='lat' dir='ltr'><strong>in</strong></span> <span class='ocrx_word' id='word_1_473' title='bbox 563 4301 696 4365; x_wconf 88' lang='lat' dir='ltr'><strong>perpetuo</strong></span> <span class='ocrx_word' id='word_1_474' title='bbox 719 4291 914 4364; x_wconf 84' lang='lat' dir='ltr'><strong>possidendam</strong></span> 
     </span>
    </p>
   </div>
   <div class='ocr_carea' id='block_1_20' title="bbox 969 3166 1773 4144">
    <p class='ocr_par' dir='ltr' id='par_1_22' title="bbox 969 3166 1773 4144">
     <span class='ocr_line' id='line_1_61' title="bbox 974 3166 1773 3243; baseline 0.019 -23"><span class='ocrx_word' id='word_1_475' title='bbox 974 3166 1125 3238; x_wconf 85' lang='lat' dir='ltr'><strong>bominum,</strong></span> <span class='ocrx_word' id='word_1_476' title='bbox 1137 3176 1165 3224; x_wconf 93' lang='lat' dir='ltr'><strong>et</strong></span> <span class='ocrx_word' id='word_1_477' title='bbox 1179 3184 1339 3240; x_wconf 79' lang='lat' dir='ltr'><strong>praecavens</strong></span> <span class='ocrx_word' id='word_1_478' title='bbox 1360 3171 1388 3226; x_wconf 91' lang='lat' dir='ltr'><strong>in</strong></span> <span class='ocrx_word' id='word_1_479' title='bbox 1412 3180 1564 3243; x_wconf 89' lang='lat' dir='ltr'><strong>posterum,</strong></span> <span class='ocrx_word' id='word_1_480' title='bbox 1579 3182 1606 3230; x_wconf 90' lang='lat' dir='ltr'><strong>et</strong></span> <span class='ocrx_word' id='word_1_481' title='bbox 1628 3177 1773 3234; x_wconf 67' lang='lat' dir='ltr'><strong>amnuens</strong></span> 
     </span>
     <span class='ocr_line' id='line_1_62' title="bbox 973 3256 1773 3332; baseline 0.014 -21"><span class='ocrx_word' id='word_1_482' title='bbox 973 3256 1032 3312; x_wconf 90' lang='lat' dir='ltr'><strong>sine</strong></span> <span class='ocrx_word' id='word_1_483' title='bbox 1046 3256 1213 3327; x_wconf 86' lang='lat' dir='ltr'><strong>providentia</strong></span> <span class='ocrx_word' id='word_1_484' title='bbox 1237 3259 1353 3328; x_wconf 82' lang='lat' dir='ltr'><strong>alicujus</strong></span> <span class='ocrx_word' id='word_1_485' title='bbox 1372 3260 1502 3332; x_wconf 89' lang='lat' dir='ltr'><strong>principis</strong></span> <span class='ocrx_word' id='word_1_486' title='bbox 1529 3263 1657 3320; x_wconf 87' lang='lat' dir='ltr'><strong>eamdem</strong></span> <span class='ocrx_word' id='word_1_487' title='bbox 1682 3266 1773 3322; x_wconf 79' lang='lat' dir='ltr'><strong>villam</strong></span> 
     </span>
     <span class='ocr_line' id='line_1_63' title="bbox 972 3344 1773 3412; baseline 0.015 -12"><span class='ocrx_word' id='word_1_488' title='bbox 972 3346 1007 3401; x_wconf 89' lang='lat' dir='ltr'><strong>ab</strong></span> <span class='ocrx_word' id='word_1_489' title='bbox 1020 3344 1240 3404; x_wconf 85' lang='lat' dir='ltr'><strong>infestationibus</strong></span> <span class='ocrx_word' id='word_1_490' title='bbox 1250 3348 1455 3407; x_wconf 81' lang='lat' dir='ltr'><strong>malefactorum</strong></span> <span class='ocrx_word' id='word_1_491' title='bbox 1466 3366 1592 3408; x_wconf 89' lang='lat' dir='ltr'><strong>securam</strong></span> <span class='ocrx_word' id='word_1_492' title='bbox 1606 3354 1773 3412; x_wconf 91' lang='lat' dir='ltr'><strong>nullomodo</strong></span> 
     </span>
     <span class='ocr_line' id='line_1_64' title="bbox 972 3443 1772 3519; baseline 0.015 -20"><span class='ocrx_word' id='word_1_493' title='bbox 972 3458 1021 3514; x_wconf 91' lang='lat' dir='ltr'><strong>pcr</strong></span> <span class='ocrx_word' id='word_1_494' title='bbox 1034 3460 1065 3500; x_wconf 91' lang='lat' dir='ltr'><strong>se</strong></span> <span class='ocrx_word' id='word_1_495' title='bbox 1079 3443 1209 3512; x_wconf 84' lang='lat' dir='ltr'><strong>existere,</strong></span> <span class='ocrx_word' id='word_1_496' title='bbox 1222 3454 1314 3502; x_wconf 90' lang='lat' dir='ltr'><strong>nostro</strong></span> <span class='ocrx_word' id='word_1_497' title='bbox 1328 3455 1354 3503; x_wconf 91' lang='lat' dir='ltr'><strong>et</strong></span> <span class='ocrx_word' id='word_1_498' title='bbox 1366 3447 1558 3519; x_wconf 81' lang='lat' dir='ltr'><strong>religiosorum</strong></span> <span class='ocrx_word' id='word_1_499' title='bbox 1570 3449 1694 3508; x_wconf 85' lang='lat' dir='ltr'><strong>uirorum</strong></span> <span class='ocrx_word' id='word_1_500' title='bbox 1702 3453 1772 3511; x_wconf 92' lang='lat' dir='ltr'><strong>bone</strong></span> 
     </span>
     <span class='ocr_line' id='line_1_65' title="bbox 971 3533 1771 3614; baseline 0.016 -27"><span class='ocrx_word' id='word_1_501' title='bbox 971 3547 1038 3587; x_wconf 90' lang='lat' dir='ltr'><strong>usus</strong></span> <span class='ocrx_word' id='word_1_502' title='bbox 1057 3533 1182 3601; x_wconf 89' lang='lat' dir='ltr'><strong>consilio,</strong></span> <span class='ocrx_word' id='word_1_503' title='bbox 1193 3550 1255 3590; x_wconf 93' lang='lat' dir='ltr'><strong>cum</strong></span> <span class='ocrx_word' id='word_1_504' title='bbox 1270 3551 1320 3605; x_wconf 94' lang='lat' dir='ltr'><strong>pre</strong></span> <span class='ocrx_word' id='word_1_505' title='bbox 1348 3537 1466 3608; x_wconf 87' lang='lat' dir='ltr'><strong>quedam</strong></span> <span class='ocrx_word' id='word_1_506' title='bbox 1481 3538 1592 3611; x_wconf 84' lang='lat' dir='ltr'><strong>negotio</strong></span> <span class='ocrx_word' id='word_1_507' title='bbox 1607 3556 1663 3614; x_wconf 73' lang='lat' dir='ltr'><strong>ego</strong></span> <span class='ocrx_word' id='word_1_508' title='bbox 1676 3550 1705 3599; x_wconf 90' lang='lat' dir='ltr'><strong>et</strong></span> <span class='ocrx_word' id='word_1_509' title='bbox 1719 3542 1771 3600; x_wconf 85' lang='lat' dir='ltr'><strong>dux</strong></span> 
     </span>
     <span class='ocr_line' id='line_1_66' title="bbox 971 3621 1771 3696; baseline 0.016 -20"><span class='ocrx_word' id='word_1_510' title='bbox 971 3621 1166 3689; x_wconf 86' lang='lat' dir='ltr'><strong>Theodericus,</strong></span> <span class='ocrx_word' id='word_1_511' title='bbox 1182 3630 1208 3678; x_wconf 91' lang='lat' dir='ltr'><strong>et</strong></span> <span class='ocrx_word' id='word_1_512' title='bbox 1222 3623 1316 3680; x_wconf 88' lang='lat' dir='ltr'><strong>Simon</strong></span> <span class='ocrx_word' id='word_1_513' title='bbox 1326 3642 1394 3696; x_wconf 89' lang='lat' dir='ltr'><strong>puer</strong></span> <span class='ocrx_word' id='word_1_514' title='bbox 1408 3626 1469 3696; x_wconf 88' lang='lat' dir='ltr'><strong>ejus</strong></span> <span class='ocrx_word' id='word_1_515' title='bbox 1482 3625 1565 3696; x_wconf 85' lang='lat' dir='ltr'><strong>lilius,</strong></span> <span class='ocrx_word' id='word_1_516' title='bbox 1581 3637 1608 3684; x_wconf 90' lang='lat' dir='ltr'><strong>et</strong></span> <span class='ocrx_word' id='word_1_517' title='bbox 1623 3629 1709 3688; x_wconf 83' lang='lat' dir='ltr'><strong>irater</strong></span> <span class='ocrx_word' id='word_1_518' title='bbox 1724 3631 1771 3688; x_wconf 91' lang='lat' dir='ltr'><strong>du·</strong></span> 
     </span>
     <span class='ocr_line' id='line_1_67' title="bbox 971 3708 1769 3781; baseline 0.016 -17"><span class='ocrx_word' id='word_1_519' title='bbox 971 3709 1012 3765; x_wconf 90' lang='lat' dir='ltr'><strong>cis</strong></span> <span class='ocrx_word' id='word_1_520' title='bbox 1024 3708 1164 3768; x_wconf 87' lang='lat' dir='ltr'><strong>Gerardus</strong></span> <span class='ocrx_word' id='word_1_521' title='bbox 1178 3726 1282 3781; x_wconf 91' lang='lat' dir='ltr'><strong>comes,</strong></span> <span class='ocrx_word' id='word_1_522' title='bbox 1298 3721 1325 3770; x_wconf 91' lang='lat' dir='ltr'><strong>et</strong></span> <span class='ocrx_word' id='word_1_523' title='bbox 1345 3714 1494 3772; x_wconf 83' lang='lat' dir='ltr'><strong>lienardus</strong></span> <span class='ocrx_word' id='word_1_524' title='bbox 1509 3731 1603 3774; x_wconf 88' lang='lat' dir='ltr'><strong>comes</strong></span> <span class='ocrx_word' id='word_1_525' title='bbox 1629 3719 1769 3776; x_wconf 71' lang='lat' dir='ltr'><strong>bullensis</strong></span> 
     </span>
     <span class='ocr_line' id='line_1_68' title="bbox 971 3804 1769 3892; baseline 0.018 -30"><span class='ocrx_word' id='word_1_526' title='bbox 971 3813 997 3862; x_wconf 90' lang='lat' dir='ltr'><strong>et</strong></span> <span class='ocrx_word' id='word_1_527' title='bbox 1011 3804 1058 3862; x_wconf 89' lang='lat' dir='ltr'><strong>alii</strong></span> <span class='ocrx_word' id='word_1_528' title='bbox 1073 3807 1265 3880; x_wconf 89' lang='lat' dir='ltr'><strong>quamplurimi</strong></span> <span class='ocrx_word' id='word_1_529' title='bbox 1279 3809 1422 3880; x_wconf 90' lang='lat' dir='ltr'><strong>nobilium,</strong></span> <span class='ocrx_word' id='word_1_530' title='bbox 1436 3819 1490 3868; x_wconf 88' lang='lat' dir='ltr'><strong>tam</strong></span> <span class='ocrx_word' id='word_1_531' title='bbox 1505 3813 1673 3873; x_wconf 92' lang='lat' dir='ltr'><strong>clericorum</strong></span> <span class='ocrx_word' id='word_1_532' title='bbox 1688 3835 1769 3892; x_wconf 87' lang='lat' dir='ltr'><strong>qaam</strong></span> 
     </span>
     <span class='ocr_line' id='line_1_69' title="bbox 970 3894 1769 3977; baseline 0.019 -27"><span class='ocrx_word' id='word_1_533' title='bbox 970 3894 1113 3961; x_wconf 86' lang='lat' dir='ltr'><strong>laicorum,</strong></span> <span class='ocrx_word' id='word_1_534' title='bbox 1128 3895 1163 3952; x_wconf 89' lang='lat' dir='ltr'><strong>ad</strong></span> <span class='ocrx_word' id='word_1_535' title='bbox 1178 3897 1328 3956; x_wconf 78' lang='lat' dir='ltr'><strong>chantenoi</strong></span> <span class='ocrx_word' id='word_1_536' title='bbox 1342 3898 1369 3954; x_wconf 90' lang='lat' dir='ltr'><strong>in</strong></span> <span class='ocrx_word' id='word_1_537' title='bbox 1385 3918 1469 3957; x_wconf 90' lang='lat' dir='ltr'><strong>unum</strong></span> <span class='ocrx_word' id='word_1_538' title='bbox 1483 3904 1725 3977; x_wconf 85' lang='lat' dir='ltr'><strong>convenissemus,</strong></span> <span class='ocrx_word' id='word_1_539' title='bbox 1742 3909 1769 3965; x_wconf 92' lang='lat' dir='ltr'><strong>in</strong></span> 
     </span>
     <span class='ocr_line' id='line_1_70' title="bbox 969 3985 1770 4065; baseline 0.02 -26"><span class='ocrx_word' id='word_1_540' title='bbox 969 4000 1052 4040; x_wconf 91' lang='lat' dir='ltr'><strong>manu</strong></span> <span class='ocrx_word' id='word_1_541' title='bbox 1061 3985 1147 4056; x_wconf 89' lang='lat' dir='ltr'><strong>ipsiu</strong></span> <span class='ocrx_word' id='word_1_542' title='bbox 1161 3985 1240 4043; x_wconf 90' lang='lat' dir='ltr'><strong>ducis</strong></span> <span class='ocrx_word' id='word_1_543' title='bbox 1255 3995 1282 4043; x_wconf 91' lang='lat' dir='ltr'><strong>et</strong></span> <span class='ocrx_word' id='word_1_544' title='bbox 1308 3990 1607 4064; x_wconf 76' lang='lat' dir='ltr'><strong>custodiampraedictae</strong></span> <span class='ocrx_word' id='word_1_545' title='bbox 1635 3996 1719 4065; x_wconf 79' lang='lat' dir='ltr'><strong>rittae,</strong></span> <span class='ocrx_word' id='word_1_546' title='bbox 1744 4005 1770 4054; x_wconf 87' lang='lat' dir='ltr'><strong>et</strong></span> 
     </span>
     <span class='ocr_line' id='line_1_71' title="bbox 970 4074 1769 4144; baseline 0.018 -14"><span class='ocrx_word' id='word_1_547' title='bbox 970 4090 1025 4130; x_wconf 94' lang='lat' dir='ltr'><strong>non</strong></span> <span class='ocrx_word' id='word_1_548' title='bbox 1036 4074 1217 4142; x_wconf 76' lang='lat' dir='ltr'><strong>advocatiam,</strong></span> <span class='ocrx_word' id='word_1_549' title='bbox 1234 4077 1614 4139; x_wconf 87' lang='lat' dir='ltr'><strong>nobisomnibusridentibus</strong></span> <span class='ocrx_word' id='word_1_550' title='bbox 1628 4086 1769 4144; x_wconf 62' lang='lat' dir='ltr'><strong>aaudiat&gt;</strong></span> 
     </span>
    </p>
   </div>
   <div class='ocr_carea' id='block_1_21' title="bbox 968 4170 1768 4341">
    <p class='ocr_par' dir='ltr' id='par_1_23' title="bbox 968 4170 1768 4341">
     <span class='ocr_line' id='line_1_72' title="bbox 968 4170 1768 4253; baseline 0.019 -28"><span class='ocrx_word' id='word_1_551' title='bbox 968 4170 1051 4237; x_wconf 90' lang='lat' dir='ltr'><strong>tibus,</strong></span> <span class='ocrx_word' id='word_1_552' title='bbox 1068 4170 1154 4227; x_wconf 89' lang='lat' dir='ltr'><strong>abhas</strong></span> <span class='ocrx_word' id='word_1_553' title='bbox 1168 4172 1301 4243; x_wconf 89' lang='lat' dir='ltr'><strong>reposuit,</strong></span> <span class='ocrx_word' id='word_1_554' title='bbox 1316 4181 1343 4231; x_wconf 90' lang='lat' dir='ltr'><strong>et</strong></span> <span class='ocrx_word' id='word_1_555' title='bbox 1357 4191 1409 4247; x_wconf 86' lang='lat' dir='ltr'><strong>pro</strong></span> <span class='ocrx_word' id='word_1_556' title='bbox 1423 4177 1547 4235; x_wconf 87' lang='lat' dir='ltr'><strong>custodia</strong></span> <span class='ocrx_word' id='word_1_557' title='bbox 1556 4179 1678 4253; x_wconf 72' lang='lat' dir='ltr'><strong>singulis</strong></span> <span class='ocrx_word' id='word_1_558' title='bbox 1691 4182 1768 4239; x_wconf 86' lang='lat' dir='ltr'><strong>annis</strong></span> 
     </span>
     <span class='ocr_line' id='line_1_73' title="bbox 968 4261 1768 4341; baseline 0.016 -24"><span class='ocrx_word' id='word_1_559' title='bbox 968 4264 1075 4331; x_wconf 85' lang='lat' dir='ltr'><strong>septem</strong></span> <span class='ocrx_word' id='word_1_560' title='bbox 1085 4261 1192 4318; x_wconf 88' lang='lat' dir='ltr'><strong>modios</strong></span> <span class='ocrx_word' id='word_1_561' title='bbox 1206 4262 1261 4318; x_wconf 90' lang='lat' dir='ltr'><strong>vini</strong></span> <span class='ocrx_word' id='word_1_562' title='bbox 1288 4271 1315 4320; x_wconf 91' lang='lat' dir='ltr'><strong>et</strong></span> <span class='ocrx_word' id='word_1_563' title='bbox 1329 4264 1471 4322; x_wconf 88' lang='lat' dir='ltr'><strong>dimidium</strong></span> <span class='ocrx_word' id='word_1_564' title='bbox 1486 4268 1514 4323; x_wconf 89' lang='lat' dir='ltr'><strong>in</strong></span> <span class='ocrx_word' id='word_1_565' title='bbox 1541 4267 1679 4341; x_wconf 86' lang='lat' dir='ltr'><strong>ipsarills</strong></span> <span class='ocrx_word' id='word_1_566' title='bbox 1707 4272 1768 4331; x_wconf 90' lang='lat' dir='ltr'><strong>duci</strong></span> 
     </span>
    </p>
   </div>
   <div class='ocr_carea' id='block_1_22' title="bbox 119 4349 1768 4555">
    <p class='ocr_par' dir='ltr' id='par_1_24' title="bbox 119 4349 1768 4555">
     <span class='ocr_line' id='line_1_74' title="bbox 120 4349 1768 4463; baseline -0.003 -14"><span class='ocrx_word' id='word_1_567' title='bbox 120 4395 170 4451; x_wconf 90' lang='lat' dir='ltr'><strong>sub</strong></span> <span class='ocrx_word' id='word_1_568' title='bbox 186 4390 356 4447; x_wconf 87' lang='lat' dir='ltr'><strong>anathemate</strong></span> <span class='ocrx_word' id='word_1_569' title='bbox 372 4382 605 4442; x_wconf 87' lang='lat' dir='ltr'><strong>confirmavimus.</strong></span> <span class='ocrx_word' id='word_1_570' title='bbox 636 4381 819 4453; x_wconf 88' lang='lat' dir='ltr'><strong>lleposuimus</strong></span> <span class='ocrx_word' id='word_1_571' title='bbox 833 4379 913 4437; x_wconf 87' lang='lat' dir='ltr'><strong>etism</strong></span> <span class='ocrx_word' id='word_1_572' title='bbox 968 4349 1092 4449; x_wconf 41' lang='lat' dir='ltr'><strong>“diere</strong></span> <span class='ocrx_word' id='word_1_573' title='bbox 1106 4359 1244 4451; x_wconf 60' lang='lat'>⁰⁰³⁰⁰?⁵¹‘</span> <span class='ocrx_word' id='word_1_574' title='bbox 1259 4352 1352 4425; x_wconf 70' lang='lat' dir='ltr'>3q⁰⁰d</span> <span class='ocrx_word' id='word_1_575' title='bbox 1371 4354 1403 4453; x_wconf 42' lang='grc' dir='ltr'><strong>,ἡ</strong></span> <span class='ocrx_word' id='word_1_576' title='bbox 1416 4355 1572 4456; x_wconf 57' lang='grc' dir='ltr'><strong>ῪῙΠῙΨῙΨ</strong></span> <span class='ocrx_word' id='word_1_577' title='bbox 1599 4358 1695 4461; x_wconf 58' lang='lat' dir='ltr'><strong>suefssr</strong></span> <span class='ocrx_word' id='word_1_578' title='bbox 1724 4370 1768 4463; x_wconf 55' lang='lat'><strong>⁸¹¹}</strong></span> 
     </span>
     <span class='ocr_line' id='line_1_75' title="bbox 119 4433 1767 4555; baseline -0.001 -20"><span class='ocrx_word' id='word_1_579' title='bbox 119 4498 201 4555; x_wconf 86' lang='lat' dir='ltr'><strong>super</strong></span> <span class='ocrx_word' id='word_1_580' title='bbox 214 4482 302 4551; x_wconf 90' lang='lat' dir='ltr'><strong>ipsum</strong></span> <span class='ocrx_word' id='word_1_581' title='bbox 314 4476 401 4531; x_wconf 86' lang='lat' dir='ltr'><strong>altare</strong></span> <span class='ocrx_word' id='word_1_582' title='bbox 418 4471 491 4528; x_wconf 88' lang='lat' dir='ltr'><strong>beati</strong></span> <span class='ocrx_word' id='word_1_583' title='bbox 507 4469 614 4536; x_wconf 84' lang='lat' dir='ltr'><strong>Leonis,</strong></span> <span class='ocrx_word' id='word_1_584' title='bbox 630 4469 658 4524; x_wconf 92' lang='lat' dir='ltr'><strong>in</strong></span> <span class='ocrx_word' id='word_1_585' title='bbox 673 4468 764 4526; x_wconf 83' lang='lat' dir='ltr'><strong>banno</strong></span> <span class='ocrx_word' id='word_1_586' title='bbox 793 4477 819 4525; x_wconf 92' lang='lat' dir='ltr'><strong>et</strong></span> <span class='ocrx_word' id='word_1_587' title='bbox 834 4477 914 4541; x_wconf 90' lang='lat' dir='ltr'><strong>pete·</strong></span> <span class='ocrx_word' id='word_1_588' title='bbox 929 4433 956 4495; x_wconf 76' lang='lat' dir='ltr'>D</span> <span class='ocrx_word' id='word_1_589' title='bbox 970 4453 1081 4496; x_wconf 76' lang='lat'><strong>⁰¹¹¹¹¹¹¹¹⁰</strong></span> <span class='ocrx_word' id='word_1_590' title='bbox 1097 4438 1223 4508; x_wconf 55' lang='lat' dir='ltr'><strong>desum*</strong></span> <span class='ocrx_word' id='word_1_591' title='bbox 1238 4456 1289 4513; x_wconf 63' lang='lat' dir='ltr'><strong>pm</strong></span> <span class='ocrx_word' id='word_1_592' title='bbox 1303 4442 1395 4500; x_wconf 71' lang='lat' dir='ltr'>¹¹¹⁰d¹⁰</span> <span class='ocrx_word' id='word_1_593' title='bbox 1410 4444 1549 4504; x_wconf 66' lang='lat' dir='ltr'><strong>⁵⁰¹d⁰⁰¹¹¹¹</strong></span> <span class='ocrx_word' id='word_1_594' title='bbox 1563 4447 1767 4509; x_wconf 52' lang='lat' dir='ltr'><strong>⁶⁰⁰⁸f¹⁰⁸¹⁰⁰f</strong></span> 
     </span>
    </p>
   </div>
   <div class='ocr_carea' id='block_1_23' title="bbox 110 4558 915 5708">
    <p class='ocr_par' dir='ltr' id='par_1_25' title="bbox 110 4558 915 5708">
     <span class='ocr_line' id='line_1_76' title="bbox 119 4558 914 4632; baseline -0.019 -3"><span class='ocrx_word' id='word_1_595' title='bbox 119 4580 188 4630; x_wconf 89' lang='lat' dir='ltr'><strong>state</strong></span> <span class='ocrx_word' id='word_1_596' title='bbox 201 4560 523 4631; x_wconf 87' lang='lat' dir='ltr'><strong>hlaseriarum,croadam</strong></span> <span class='ocrx_word' id='word_1_597' title='bbox 537 4558 681 4632; x_wconf 89' lang='lat' dir='ltr'><strong>qnamdam</strong></span> <span class='ocrx_word' id='word_1_598' title='bbox 695 4558 816 4630; x_wconf 89' lang='lat' dir='ltr'><strong>desuper</strong></span> <span class='ocrx_word' id='word_1_599' title='bbox 825 4558 914 4630; x_wconf 91' lang='lat' dir='ltr'><strong>ipsam</strong></span> 
     </span>
     <span class='ocr_line' id='line_1_77' title="bbox 117 4646 915 4721; baseline -0.019 -4"><span class='ocrx_word' id='word_1_600' title='bbox 117 4661 210 4719; x_wconf 87' lang='lat' dir='ltr'><strong>rillam</strong></span> <span class='ocrx_word' id='word_1_601' title='bbox 226 4657 296 4711; x_wconf 89' lang='lat' dir='ltr'><strong>inter</strong></span> <span class='ocrx_word' id='word_1_602' title='bbox 310 4653 406 4710; x_wconf 89' lang='lat' dir='ltr'><strong>vineas</strong></span> <span class='ocrx_word' id='word_1_603' title='bbox 417 4657 444 4706; x_wconf 92' lang='lat' dir='ltr'><strong>et</strong></span> <span class='ocrx_word' id='word_1_604' title='bbox 458 4657 532 4721; x_wconf 89' lang='lat' dir='ltr'><strong>prata</strong></span> <span class='ocrx_word' id='word_1_605' title='bbox 544 4649 692 4719; x_wconf 81' lang='lat' dir='ltr'><strong>iacentem,</strong></span> <span class='ocrx_word' id='word_1_606' title='bbox 709 4647 783 4702; x_wconf 91' lang='lat' dir='ltr'><strong>omni</strong></span> <span class='ocrx_word' id='word_1_607' title='bbox 798 4646 915 4704; x_wconf 91' lang='lat' dir='ltr'><strong>decima·</strong></span> 
     </span>
     <span class='ocr_line' id='line_1_78' title="bbox 116 4735 913 4809; baseline -0.021 -1"><span class='ocrx_word' id='word_1_608' title='bbox 116 4753 191 4808; x_wconf 91' lang='lat' dir='ltr'><strong>tiene</strong></span> <span class='ocrx_word' id='word_1_609' title='bbox 208 4754 234 4802; x_wconf 92' lang='lat' dir='ltr'><strong>et</strong></span> <span class='ocrx_word' id='word_1_610' title='bbox 249 4760 333 4802; x_wconf 90' lang='lat' dir='ltr'><strong>censu</strong></span> <span class='ocrx_word' id='word_1_611' title='bbox 363 4740 489 4806; x_wconf 85' lang='lat' dir='ltr'><strong>liberam,</strong></span> <span class='ocrx_word' id='word_1_612' title='bbox 507 4745 534 4794; x_wconf 91' lang='lat' dir='ltr'><strong>et</strong></span> <span class='ocrx_word' id='word_1_613' title='bbox 547 4744 654 4809; x_wconf 87' lang='lat' dir='ltr'><strong>pratum</strong></span> <span class='ocrx_word' id='word_1_614' title='bbox 678 4735 751 4792; x_wconf 90' lang='lat' dir='ltr'><strong>inter</strong></span> <span class='ocrx_word' id='word_1_615' title='bbox 778 4735 913 4808; x_wconf 84' lang='lat' dir='ltr'><strong>publicam</strong></span> 
     </span>
     <span class='ocr_line' id='line_1_79' title="bbox 117 4826 913 4907; baseline -0.014 -14"><span class='ocrx_word' id='word_1_616' title='bbox 117 4844 228 4894; x_wconf 83' lang='lat' dir='ltr'><strong>stratam</strong></span> <span class='ocrx_word' id='word_1_617' title='bbox 244 4840 389 4907; x_wconf 87' lang='lat' dir='ltr'><strong>etpratum</strong></span> <span class='ocrx_word' id='word_1_618' title='bbox 411 4836 534 4885; x_wconf 90' lang='lat' dir='ltr'><strong>uestrum</strong></span> <span class='ocrx_word' id='word_1_619' title='bbox 554 4826 701 4897; x_wconf 87' lang='lat' dir='ltr'><strong>jacentem,</strong></span> <span class='ocrx_word' id='word_1_620' title='bbox 728 4841 777 4897; x_wconf 92' lang='lat' dir='ltr'><strong>pro</strong></span> <span class='ocrx_word' id='word_1_621' title='bbox 793 4840 847 4898; x_wconf 93' lang='lat' dir='ltr'><strong>quo</strong></span> <span class='ocrx_word' id='word_1_622' title='bbox 862 4842 913 4883; x_wconf 93' lang='lat' dir='ltr'><strong>cu·</strong></span> 
     </span>
     <span class='ocr_line' id='line_1_80' title="bbox 116 4915 913 4990; baseline -0.01 -9"><span class='ocrx_word' id='word_1_623' title='bbox 116 4926 241 4982; x_wconf 89' lang='lat' dir='ltr'><strong>stodihus</strong></span> <span class='ocrx_word' id='word_1_624' title='bbox 256 4922 338 4980; x_wconf 86' lang='lat' dir='ltr'><strong>hanni</strong></span> <span class='ocrx_word' id='word_1_625' title='bbox 352 4921 495 4978; x_wconf 85' lang='lat' dir='ltr'><strong>solvuntur</strong></span> <span class='ocrx_word' id='word_1_626' title='bbox 511 4925 629 4990; x_wconf 89' lang='lat' dir='ltr'><strong>quatuor</strong></span> <span class='ocrx_word' id='word_1_627' title='bbox 656 4915 768 4972; x_wconf 88' lang='lat' dir='ltr'><strong>nummi.</strong></span> <span class='ocrx_word' id='word_1_628' title='bbox 785 4916 913 4987; x_wconf 86' lang='lat' dir='ltr'><strong>Denique</strong></span> 
     </span>
     <span class='ocr_line' id='line_1_81' title="bbox 116 5002 912 5087; baseline -0.01 -18"><span class='ocrx_word' id='word_1_629' title='bbox 116 5014 296 5087; x_wconf 67' lang='lat' dir='ltr'><strong>presentibus</strong></span> <span class='ocrx_word' id='word_1_630' title='bbox 317 5021 343 5068; x_wconf 92' lang='lat' dir='ltr'><strong>et</strong></span> <span class='ocrx_word' id='word_1_631' title='bbox 362 5010 458 5066; x_wconf 82' lang='lat' dir='ltr'><strong>luttrris</strong></span> <span class='ocrx_word' id='word_1_632' title='bbox 480 5008 605 5063; x_wconf 81' lang='lat' dir='ltr'><strong>volumus</strong></span> <span class='ocrx_word' id='word_1_633' title='bbox 631 5014 724 5061; x_wconf 87' lang='lat' dir='ltr'><strong>notum</strong></span> <span class='ocrx_word' id='word_1_634' title='bbox 739 5002 797 5061; x_wconf 83' lang='lat' dir='ltr'><strong>lieri</strong></span> <span class='ocrx_word' id='word_1_635' title='bbox 820 5006 912 5062; x_wconf 87' lang='lat' dir='ltr'><strong>hlase-</strong></span> 
     </span>
     <span class='ocr_line' id='line_1_82' title="bbox 114 5094 909 5166; baseline -0.013 -8"><span class='ocrx_word' id='word_1_636' title='bbox 114 5103 217 5158; x_wconf 88' lang='lat' dir='ltr'><strong>riarum</strong></span> <span class='ocrx_word' id='word_1_637' title='bbox 254 5110 280 5158; x_wconf 89' lang='lat' dir='ltr'><strong>et</strong></span> <span class='ocrx_word' id='word_1_638' title='bbox 310 5097 519 5156; x_wconf 86' lang='lat' dir='ltr'><strong>hlartiuimontis</strong></span> <span class='ocrx_word' id='word_1_639' title='bbox 557 5095 634 5157; x_wconf 83' lang='lat' dir='ltr'><strong>fines,</strong></span> <span class='ocrx_word' id='word_1_640' title='bbox 656 5110 784 5166; x_wconf 88' lang='lat' dir='ltr'><strong>pascuas,</strong></span> <span class='ocrx_word' id='word_1_641' title='bbox 816 5094 909 5161; x_wconf 83' lang='lat' dir='ltr'><strong>silvas,</strong></span> 
     </span>
     <span class='ocr_line' id='line_1_83' title="bbox 114 5183 910 5254; baseline -0.014 -7"><span class='ocrx_word' id='word_1_642' title='bbox 114 5191 225 5247; x_wconf 91' lang='lat' dir='ltr'><strong>omnino</strong></span> <span class='ocrx_word' id='word_1_643' title='bbox 246 5191 283 5245; x_wconf 90' lang='lat' dir='ltr'><strong>ita</strong></span> <span class='ocrx_word' id='word_1_644' title='bbox 297 5206 357 5245; x_wconf 89' lang='lat' dir='ltr'><strong>esse</strong></span> <span class='ocrx_word' id='word_1_645' title='bbox 383 5203 543 5246; x_wconf 90' lang='lat' dir='ltr'><strong>communes</strong></span> <span class='ocrx_word' id='word_1_646' title='bbox 565 5193 593 5240; x_wconf 94' lang='lat' dir='ltr'><strong>ut</strong></span> <span class='ocrx_word' id='word_1_647' title='bbox 619 5184 715 5254; x_wconf 65' lang='lat' dir='ltr'><strong>iniuria</strong></span> <span class='ocrx_word' id='word_1_648' title='bbox 738 5191 764 5239; x_wconf 90' lang='lat' dir='ltr'><strong>et</strong></span> <span class='ocrx_word' id='word_1_649' title='bbox 782 5183 910 5253; x_wconf 85' lang='lat' dir='ltr'><strong>injustitia</strong></span> 
     </span>
     <span class='ocr_line' id='line_1_84' title="bbox 113 5273 909 5346; baseline -0.01 -13"><span class='ocrx_word' id='word_1_650' title='bbox 113 5280 159 5346; x_wconf 89' lang='lat' dir='ltr'><strong>sit,</strong></span> <span class='ocrx_word' id='word_1_651' title='bbox 171 5278 194 5333; x_wconf 89' lang='lat' dir='ltr'><strong>si</strong></span> <span class='ocrx_word' id='word_1_652' title='bbox 208 5278 253 5333; x_wconf 89' lang='lat' dir='ltr'><strong>alii</strong></span> <span class='ocrx_word' id='word_1_653' title='bbox 266 5278 334 5333; x_wconf 90' lang='lat' dir='ltr'><strong>alios</strong></span> <span class='ocrx_word' id='word_1_654' title='bbox 348 5278 382 5332; x_wconf 94' lang='lat' dir='ltr'><strong>ab</strong></span> <span class='ocrx_word' id='word_1_655' title='bbox 410 5277 452 5331; x_wconf 91' lang='lat' dir='ltr'><strong>his</strong></span> <span class='ocrx_word' id='word_1_656' title='bbox 467 5275 593 5331; x_wconf 90' lang='lat' dir='ltr'><strong>omnihus</strong></span> <span class='ocrx_word' id='word_1_657' title='bbox 606 5273 752 5330; x_wconf 88' lang='lat' dir='ltr'><strong>excludere</strong></span> <span class='ocrx_word' id='word_1_658' title='bbox 775 5287 909 5343; x_wconf 75' lang='lat' dir='ltr'><strong>praesum-</strong></span> 
     </span>
     <span class='ocr_line' id='line_1_85' title="bbox 113 5359 909 5442; baseline -0.008 -20"><span class='ocrx_word' id='word_1_659' title='bbox 113 5369 218 5442; x_wconf 89' lang='lat' dir='ltr'><strong>pserint</strong></span> <span class='ocrx_word' id='word_1_660' title='bbox 233 5384 240 5434; x_wconf 92' lang='lat'>;</span> <span class='ocrx_word' id='word_1_661' title='bbox 253 5366 319 5438; x_wconf 90' lang='lat' dir='ltr'><strong>ipsis</strong></span> <span class='ocrx_word' id='word_1_662' title='bbox 329 5365 401 5422; x_wconf 91' lang='lat' dir='ltr'><strong>euim</strong></span> <span class='ocrx_word' id='word_1_663' title='bbox 423 5372 450 5419; x_wconf 88' lang='lat' dir='ltr'><strong>at</strong></span> <span class='ocrx_word' id='word_1_664' title='bbox 459 5362 621 5418; x_wconf 85' lang='lat' dir='ltr'><strong>animalibus</strong></span> <span class='ocrx_word' id='word_1_665' title='bbox 635 5379 701 5433; x_wconf 85' lang='lat' dir='ltr'><strong>suis,</strong></span> <span class='ocrx_word' id='word_1_666' title='bbox 733 5360 792 5416; x_wconf 92' lang='lat' dir='ltr'><strong>sine</strong></span> <span class='ocrx_word' id='word_1_667' title='bbox 807 5359 909 5416; x_wconf 89' lang='lat' dir='ltr'><strong>damno</strong></span> 
     </span>
     <span class='ocr_line' id='line_1_86' title="bbox 112 5447 909 5519; baseline -0.011 -6"><span class='ocrx_word' id='word_1_668' title='bbox 112 5456 156 5513; x_wconf 88' lang='lat' dir='ltr'><strong>his</strong></span> <span class='ocrx_word' id='word_1_669' title='bbox 171 5454 347 5511; x_wconf 90' lang='lat' dir='ltr'><strong>communiter</strong></span> <span class='ocrx_word' id='word_1_670' title='bbox 360 5453 398 5509; x_wconf 94' lang='lat' dir='ltr'><strong>nti</strong></span> <span class='ocrx_word' id='word_1_671' title='bbox 419 5449 523 5507; x_wconf 90' lang='lat' dir='ltr'><strong>licebit.</strong></span> <span class='ocrx_word' id='word_1_672' title='bbox 544 5450 624 5519; x_wconf 82' lang='lat' dir='ltr'><strong>Quod</strong></span> <span class='ocrx_word' id='word_1_673' title='bbox 651 5449 674 5505; x_wconf 88' lang='lat' dir='ltr'><strong>si</strong></span> <span class='ocrx_word' id='word_1_674' title='bbox 689 5450 757 5506; x_wconf 76' lang='lat' dir='ltr'><strong>forte</strong></span> <span class='ocrx_word' id='word_1_675' title='bbox 781 5447 909 5505; x_wconf 87' lang='lat' dir='ltr'><strong>damnum</strong></span> 
     </span>
     <span class='ocr_line' id='line_1_87' title="bbox 110 5537 906 5617; baseline -0.011 -15"><span class='ocrx_word' id='word_1_676' title='bbox 110 5544 170 5602; x_wconf 85' lang='lat' dir='ltr'><strong>lieri</strong></span> <span class='ocrx_word' id='word_1_677' title='bbox 181 5543 334 5617; x_wconf 79' lang='lat' dir='ltr'><strong>contigerit,</strong></span> <span class='ocrx_word' id='word_1_678' title='bbox 351 5558 400 5614; x_wconf 93' lang='lat' dir='ltr'><strong>per</strong></span> <span class='ocrx_word' id='word_1_679' title='bbox 410 5538 566 5595; x_wconf 82' lang='lat' dir='ltr'><strong>fidelitatem</strong></span> <span class='ocrx_word' id='word_1_680' title='bbox 581 5539 720 5595; x_wconf 88' lang='lat' dir='ltr'><strong>bominum</strong></span> <span class='ocrx_word' id='word_1_681' title='bbox 736 5537 906 5606; x_wconf 86' lang='lat' dir='ltr'><strong>restituatur,</strong></span> 
     </span>
     <span class='ocr_line' id='line_1_88' title="bbox 110 5627 906 5708; baseline -0.018 -13"><span class='ocrx_word' id='word_1_682' title='bbox 110 5644 138 5695; x_wconf 89' lang='lat' dir='ltr'><strong>et</strong></span> <span class='ocrx_word' id='word_1_683' title='bbox 151 5651 201 5708; x_wconf 92' lang='lat' dir='ltr'><strong>pro</strong></span> <span class='ocrx_word' id='word_1_684' title='bbox 213 5633 315 5705; x_wconf 86' lang='lat' dir='ltr'><strong>justitia</strong></span> <span class='ocrx_word' id='word_1_685' title='bbox 330 5629 413 5687; x_wconf 92' lang='lat' dir='ltr'><strong>banni</strong></span> <span class='ocrx_word' id='word_1_686' title='bbox 437 5627 523 5684; x_wconf 89' lang='lat' dir='ltr'><strong>nestri</strong></span> <span class='ocrx_word' id='word_1_687' title='bbox 539 5635 707 5684; x_wconf 82' lang='lat' dir='ltr'><strong>remittantur</strong></span> <span class='ocrx_word' id='word_1_688' title='bbox 722 5630 775 5685; x_wconf 91' lang='lat' dir='ltr'><strong>duo</strong></span> <span class='ocrx_word' id='word_1_689' title='bbox 791 5627 906 5698; x_wconf 89' lang='lat' dir='ltr'><strong>nummi,</strong></span> 
     </span>
    </p>
   </div>
   <div class='ocr_carea' id='block_1_24' title="bbox 110 5713 906 5801">
    <p class='ocr_par' dir='ltr' id='par_1_26' title="bbox 110 5713 906 5801">
     <span class='ocr_line' id='line_1_89' title="bbox 110 5713 906 5801; baseline -0.023 -12"><span class='ocrx_word' id='word_1_690' title='bbox 110 5733 138 5789; x_wconf 82' lang='lat' dir='ltr'><strong>et</strong></span> <span class='ocrx_word' id='word_1_691' title='bbox 152 5740 206 5785; x_wconf 89' lang='lat' dir='ltr'><strong>aon</strong></span> <span class='ocrx_word' id='word_1_692' title='bbox 216 5721 332 5801; x_wconf 91' lang='lat' dir='ltr'><strong>amplius</strong></span> <span class='ocrx_word' id='word_1_693' title='bbox 342 5718 547 5797; x_wconf 84' lang='lat' dir='ltr'><strong>persolvantur.</strong></span> <span class='ocrx_word' id='word_1_694' title='bbox 576 5713 656 5785; x_wconf 85' lang='lat' dir='ltr'><strong>Quod</strong></span> <span class='ocrx_word' id='word_1_695' title='bbox 679 5717 722 5786; x_wconf 82' lang='lat' dir='ltr'><strong>jus</strong></span> <span class='ocrx_word' id='word_1_696' title='bbox 737 5716 765 5774; x_wconf 91' lang='lat' dir='ltr'><strong>in</strong></span> <span class='ocrx_word' id='word_1_697' title='bbox 780 5718 906 5775; x_wconf 88' lang='lat' dir='ltr'><strong>omnibus</strong></span> 
     </span>
    </p>
   </div>
   <div class='ocr_carea' id='block_1_25' title="bbox 968 4529 1215 4600">
    <p class='ocr_par' dir='ltr' id='par_1_27' title="bbox 968 4529 1215 4600">
     <span class='ocr_line' id='line_1_90' title="bbox 968 4529 1215 4600; baseline 0.012 -16"><span class='ocrx_word' id='word_1_698' title='bbox 968 4543 1035 4600; x_wconf 91' lang='lat' dir='ltr'><strong>pere</strong></span> <span class='ocrx_word' id='word_1_699' title='bbox 1051 4529 1215 4587; x_wconf 87' lang='lat' dir='ltr'><strong>terminavit.</strong></span> 
     </span>
    </p>
   </div>
   <div class='ocr_carea' id='block_1_26' title="bbox 968 4636 1768 4805">
    <p class='ocr_par' dir='ltr' id='par_1_28' title="bbox 968 4636 1768 4805">
     <span class='ocr_line' id='line_1_91' title="bbox 1004 4636 1767 4717; baseline 0.021 -27"><span class='ocrx_word' id='word_1_700' title='bbox 1004 4636 1062 4691; x_wconf 85' lang='lat' dir='ltr'><strong>Dux</strong></span> <span class='ocrx_word' id='word_1_701' title='bbox 1078 4651 1156 4705; x_wconf 90' lang='lat' dir='ltr'><strong>vero,</strong></span> <span class='ocrx_word' id='word_1_702' title='bbox 1175 4636 1246 4694; x_wconf 89' lang='lat' dir='ltr'><strong>sicut</strong></span> <span class='ocrx_word' id='word_1_703' title='bbox 1273 4647 1331 4695; x_wconf 87' lang='lat' dir='ltr'><strong>erat</strong></span> <span class='ocrx_word' id='word_1_704' title='bbox 1347 4639 1446 4713; x_wconf 90' lang='lat' dir='ltr'><strong>piuset</strong></span> <span class='ocrx_word' id='word_1_705' title='bbox 1470 4641 1608 4717; x_wconf 71' lang='lat' dir='ltr'><strong>benignus</strong></span> <span class='ocrx_word' id='word_1_706' title='bbox 1635 4646 1665 4702; x_wconf 88' lang='lat' dir='ltr'><strong>in</strong></span> <span class='ocrx_word' id='word_1_707' title='bbox 1684 4647 1767 4706; x_wconf 83' lang='lat' dir='ltr'><strong>salute</strong></span> 
     </span>
     <span class='ocr_line' id='line_1_92' title="bbox 968 4725 1768 4805; baseline 0.023 -27"><span class='ocrx_word' id='word_1_708' title='bbox 968 4725 1068 4781; x_wconf 78' lang='lat' dir='ltr'><strong>animae</strong></span> <span class='ocrx_word' id='word_1_709' title='bbox 1082 4741 1148 4794; x_wconf 84' lang='lat' dir='ltr'><strong>suae,</strong></span> <span class='ocrx_word' id='word_1_710' title='bbox 1164 4726 1317 4784; x_wconf 87' lang='lat' dir='ltr'><strong>custodiam</strong></span> <span class='ocrx_word' id='word_1_711' title='bbox 1327 4729 1398 4786; x_wconf 79' lang='lat' dir='ltr'><strong>ville</strong></span> <span class='ocrx_word' id='word_1_712' title='bbox 1413 4732 1528 4805; x_wconf 91' lang='lat' dir='ltr'><strong>recepit.</strong></span> <span class='ocrx_word' id='word_1_713' title='bbox 1540 4734 1768 4796; x_wconf 76' lang='lat' dir='ltr'><strong>consideratione</strong></span> 
     </span>
    </p>
   </div>
   <div class='ocr_carea' id='block_1_27' title="bbox 965 4829 1766 5077">
    <p class='ocr_par' dir='ltr' id='par_1_29' title="bbox 965 4829 1766 5077">
     <span class='ocr_line' id='line_1_93' title="bbox 967 4829 1765 4900; baseline 0.019 -19"><span class='ocrx_word' id='word_1_714' title='bbox 967 4834 1056 4882; x_wconf 91' lang='lat' dir='ltr'><strong>autem</strong></span> <span class='ocrx_word' id='word_1_715' title='bbox 1071 4829 1241 4900; x_wconf 86' lang='lat' dir='ltr'><strong>paupertatis</strong></span> <span class='ocrx_word' id='word_1_716' title='bbox 1268 4829 1351 4899; x_wconf 88' lang='lat' dir='ltr'><strong>villae,</strong></span> <span class='ocrx_word' id='word_1_717' title='bbox 1381 4833 1556 4890; x_wconf 90' lang='lat' dir='ltr'><strong>constitutum</strong></span> <span class='ocrx_word' id='word_1_718' title='bbox 1579 4835 1649 4893; x_wconf 92' lang='lat' dir='ltr'><strong>inibi</strong></span> <span class='ocrx_word' id='word_1_719' title='bbox 1672 4838 1723 4896; x_wconf 88' lang='lat' dir='ltr'><strong>luit</strong></span> <span class='ocrx_word' id='word_1_720' title='bbox 1739 4848 1765 4896; x_wconf 91' lang='lat' dir='ltr'><strong>nt</strong></span> 
     </span>
     <span class='ocr_line' id='line_1_94' title="bbox 965 4918 1766 4996; baseline 0.019 -26"><span class='ocrx_word' id='word_1_721' title='bbox 965 4931 1160 4989; x_wconf 89' lang='lat' dir='ltr'><strong>quemcunque</strong></span> <span class='ocrx_word' id='word_1_722' title='bbox 1175 4918 1228 4973; x_wconf 85' lang='lat' dir='ltr'><strong>dux</strong></span> <span class='ocrx_word' id='word_1_723' title='bbox 1243 4934 1293 4990; x_wconf 93' lang='lat' dir='ltr'><strong>pro</strong></span> <span class='ocrx_word' id='word_1_724' title='bbox 1309 4919 1369 4991; x_wconf 87' lang='lat' dir='ltr'><strong>ipso</strong></span> <span class='ocrx_word' id='word_1_725' title='bbox 1383 4921 1503 4994; x_wconf 80' lang='lat' dir='ltr'><strong>dirigere</strong></span> <span class='ocrx_word' id='word_1_726' title='bbox 1516 4924 1609 4996; x_wconf 80' lang='lat' dir='ltr'><strong>vellet,</strong></span> <span class='ocrx_word' id='word_1_727' title='bbox 1620 4926 1688 4996; x_wconf 90' lang='lat' dir='ltr'><strong>illic,</strong></span> <span class='ocrx_word' id='word_1_728' title='bbox 1705 4944 1766 4987; x_wconf 88' lang='lat' dir='ltr'><strong>curn</strong></span> 
     </span>
     <span class='ocr_line' id='line_1_95' title="bbox 967 5004 1766 5077; baseline 0.02 -18"><span class='ocrx_word' id='word_1_729' title='bbox 967 5004 1054 5060; x_wconf 90' lang='lat' dir='ltr'><strong>tribus</strong></span> <span class='ocrx_word' id='word_1_730' title='bbox 1068 5013 1115 5060; x_wconf 88' lang='lat' dir='ltr'><strong>cut</strong></span> <span class='ocrx_word' id='word_1_731' title='bbox 1127 5009 1245 5077; x_wconf 87' lang='lat' dir='ltr'><strong>quatuor</strong></span> <span class='ocrx_word' id='word_1_732' title='bbox 1265 5008 1357 5076; x_wconf 91' lang='lat' dir='ltr'><strong>sociis,</strong></span> <span class='ocrx_word' id='word_1_733' title='bbox 1382 5009 1409 5065; x_wconf 95' lang='lat' dir='ltr'><strong>in</strong></span> <span class='ocrx_word' id='word_1_734' title='bbox 1424 5011 1521 5068; x_wconf 90' lang='lat' dir='ltr'><strong>eadem</strong></span> <span class='ocrx_word' id='word_1_735' title='bbox 1546 5013 1615 5071; x_wconf 84' lang='lat' dir='ltr'><strong>villu</strong></span> <span class='ocrx_word' id='word_1_736' title='bbox 1628 5015 1689 5074; x_wconf 94' lang='lat' dir='ltr'><strong>duo</strong></span> <span class='ocrx_word' id='word_1_737' title='bbox 1714 5034 1766 5075; x_wconf 78' lang='lat' dir='ltr'><strong>ser</strong></span> 
     </span>
    </p>
   </div>
   <div class='ocr_carea' id='block_1_28' title="bbox 960 5101 1764 5813">
    <p class='ocr_par' dir='ltr' id='par_1_30' title="bbox 960 5101 1764 5813">
     <span class='ocr_line' id='line_1_96' title="bbox 965 5101 1764 5187; baseline 0.019 -31"><span class='ocrx_word' id='word_1_738' title='bbox 965 5101 1031 5157; x_wconf 88' lang='lat' dir='ltr'><strong>ritis</strong></span> <span class='ocrx_word' id='word_1_739' title='bbox 1045 5118 1204 5174; x_wconf 90' lang='lat' dir='ltr'><strong>perannum</strong></span> <span class='ocrx_word' id='word_1_740' title='bbox 1226 5105 1351 5172; x_wconf 86' lang='lat' dir='ltr'><strong>baberet,</strong></span> <span class='ocrx_word' id='word_1_741' title='bbox 1367 5124 1421 5164; x_wconf 90' lang='lat' dir='ltr'><strong>nec</strong></span> <span class='ocrx_word' id='word_1_742' title='bbox 1448 5109 1566 5182; x_wconf 90' lang='lat' dir='ltr'><strong>amplius</strong></span> <span class='ocrx_word' id='word_1_743' title='bbox 1585 5112 1691 5187; x_wconf 89' lang='lat' dir='ltr'><strong>aliquid</strong></span> <span class='ocrx_word' id='word_1_744' title='bbox 1706 5115 1764 5173; x_wconf 84' lang='lat' dir='ltr'><strong>eni·</strong></span> 
     </span>
     <span class='ocr_line' id='line_1_97' title="bbox 964 5191 1764 5277; baseline 0.021 -30"><span class='ocrx_word' id='word_1_745' title='bbox 964 5199 1053 5261; x_wconf 72' lang='lat' dir='ltr'><strong>aeret,</strong></span> <span class='ocrx_word' id='word_1_746' title='bbox 1068 5191 1096 5246; x_wconf 92' lang='lat' dir='ltr'><strong>in</strong></span> <span class='ocrx_word' id='word_1_747' title='bbox 1117 5191 1218 5263; x_wconf 89' lang='lat' dir='ltr'><strong>placito</strong></span> <span class='ocrx_word' id='word_1_748' title='bbox 1247 5210 1301 5250; x_wconf 93' lang='lat' dir='ltr'><strong>non</strong></span> <span class='ocrx_word' id='word_1_749' title='bbox 1326 5197 1468 5266; x_wconf 84' lang='lat' dir='ltr'><strong>resideret,</strong></span> <span class='ocrx_word' id='word_1_750' title='bbox 1496 5214 1549 5258; x_wconf 90' lang='lat' dir='ltr'><strong>nco</strong></span> <span class='ocrx_word' id='word_1_751' title='bbox 1573 5201 1609 5258; x_wconf 84' lang='lat' dir='ltr'><strong>ad</strong></span> <span class='ocrx_word' id='word_1_752' title='bbox 1636 5202 1764 5277; x_wconf 83' lang='lat' dir='ltr'><strong>placitum</strong></span> 
     </span>
     <span class='ocr_line' id='line_1_98' title="bbox 963 5279 1763 5366; baseline 0.021 -31"><span class='ocrx_word' id='word_1_753' title='bbox 963 5279 1083 5352; x_wconf 91' lang='lat' dir='ltr'><strong>aliquem</strong></span> <span class='ocrx_word' id='word_1_754' title='bbox 1098 5291 1219 5355; x_wconf 73' lang='lat' dir='ltr'><strong>cogeret,</strong></span> <span class='ocrx_word' id='word_1_755' title='bbox 1244 5283 1297 5339; x_wconf 86' lang='lat' dir='ltr'><strong>nisi</strong></span> <span class='ocrx_word' id='word_1_756' title='bbox 1324 5282 1397 5342; x_wconf 83' lang='lat' dir='ltr'><strong>forte</strong></span> <span class='ocrx_word' id='word_1_757' title='bbox 1415 5285 1502 5343; x_wconf 87' lang='lat' dir='ltr'><strong>abbas</strong></span> <span class='ocrx_word' id='word_1_758' title='bbox 1528 5289 1573 5347; x_wconf 83' lang='lat' dir='ltr'><strong>vel</strong></span> <span class='ocrx_word' id='word_1_759' title='bbox 1601 5294 1763 5366; x_wconf 76' lang='lat' dir='ltr'><strong>praepositus</strong></span> 
     </span>
     <span class='ocr_line' id='line_1_99' title="bbox 963 5378 1764 5461; baseline 0.02 -27"><span class='ocrx_word' id='word_1_760' title='bbox 963 5378 1034 5448; x_wconf 88' lang='lat' dir='ltr'><strong>ejus,</strong></span> <span class='ocrx_word' id='word_1_761' title='bbox 1049 5379 1083 5434; x_wconf 90' lang='lat' dir='ltr'><strong>ad</strong></span> <span class='ocrx_word' id='word_1_762' title='bbox 1099 5379 1304 5451; x_wconf 91' lang='lat' dir='ltr'><strong>reprimendum</strong></span> <span class='ocrx_word' id='word_1_763' title='bbox 1320 5383 1439 5456; x_wconf 90' lang='lat' dir='ltr'><strong>aliquem</strong></span> <span class='ocrx_word' id='word_1_764' title='bbox 1459 5384 1512 5442; x_wconf 90' lang='lat' dir='ltr'><strong>sibi</strong></span> <span class='ocrx_word' id='word_1_765' title='bbox 1526 5386 1672 5461; x_wconf 83' lang='lat' dir='ltr'><strong>rebellem,</strong></span> <span class='ocrx_word' id='word_1_766' title='bbox 1687 5391 1717 5450; x_wconf 92' lang='lat' dir='ltr'><strong>id</strong></span> <span class='ocrx_word' id='word_1_767' title='bbox 1729 5392 1764 5449; x_wconf 80' lang='lat' dir='ltr'><strong>ab</strong></span> 
     </span>
     <span class='ocr_line' id='line_1_100' title="bbox 962 5458 1763 5546; baseline 0.02 -23"><span class='ocrx_word' id='word_1_768' title='bbox 962 5482 995 5524; x_wconf 90' lang='lat' dir='ltr'><strong>ee</strong></span> <span class='ocrx_word' id='word_1_769' title='bbox 1015 5466 1074 5522; x_wconf 87' lang='lat' dir='ltr'><strong>fieri</strong></span> <span class='ocrx_word' id='word_1_770' title='bbox 1102 5458 1278 5539; x_wconf 82' lang='lat' dir='ltr'><strong>postulasset.</strong></span> <span class='ocrx_word' id='word_1_771' title='bbox 1308 5470 1397 5542; x_wconf 89' lang='lat' dir='ltr'><strong>Quam</strong></span> <span class='ocrx_word' id='word_1_772' title='bbox 1416 5469 1509 5546; x_wconf 89' lang='lat' dir='ltr'><strong>utique</strong></span> <span class='ocrx_word' id='word_1_773' title='bbox 1540 5477 1763 5538; x_wconf 74' lang='lat' dir='ltr'><strong>consumtionem</strong></span> 
     </span>
     <span class='ocr_line' id='line_1_101' title="bbox 961 5552 1762 5629; baseline 0.024 -19"><span class='ocrx_word' id='word_1_774' title='bbox 961 5552 1018 5612; x_wconf 77' lang='lat' dir='ltr'><strong>dun</strong></span> <span class='ocrx_word' id='word_1_775' title='bbox 1033 5555 1183 5614; x_wconf 89' lang='lat' dir='ltr'><strong>elementer</strong></span> <span class='ocrx_word' id='word_1_776' title='bbox 1196 5573 1331 5627; x_wconf 91' lang='lat' dir='ltr'><strong>annuens,</strong></span> <span class='ocrx_word' id='word_1_777' title='bbox 1348 5561 1376 5617; x_wconf 94' lang='lat' dir='ltr'><strong>in</strong></span> <span class='ocrx_word' id='word_1_778' title='bbox 1390 5557 1521 5620; x_wconf 82' lang='lat' dir='ltr'><strong>fidelitate</strong></span> <span class='ocrx_word' id='word_1_779' title='bbox 1535 5578 1586 5623; x_wconf 81' lang='lat' dir='ltr'><strong>snt</strong></span> <span class='ocrx_word' id='word_1_780' title='bbox 1611 5566 1762 5629; x_wconf 82' lang='lat' dir='ltr'><strong>obtestalut</strong></span> 
     </span>
     <span class='ocr_line' id='line_1_102' title="bbox 961 5645 1760 5732; baseline 0.025 -32"><span class='ocrx_word' id='word_1_781' title='bbox 961 5651 1012 5715; x_wconf 87' lang='lat' dir='ltr'><strong>est,</strong></span> <span class='ocrx_word' id='word_1_782' title='bbox 1024 5648 1050 5701; x_wconf 85' lang='lat' dir='ltr'><strong>et</strong></span> <span class='ocrx_word' id='word_1_783' title='bbox 1061 5646 1213 5703; x_wconf 86' lang='lat' dir='ltr'><strong>custodiam</strong></span> <span class='ocrx_word' id='word_1_784' title='bbox 1229 5645 1299 5705; x_wconf 82' lang='lat' dir='ltr'><strong>villae</strong></span> <span class='ocrx_word' id='word_1_785' title='bbox 1314 5666 1343 5705; x_wconf 91' lang='lat' dir='ltr'><strong>se</strong></span> <span class='ocrx_word' id='word_1_786' title='bbox 1358 5648 1508 5724; x_wconf 65' lang='lat' dir='ltr'><strong>diligenter</strong></span> <span class='ocrx_word' id='word_1_787' title='bbox 1534 5658 1760 5732; x_wconf 71' lang='lat' dir='ltr'><strong>paeniturum,</strong></span> 
     </span>
     <span class='ocr_line' id='line_1_103' title="bbox 960 5735 1758 5813; baseline 0.016 -21"><span class='ocrx_word' id='word_1_788' title='bbox 960 5741 987 5792; x_wconf 86' lang='lat' dir='ltr'><strong>et</strong></span> <span class='ocrx_word' id='word_1_789' title='bbox 997 5735 1217 5795; x_wconf 87' lang='lat' dir='ltr'><strong>constitutionem</strong></span> <span class='ocrx_word' id='word_1_790' title='bbox 1231 5738 1416 5813; x_wconf 89' lang='lat' dir='ltr'><strong>praescriptam</strong></span> <span class='ocrx_word' id='word_1_791' title='bbox 1430 5738 1550 5801; x_wconf 80' lang='lat' dir='ltr'><strong>fideliter</strong></span> <span class='ocrx_word' id='word_1_792' title='bbox 1571 5754 1758 5809; x_wconf 63' lang='lat' dir='ltr'><strong>nnuman.</strong></span> 
     </span>
    </p>
   </div>
   <div class='ocr_carea' id='block_1_29' title="bbox 0 0 1894 6038">
    <p class='ocr_par' dir='ltr' id='par_1_31' title="bbox 0 0 1894 6038">
     <span class='ocr_line' id='line_1_104' title="bbox 0 0 1894 6038; baseline 0 8"><span class='ocrx_word' id='word_1_793' title='bbox 0 0 1894 6038; x_wconf 95' lang='lat' dir='ltr'><strong> </strong></span> 
     </span>
    </p>
   </div>
  </div>
 </body>
</html>
