3780 6038
65 240 115 293 tte

722 233 912 293 tartSTOLtt.
932 266 967 278 -
982 235 1049 292 Llli.
1074 236 1108 291 tv

1662 236 1714 290 tae

65 360 225 417 festinemus
242 375 249 431 ;
265 375 348 434 quam
363 361 407 434 qui
432 361 518 418 semel
534 361 642 427 viderit,
666 360 742 417 nullo
753 359 863 417 inimico
878 361 907 424 Α
920 359 1044 428 desierit,
1058 359 1207 432 periturum
1235 376 1291 415 non
1301 360 1409 416 dubito.
1440 361 1469 415 ln
1482 365 1611 433 quantum
1640 358 1713 415 enim

65 450 211 505 insidiante
226 449 299 505 ultra
322 451 446 507 amittere
458 452 572 522 poterit.
600 453 633 506 Et
648 459 721 506 certe
735 450 864 506 festinare

65 540 200 595 debemus
214 538 280 594 dum
298 541 380 610 223
397 549 485 607 vocat,
498 542 565 596 certi
580 541 614 595 de
636 548 711 595 tauta
726 539 863 614 mercede,

65 628 109 699 qui
125 628 225 684 incerti
237 645 333 683 sumus
358 629 392 683 de
411 628 465 685 die.
492 628 643 701 vigilantes
669 644 720 684 nos
746 629 865 686 inveniat

65 725 193 772 extrema
207 716 370 785 necessitas,
385 734 446 789 quae
454 734 528 788 saepe
541 717 675 788 praevenit
686 717 862 773 dormientes.

65 806 154 861 Tarde
165 805 268 860 etenim
284 821 334 861 nos
348 805 421 861 rnale
436 806 527 880 egisse
537 807 692 878 paenitebit,
707 814 733 863 et
749 806 864 863 cumdie

65 893 160 949 ultimo
172 894 387 966 superveniente
400 910 429 949 se
443 896 630 967 unusquisque
654 895 777 966 separari
790 910 864 951 asuo

66 998 186 1053 corpore
200 981 307 1051 viderit,
334 998 395 1039 curn
412 983 463 1038 sibi
480 983 508 1037 in
537 983 589 1040 hue
603 983 699 1039 oculos
727 983 863 1039 claudenti

66 1070 229 1143 nigrescere
258 1079 284 1126 et
312 1071 473 1127 horrescere
502 1088 555 1127 nox
584 1080 712 1143 perpetua
739 1071 861 1143 coeperit.

65 1160 154 1226 Tunc,
171 1175 268 1216 rerum
285 1167 337 1226 est,
362 1160 468 1215 malitis
493 1169 589 1216 nostra
615 1160 741 1225 cessabit,
765 1159 862 1215 mundi

65 1247 173 1302 vanitas
201 1248 278 1304 uelut
306 1248 402 1303 umbra
433 1247 550 1315 deliciet,
579 1248 697 1305 carnalis
721 1248 864 1305 delectatio

65 1336 145 1408 quasi
163 1335 259 1391 fumus
275 1344 433 1405 evanescet,
444 1354 495 1407 pro
503 1338 605 1410 quibus
618 1337 763 1409 opprobria
773 1337 865 1392 solaci

65 1422 182 1479 crimina
197 1425 390 1491 remanebunt,
403 1432 430 1480 et
444 1432 578 1480 tormenta
593 1424 652 1480 sine
663 1423 862 1480 tinemansura.

65 1511 87 1567 0
103 1527 191 1584 quam
205 1512 302 1567 infelix
317 1514 369 1567 erit
383 1513 473 1568 anima
486 1513 542 1579 illa,
559 1513 601 1568 oui
621 1528 684 1568 mor
701 1528 815 1585 egressa
829 1513 864 1568 dc

64 1615 183 1671 corpore
199 1600 333 1656 insultare
352 1610 378 1656 et
393 1602 517 1658 insistere
532 1602 663 1673 coeperint
690 1601 863 1657 infernalium

918 449 984 504 mihi
999 450 1115 514 videtin,
1132 457 1157 504 et
1185 449 1243 520 ipsa
1271 449 1356 522 exigit
1371 449 1450 517 ratio,
1481 455 1559 504 tanto
1581 447 1715 519 graviora

918 538 993 609 apud
1009 540 1095 593 Deum
1111 545 1175 592 sunt
1187 538 1500 609 nostradelictaquanto
1517 538 1594 607 225
1612 537 1715 605 majora

919 642 987 699 erga
1002 642 1053 681 nos
1076 642 1105 681 se
1130 626 1277 681 ostendunt
1304 627 1362 696 ejus
1386 625 1527 682 beneficia.
1558 625 1713 681 Verendum

918 722 962 769 est
978 716 1060 771 etiam
1076 731 1109 770 ne
1139 729 1235 771 vocem
1248 715 1321 771 illam
1349 715 1479 782 gloriosae
1506 713 1714 771 resurrectionis

920 805 1042 874 pretiosa
1057 803 1147 859 crucis
1157 803 1275 875 vestigia
1290 811 1497 874 protestantem,
1514 803 1655 874 injudicio
1664 817 1715 857 suo

918 893 953 948 ad
969 908 1037 948 vasa
1052 892 1199 963 iniquitatis
1226 892 1377 963 prolaturus
1407 893 1441 947 sit
1459 901 1541 964 atque
1566 892 1713 948 dicturus:

918 979 1715 1053 luserdipitumtcumhuc,etuidemonesrnens;atctser

917 1073 1134 1137 manumissum,
1147 1071 1304 1125 etmittein
1316 1070 1393 1126 lotus
1403 1086 1496 1126 racem
1506 1069 1713 1141 (Ioannem),

917 1166 944 1214 et
959 1174 1079 1231 agnosce
1090 1175 1150 1230 quae
1160 1174 1210 1229 pro
1225 1166 1251 1214 te
1266 1166 1317 1215 eta
1332 1167 1368 1225 te,
1378 1159 1503 1231 impietas
1514 1160 1714 1228 humana,per·

917 1247 1040 1302 tulerim.
1058 1247 1116 1303 lloc
1131 1250 1228 1303 contra
1243 1247 1304 1302 illos
1318 1247 1418 1303 dictum
1434 1247 1478 1312 sit,
1495 1248 1539 1319 qui
1564 1246 1618 1302 sibi
1632 1245 1715 1301 nimis

918 1335 1093 1391 blandiuntur
1120 1336 1156 1390 dc
1181 1336 1410 1406 promissionibus
1453 1334 1659 1400 misericordie,
1687 1342 1715 1389 et

918 1431 1094 1482 contemnunt
1108 1424 1181 1479 uires
1194 1424 1318 1493 justitiae.
1334 1424 1395 1479 Non
1407 1432 1450 1479 est
1465 1426 1539 1479 Deus
1554 1423 1613 1477 talis
1625 1423 1671 1494 qui
1685 1423 1713 1476 in

917 1528 1075 1568 unoverum
1103 1512 1187 1579 dicat,
1212 1522 1237 1567 et
1252 1511 1279 1567 in
1310 1512 1364 1568 alio
1380 1512 1533 1567 mentiatur.
1562 1512 1616 1567 Sed
1643 1511 1715 1566 sicut

918 1607 1024 1657 certum
1039 1601 1165 1673 estquod
1182 1600 1325 1672 promittit,
1342 1601 1378 1655 ita
1397 1610 1502 1658 certum
1531 1608 1574 1656 est
1587 1608 1614 1655 et
1642 1599 1715 1670 quod

64 1688 130 1745 dirae
144 1689 232 1745 iacies
248 1690 432 1746 ministronrm
449 1691 455 1743 l
470 1707 532 1746 curn
557 1691 638 1746 rebus
651 1691 775 1746 humanis
802 1691 863 1746 vale
878 1711 905 1774 B
919 1691 978 1760 ipse
992 1691 1120 1744 minatur.
1138 1691 1172 1744 Et
1186 1691 1259 1756 ideo,
1274 1689 1454 1755 dilectissimi,
1471 1692 1558 1744 Deum
1573 1704 1605 1746 ac
1621 1688 1714 1743 Domi-

65 1777 193 1833 ultimum
209 1778 315 1845 dicens,
344 1788 460 1834 mortem
476 1789 538 1835 ante
550 1797 582 1835 se
597 1779 709 1846 habens,
726 1785 753 1835 ct
780 1780 864 1836 vitam

64 1874 127 1937 post
140 1883 172 1922 se
186 1866 356 1938 relinquens,
374 1868 400 1921 in
416 1867 482 1922 illud
499 1868 705 1934 horrendum,et
729 1867 865 1923 rixoculis

64 1954 255 2026 attingendum
272 1957 444 2026 pertrahetur
458 1956 632 2027 protundum.
645 1957 704 2012 Heu
716 1955 722 2011 l
735 1965 864 2028 quantum

62 2044 183 2115 perdidit
209 2043 341 2116 gaudium
379 2051 483 2100 tantum
510 2054 659 2117 exceptura
686 2045 863 2116 supplicium.

65 2139 135 2209 Quid
152 2148 219 2196 tunc
234 2140 319 2196 animi
334 2141 454 2207 habebit,
470 2156 532 2198 cum
546 2157 646 2213 corpus
660 2158 739 2196 suurn
752 2142 865 2213 recipiet

63 2229 97 2283 ad
107 2237 222 2284 aeternae
232 2228 415 2285 damnationis
424 2230 683 2303 augmentum‘tlllo
692 2230 735 2286 die
746 2245 865 2302 praesen·

63 2317 165 2372 tabitur
179 2324 244 2372 aute
260 2318 362 2389 Regem
391 2318 565 2385 secutorum,
582 2334 750 2391 eorumquae
777 2319 864 2393 gessit

63 2413 91 2468 in
106 2428 227 2485 corpore
241 2414 375 2471 rationem
402 2416 554 2471 redditura.
575 2416 630 2472 Sed
659 2418 724 2487 quie
740 2394 813 2470 nulla
828 2416 864 2472 ad

61 2509 298 2581 comparationem
313 2510 447 2566 malorum
463 2510 536 2567 bona
555 2520 690 2568 ostentare
701 2512 812 2584 poterit,
828 2512 863 2568 ab

60 2600 120 2669 ipsa
135 2607 240 2654 sanctae
254 2597 388 2654 Ecclesiae
402 2599 495 2656 radice
506 2601 677 2670 praecidetur,
691 2606 862 2672 etnunquam

61 2692 228 2765 effugiendis
242 2694 375 2765 gebennas
389 2693 499 2768 ignibus
514 2695 635 2751 tradetur
648 2702 780 2767 perpetuo
796 2711 862 2751 cru·

60 2788 217 2847 cianda.O
239 2807 320 2863 quarn
344 2792 433 2859 triste,
450 2808 531 2864 quam
560 2792 675 2865 lugubre
699 2794 775 2849 erita
790 2791 863 2849 dulci

60 2888 163 2944 intuitu
178 2897 335 2945 sanctorum
364 2890 497 2961 separari,
514 2899 540 2945 et
562 2907 644 2962 quam
672 2891 794 2946 terribile
808 2891 863 2945 irn-

60 2978 232 3033 ntundorum
247 2977 389 3046 spirituum
404 2979 559 3050 agminibus
569 2979 667 3035 sociari
684 2978 690 3035 l
708 2979 806 3051 quibus
817 2979 863 3052 qui

61 3066 224 3133 sociabitur,
243 3067 326 3135 224
342 3067 452 3122 beatum
466 3068 615 3135 scdiceret,
625 3068 668 3134 sit,
679 3076 708 3123 ut
721 3069 862 3139 quodlibet
876 3065 901 3129 C

60 3154 172 3209 brutum
188 3154 299 3224 animal,
325 3155 354 3209 in
369 3155 461 3210 anima
475 3162 501 3210 et
515 3157 542 3209 in
569 3171 687 3227 corpore
701 3158 772 3212 mori
784 3156 860 3212 valc-

59 3261 111 3309 ret.
127 3253 184 3309 Sed
212 3254 276 3325 quia
299 3268 373 3308 mors
397 3253 446 3308 illa
473 3252 555 3310 tinem
569 3271 624 3310 non
639 3255 733 3321 habet,
753 3256 793 3313 sic
822 3255 859 3310 ibi

58 3358 172 3415 semper
185 3343 301 3398 moritur
324 3343 415 3408 homo,
432 3351 462 3398 ut
477 3359 587 3414 semper
603 3352 742 3416 resurgat,
759 3345 808 3400 sed
824 3345 859 3399 ad

59 3439 113 3495 hoc
128 3440 250 3512 resurgit
264 3447 293 3494 ut
307 3445 414 3510 pereat,
427 3455 478 3496 nec
493 3448 582 3496 tamen
591 3442 731 3511 pereundo
746 3441 859 3498 omnino

57 3551 122 3592 esse
137 3535 246 3591 desinat
264 3555 270 3591 ;
287 3536 336 3592 sad
360 3552 470 3608 semper
499 3538 622 3592 moriens
637 3538 733 3595 mortis
757 3540 858 3595 exitum

56 3649 199 3706 nunquam
214 3633 344 3688 inveniat.
371 3634 400 3688 ln
415 3634 468 3690 hoc
485 3643 575 3691 autem
593 3636 712 3691 damnati
740 3638 858 3692 hominis

55 3723 172 3777 miseria
186 3738 296 3793 prorsus
312 3723 467 3790 augebitur,
481 3724 553 3796 quod
569 3725 656 3781 Deum
680 3725 791 3795 videbit,
807 3742 859 3783 nec

54 3820 179 3887 habebit,
195 3828 298 3876 etanta
315 3821 357 3876 sui
383 3822 573 3890 Redemptoris
602 3830 779 3893 conspectum
807 3839 858 3895 per

55 3917 121 3972 ibit.
139 3919 185 3973 Vae
202 3917 266 3983 illis,
284 3918 329 3990 qui
345 3918 440 3974 haecin
456 3926 598 3989 posterum
611 3919 750 3974 toleranda
761 3920 858 3977 timere

56 4021 137 4061 nunc
164 4014 385 4078 recusant3quae
408 4007 431 4062 si
445 4008 528 4062 modo
557 4008 690 4073 timerent,
720 4025 858 4080 nunquam

56 4101 122 4156 talia
137 4101 298 4157 tolerarent.
322 4102 430 4158 Timere
454 4103 515 4158 dico
531 4119 584 4159 non
599 4104 696 4159 timore
724 4104 856 4177 quolibet,

56 4189 107 4245 sed
121 4188 181 4255 illu,
198 4206 278 4262 quern
301 4207 366 4246 vera
382 4190 449 4246 tides
473 4191 594 4259 adducit,
613 4193 657 4264 qui
681 4209 713 4248 ex
728 4193 858 4249 charitate

55 4294 113 4333 non
128 4276 192 4334 licta
206 4279 342 4349 procedit.
360 4280 483 4334 Charitas
498 4282 571 4335 enim
597 4280 722 4336 timorem
739 4282 817 4352 parit,
831 4290 859 4337 et

55 4367 185 4421 timorem
200 4367 317 4438 repellit.
337 4369 407 4423 Parit
422 4369 556 4439 timorem,
573 4377 599 4424 ut
615 4370 753 4440 Scriptura
768 4370 832 4426 dicit
851 4404 857 4440 :

55 4458 163 4512 Beattm
172 4456 255 4513 homo
269 4458 316 4529 qui
327 4474 438 4530 semper
445 4462 487 4513 est
493 4458 709 4529 perridcaffrou.
719 4460 859 4530 irritati)

55 4544 199 4599 Timorem
215 4545 331 4615 repellit,
358 4556 388 4600 ut
409 4546 446 4600 ait
461 4546 600 4617 apostolus
617 4565 623 4600 :
642 4547 694 4614 Qui
715 4551 861 4619 perfectus
910 4583 975 4643 gem,
992 4593 1073 4648 quam

54 4637 99 4689 cst
111 4633 142 4688 in
158 4634 311 4700 charitate,
321 4636 504 4705 continenti!
514 4637 643 4704 duamur,
661 4636 705 4703 ta)
719 4635 859 4705 :Quartam

55 4748 129 4786 unus
145 4730 234 4785 tilialis
250 4748 314 4787 essa
332 4731 512 4805 dignoscitur,
528 4734 595 4787 altar
609 4733 729 4788 seruilis.
755 4735 809 4789 lste
825 4736 860 4788 fi-

56 4819 131 4874 lialis
147 4819 273 4875 videlicet
289 4835 350 4875 cum
375 4821 518 4878 dilectione
534 4829 561 4876 ct
584 4821 733 4888 desiderio,
751 4823 799 4878 sed
813 4823 859 4879 illc

55 4934 119 4972 cum
136 4916 245 4973 fastidio
271 4917 415 4974 exhibetur
430 4927 456 4974 et
480 4920 553 4975 odio.
570 4920 644 4976 lnter
671 4920 729 4976 haec
744 4921 859 4978 forsitan

55 5005 158 5077 aliquis
173 5005 239 5062 dicit
256 5022 262 5061 ι
278 5006 334 5063 Cur
358 5007 461 5063 homini
489 5017 528 5064 tot
543 5017 569 5065 ct
584 5018 656 5065 tanta
685 5010 798 5065 minaris
824 5010 858 5067 de

54 5105 139 5161 Deo?
153 5104 298 5177 Nunquam
312 5106 472 5177 perdetipsc
487 5123 568 5180 quem
584 5122 633 5162 sua
648 5107 855 5179 gratiacrearit,

55 5219 137 5275 quem
149 5211 271 5259 creatum
286 5211 314 5259 et
327 5203 437 5275 propria
462 5204 543 5275 culpa
562 5205 700 5276 perditum
729 5204 859 5263 ineffabili

54 5300 213 5367 dilectione,
229 5299 293 5356 dato
307 5316 338 5357 ae
352 5301 477 5373 pretio,a
491 5300 599 5357 diabolo
614 5301 749 5357 liberarit.
781 5303 857 5360 llunc

54 5400 133 5471 quasi
157 5414 212 5455 uon
241 5398 431 5471 desperantem
455 5401 604 5473 prospicio,
621 5402 671 5457 sed
686 5402 754 5457 ultra
773 5418 856 5475 quam

54 5495 138 5553 debet
166 5504 336 5567 sperantem,
358 5497 411 5554 nisi
436 5506 501 5555 ante
514 5498 596 5557 linem
611 5498 674 5557 vitre
687 5499 726 5556 sic
739 5515 853 5573 sperare

919 1793 985 1834 num
1000 1786 1122 1833 nostrum
1137 1781 1230 1833 lesum
1247 1778 1386 1834 Christum
1402 1780 1475 1849 pium
1490 1779 1630 1849 etjustum
1646 1776 1715 1847 pari-

919 1873 960 1921 ter
974 1865 1112 1922 credendo
1146 1865 1316 1935 confitentes,
1342 1876 1368 1922 et
1383 1866 1536 1923 confitendo
1559 1866 1713 1931 credentes,

919 1970 980 2010 cum
992 1955 1134 2010 Psalmista
1150 1955 1271 2011 dicamus
1285 1972 1291 2010 :
1306 1957 1447 2014 Universae
1458 1958 1511 2011 vire
1526 1956 1648 2021 Domirri,
1661 1955 1714 2009 mi·

918 2046 1107 2101 scricordiaat
1118 2046 1224 2101 ueritus
1233 2046 1321 2111 (Paul.
1335 2060 1420 2109 xxiv,
1435 2045 1493 2114 20).
1508 2044 1648 2100 Universa
1662 2041 1713 2098 viae

919 2132 1027 2188 Domini
1040 2141 1102 2187 sunt
1112 2132 1165 2188 duo
1176 2132 1310 2188 adventus
1337 2133 1397 2188 Filii
1413 2133 1484 2201 ejus.
1504 2132 1556 2200 Qui
1580 2131 1610 2185 in
1624 2130 1713 2202 primo

917 2220 1082 2293 praerogavit
1094 2221 1311 2277 misericordiam
1327 2241 1334 2287 ;
1350 2221 1377 2276 in
1393 2221 1514 2277 secundo
1534 2234 1713 2290 veropraero-

918 2317 1030 2383 gaturus
1044 2317 1085 2365 est
1097 2309 1249 2379 justitiam.
1270 2311 1304 2365 Et
1330 2325 1364 2365 ne
1379 2314 1443 2366 tuuc
1465 2309 1568 2380 justitia
1592 2309 1713 2365 dictante

917 2413 1072 2470 pereamus,
1087 2414 1160 2455 nrrnc
1175 2397 1367 2471 confugiamus
1389 2399 1423 2454 ad
1437 2398 1538 2470 ipsum,
1550 2398 1596 2470 qui
1622 2395 1713 2470 magis

917 2502 1016 2566 praesto
1031 2501 1072 2550 est
1085 2495 1150 2551 dure
1166 2495 1275 2551 veniam
1290 2512 1370 2567 quarn
1385 2503 1513 2567 peccator
1542 2493 1664 2551 converti
1677 2491 1713 2547 ad

917 2583 1102 2656 paenitentiam
1115 2603 1122 2650 ;
1133 2585 1198 2639 satis
1209 2585 1360 2655 promptior
1373 2585 1408 2639 ad
1424 2583 1622 2657 ignoscendum
1632 2596 1712 2654 quam

917 2671 1029 2744 quilibet
1044 2672 1125 2727 horno
1140 2673 1174 2726 ad
1190 2673 1369 2744 peccandum.
1387 2674 1451 2728 llaec
1466 2673 1527 2728 ideo
1541 2672 1612 2727 dixit
1622 2679 1650 2725 ut
1665 2668 1713 2742 qui

917 2760 1038 2817 converti
1053 2761 1195 2827 voluerint,
1212 2778 1290 2832 spem
1302 2762 1430 2827 babeant,
1447 2768 1474 2817 et
1488 2776 1565 2833 spem
1580 2760 1711 2815 habentes

915 2849 1022 2921 penitus
1037 2849 1210 2920 resipiscant.
1230 2848 1311 2918 Quod
1335 2851 1395 2920 ejus
1409 2849 1497 2920 pietas
1511 2855 1640 2920 praestare
1665 2846 1712 2901 di-

915 2945 1024 3010 gnetur,
1038 2938 1083 3009 qui
1104 2937 1139 2991 ita
1154 2937 1324 3007 dispensavit
1348 2946 1489 3008 utramque
1515 2938 1598 2993 vitam
1625 2943 1655 2991 ut
1682 2935 1711 2989 in

918 3025 1050 3097 praesenti
1064 3025 1165 3081 saeculo
1177 3024 1285 3082 labores
1300 3042 1333 3082 ac
1347 3025 1459 3081 dolores
1473 3025 1527 3081 cito
1542 3023 1623 3080 linem
1634 3023 1711 3078 babe-

917 3122 975 3169 rent
991 3131 998 3178 ;
1013 3114 1041 3168 in
1051 3114 1141 3170 tuturo
1155 3130 1221 3171 vero
1238 3114 1369 3171 bonorum
1379 3121 1404 3171 et
1414 3114 1585 3186 praemiorum
1610 3111 1710 3185 gaudia

914 3204 973 3259 sine
988 3203 1043 3259 ilne
1053 3212 1205 3259 manerent.

1114 3349 1197 3418 226
1218 3347 1388 3405 ertstota
1408 3349 1509 3404 xatx.

915 3507 1058 3578 Gottiidus
1071 3506 1282 3565 l'indocinensis
1303 3508 1474 3564 monestere
1491 3506 1630 3578 indicans
1644 3522 1707 3563 scr·

947 3613 1007 3663 uus,
1024 3598 1245 3654 Heraeoinclcso
1269 3598 1431 3663 amicosne,
1453 3597 1550 3652 suncti
1571 3596 1709 3668 propositi

945 3687 1199 3758 perseuerantiam.

948 3782 983 3835 ll.
998 3781 1157 3837 secretarius
1181 3782 1211 3836 tt.
1228 3781 1319 3837 ttsrtae
1334 3781 1417 3852 (aet),
1449 3781 1472 3836 si
1483 3780 1632 3837 monachus
1651 3776 1708 3833 vult

912 3866 981 3937 lieri,
998 3869 1067 3925 sicut
1081 3869 1160 3924 nobis
1183 3870 1344 3936 mandastis,
1372 3885 1426 3925 non
1453 3877 1496 3926 est
1523 3867 1707 3940 respuendus.

912 3957 1031 4027 Vigilate
1046 3958 1178 4028 itaquaut
1202 3958 1282 4014 citius
1309 3965 1492 4026 convertatur,
1523 3966 1549 4013 at
1575 3955 1707 4011 mundum

911 4045 1028 4111 deserat,
1041 4046 1084 4101 cui
1098 4045 1220 4101 forsitam
1234 4045 1327 4101 illicite
1336 4046 1490 4102 famulatur.
1499 4046 1620 4101 Alterum
1629 4058 1704 4111 vero,

912 4134 958 4205 qui
968 4134 1076 4189 noverit
1089 4134 1234 4205 presbyter
1247 4133 1336 4189 lactus
1352 4141 1403 4199 est,
1418 4134 1453 4189 de
1468 4149 1525 4205 quo
1554 4133 1650 4188 iterum
1665 4131 1705 4186 si·

911 4222 1071 4292 gnificastis,
1089 4223 1114 4278 si
1128 4223 1205 4278 vobis
1219 4223 1298 4278 bonan
1325 4223 1458 4279 ritaeesse
1482 4222 1598 4287 videtur,
1626 4221 1706 4277 nobis

911 4312 1015 4366 mittere
1026 4311 1146 4378 curetis;
1162 4319 1188 4367 et
1198 4326 1377 4383 quoscunque
1390 4313 1511 4367 honestae
1521 4310 1707 4367 vitaeclericos

870 4399 1079 4482 Dinreneritis,
1091 4400 1169 4457 nobis
1184 4401 1367 4456 transmittere
1382 4417 1435 4456 non
1459 4399 1604 4455 differatis.
1641 4399 1706 4454 Plus

910 4490 1002 4561 itaque
1017 4488 1044 4543 in
1058 4489 1215 4544 bominibus
1234 4489 1375 4561 diligimus
1390 4491 1531 4545 honestam
1561 4498 1705 4560 pauperta-

1102 4577 1235 4649 superbas
1261 4595 1359 4634 eorum
1375 4577 1494 4642 divitias,
1522 4594 1591 4648 quas
1620 4577 1644 4632 si
1656 4579 1705 4631 ba-

911 4664 1027 4732 buerint,
1039 4666 1200 4738 respuendae
1214 4683 1269 4722 non
1284 4675 1347 4722 sunt
1364 4685 1371 4730 ;
1388 4666 1487 4721 hubent
1510 4667 1582 4721 enim
1613 4674 1640 4721 et
1652 4664 1705 4721 illae

912 4753 1099 4822 loenmsuum,
1129 4755 1196 4811 nihil
1215 4764 1305 4811 tanton
1326 4772 1375 4826 pro
1405 4754 1537 4811 iaciendis
1565 4754 1706 4810 mortaohis

910 4843 1066 4915 quoerimus,
1081 4843 1131 4898 sed
1142 4843 1164 4897 si
1181 4843 1244 4916 quid
1260 4844 1380 4899 oblatum
1388 4842 1476 4905 scierit,
1487 4842 1551 4913 quia
1568 4840 1633 4895 illud
1650 4843 1704 4897 ilc-

909 4930 972 5003 gula
984 4931 1084 5003 suscipi
1095 4932 1182 5000 jabet,
1195 4931 1369 5002 suscipimus.
1384 4930 1456 4986 Ordo
1465 4930 1600 5000 siquidem
1612 4938 1706 4986 noster

909 5018 993 5091 exigit
1007 5026 1035 5074 ut
1048 5019 1116 5075 tales
1143 5021 1238 5084 simus,
1255 5019 1300 5091 qrn
1325 5035 1379 5074 non
1399 5017 1479 5073 lucris
1509 5018 1706 5089 temporalibus

909 5107 958 5163 sed
972 5107 1111 5164 lucrandis
1119 5107 1264 5163 animabus
1274 5123 1384 5178 operarn
1395 5107 1501 5163 demus.

1144 5268 1219 5337 227
1239 5267 1409 5325 EPtsrotn
1431 5269 1462 5324 t.

908 5414 1053 5485 Got'srirlcs
1064 5413 1275 5472 l'iodocincnsis
1289 5418 1461 5472 monasterii
1470 5417 1586 5472 inutilis
1595 5433 1701 5484 seruus,

906 5503 1009 5560 dilecto
1019 5520 1071 5561 suo
1084 5503 1189 5561 llereeo
1205 5504 1326 5570 incluso,
1346 5507 1556 5578 interpurietas
1571 5506 1701 5578 lepidam

91 5622 167 5689 (tat)
177 5622 355 5681 secretarius
370 5624 403 5681 Β.
423 5624 527 5683 loric.
538 5624 672 5683 Ecclesia
700 5625 889 5687 Gamotenais.
908 5626 990 5687 Libro
1004 5645 1035 5698 u,
1052 5626 1170 5703 epistola
1190 5632 1232 5690 tt.
1249 5630 1362 5689 Sanctia
1382 5631 1477 5689 llarioe
1492 5630 1657 5703 Capitulum
1675 5634 1704 5685 et

55 5692 137 5765 epist.
159 5696 206 5749 15.
