3780 6038
105 246 160 304 'tos

569 244 861 304 DEFLORATIONES
881 245 934 302 SS.
956 244 1112 303 PATRUM.
1128 277 1162 286 —
1177 244 1241 303 Llll.
1257 247 1281 301 l.
1700 254 1752 313 766

147 396 158 419 v
175 370 240 427 liaec
249 376 340 427 autem
350 386 366 428 e
376 385 393 428 o
403 372 549 444 cogitante,
562 384 628 428 ecce
641 368 771 443 angelum
792 368 906 424 Domini
920 370 947 431 A
961 367 1086 438 voluerit,
1103 369 1209 425 beatam
1224 371 1274 426 Dei
1284 369 1464 440 Genitrioem,
1474 389 1637 447 nunquama
1651 378 1754 450 loseph

103 468 228 552 apparuit
242 468 269 527 si
281 469 395 527 diceus:
410 470 524 542 loseph,
540 468 579 527 fili
598 467 697 533 David,
728 466 786 523 noli
809 467 906 523 timere

105 558 233 631 accipere
247 558 361 615 blariam
375 558 521 633 conjugem
536 565 621 613 tuam.
634 556 713 626 Quod
730 555 802 612 euim
821 555 848 609 in
873 570 906 610 ea

105 654 201 704 uatum
216 654 259 703 est
271 646 307 702 de
321 646 422 718 Spiritu
434 653 529 703 sancto
538 653 590 703 est.
601 646 693 702 Parict
710 653 800 700 autem
818 642 906 698 lilium

108 751 135 800 et
148 742 263 805 vocabis
277 757 377 800 nomen
393 743 453 814 ejus
465 743 560 798 lesum
576 763 583 812 ;
599 742 658 815 ipse
672 740 855 798 enimsalvum
866 740 907 795 ia·

108 832 165 888 ciet
177 833 307 915 populum
323 846 401 887 suum
414 846 430 886 a
442 830 562 903 peccatis
578 846 682 888 eorum.
701 852 711 877 u
729 828 835 899 Quibus
844 844 907 900 pro-

108 920 184 978 lecto
197 920 293 976 verbis
307 919 406 976 modus
420 918 607 992 conceptionis
621 921 690 989 ejus,
710 918 791 974 simul
813 926 840 973 et
862 917 906 971 di-

108 1018 223 1095 gnitatis
236 1027 332 1092 partus
346 1019 488 1087 edocetur,
514 1019 578 1092 quia
601 1018 729 1075 videlicet
747 1017 782 1073 dc
805 1016 907 1088 Spiritu

108 1116 205 1165 sancto
220 1107 356 1181 concepit,
373 1115 401 1163 et
412 1106 577 1179 pariturasit
587 1106 732 1161 Christum.
745 1104 832 1174 Quem
844 1113 869 1160 et
884 1103 908 1160 si

107 1204 202 1269 aperta
217 1211 285 1253 voce
299 1195 414 1269 angelus
427 1194 570 1251 Christum
580 1210 634 1251 non
644 1193 772 1266 appellet,
782 1193 809 1248 iu
820 1209 853 1249 eo
864 1201 908 1248 ta-

106 1311 170 1369 men
180 1294 254 1369 quod
273 1292 453 1367 etymologias
462 1292 581 1349 nominis
591 1293 654 1348 Jesu
663 1290 908 1364 exponens.ipsum

959 467 1104 524 celebratis
1118 468 1232 541 nuptiis,
1255 468 1284 523 in
1305 485 1404 526 nomen
1427 473 1553 547 conjugis
1574 485 1753 548 assumptam,

960 565 1078 627 exponat
1093 556 1154 628 ipse
1168 557 1266 613 melius
1279 559 1352 615 hunc
1365 561 1452 617 sancti
1474 564 1615 637 Evangelii
1638 565 1728 624 locum
1746 584 1753 621 :

959 644 1114 717 pariterque
1127 647 1252 701 ostendat
1265 645 1368 703 licitum
1384 648 1469 706 fuisse
1484 652 1557 722 apud
1580 652 1699 720 Judaeos,
1725 663 1754 710 ut

960 757 1069 814 sponsae
1095 758 1152 797 suae
1179 745 1294 815 quisque
1323 745 1423 802 carnali
1452 747 1553 818 copula
1580 750 1752 819 misceretur,

960 845 1029 887 sano
1049 830 1111 900 ejus
1135 831 1276 888 intellectu
1297 833 1413 891 libenter
1435 836 1566 906 cedimus,
1592 847 1695 894 tautum
1720 856 1755 896 ne

961 935 1026 991 erga
1033 920 1145 974 Martem
1159 919 1539 997 Dominiquidquamgestum
1556 927 1629 998 quod
1646 928 1756 1000 publiea

961 1017 1089 1087 opinione
1104 1028 1197 1090 posset
1210 1017 1339 1074 infamari
1352 1020 1509 1078 credamus.
1523 1023 1604 1093 Quod
1622 1041 1687 1081 vero
1702 1026 1755 1082 ud·

960 1105 1035 1165 ditur
1054 1128 1064 1153 v
1080 1105 1169 1162 donec
1182 1107 1291 1178 peperit
1303 1107 1385 1163 filium
1410 1126 1489 1166 suum
1510 1112 1722 1186 primogenitum
1741 1137 1752 1162 a

961 1210 1042 1251 namo
1065 1195 1103 1249 ila
1130 1195 1339 1268 intelligendum
1367 1205 1444 1269 putet
1470 1201 1548 1271 quasi
1575 1209 1636 1272 post
1663 1213 1756 1259 natum

963 1291 1050 1346 lilium
1064 1307 1124 1346 eam
1139 1293 1308 1364 cognoverit,
1325 1300 1354 1348 ut
1368 1294 1478 1365 quidam
1492 1311 1620 1366 perverse
1642 1299 1758 1369 opinan-

107 1383 203 1440 salutis
214 1382 333 1448 ostendit
347 1390 497 1450 auctorem,
513 1381 729 1454 populorumque
740 1379 907 1436 salvatorem
961 1388 1014 1437 tur.
1030 1380 1106 1436 Scire
1117 1381 1278 1437 enimdebet
1288 1390 1382 1438 vestra
1392 1381 1552 1439 fraternitas
1562 1385 1625 1457 quia
1647 1387 1758 1443 suerunt

107 1487 140 1530 ac
153 1471 286 1545 populum
296 1470 358 1543 ejus
374 1477 516 1541 nuncupat
539 1469 684 1525 manifesta
700 1469 815 1536 ratione,
845 1469 910 1541 quis
962 1468 1086 1525 hoeretici
1100 1469 1157 1542 qui.
1173 1477 1287 1542 propter
1301 1471 1353 1528 hoc
1366 1472 1440 1544 quod
1455 1472 1606 1529 dictumest
1618 1497 1629 1522 v
1641 1491 1697 1531 uon
1708 1489 1758 1532 co·

108 1569 149 1626 sic
164 1568 301 1624 Christum
314 1566 449 1641 siguificat
463 1573 492 1621 ut
506 1583 556 1639 per
568 1567 628 1622 haec
642 1574 668 1622 et
691 1582 751 1638 quse
773 1565 909 1621 nescierat
962 1567 1115 1638 gnoscebat
1137 1581 1198 1622 eam
1221 1567 1311 1624 donec
1334 1570 1441 1639 peperit
1463 1569 1559 1640 filium,
1577 1595 1587 1619 ι
1615 1573 1760 1629 crederent

107 1658 183 1714 dicat
196 1657 309 1730 loseph,
325 1663 352 1713 et
369 1672 386 1713 a
400 1655 530 1713 contactu
551 1655 602 1710 Dei
619 1654 765 1710 Genitrieis
788 1653 909 1709 funditus
963 1655 1076 1711 hieriam
1090 1665 1153 1725 post
1166 1663 1256 1711 natum
1272 1657 1417 1713 Dominum
1432 1659 1573 1732 cognitam
1587 1675 1650 1717 esse
1671 1676 1689 1717 a
1708 1662 1758 1719 lo-

107 1753 219 1803 menten
234 1752 369 1802 amoveat.
386 1744 501 1816 (Deum)
525 1742 613 1812 Quam
642 1751 735 1799 tamen
762 1742 907 1813 dispensa·
921 1720 949 1782 Β
964 1744 1043 1815 seph,
1058 1752 1086 1799 et
1099 1744 1164 1800 inde
1178 1752 1254 1801 ortos
1268 1760 1316 1802 eos
1338 1762 1408 1818 quos
1430 1747 1532 1804 iratres
1553 1749 1662 1805 Domini
1685 1750 1760 1806 Scri·

107 1844 271 1914 tionejuxta
296 1841 470 1899 necessitatis
498 1842 625 1914 accipere
651 1841 764 1911 jubetur
792 1839 851 1895 solo
877 1838 912 1894 de
963 1839 1188 1911 pturaappetlat,
1208 1849 1381 1897 assumentes
1404 1851 1431 1898 et
1453 1844 1506 1901 hoc
1533 1844 1560 1899 in
1589 1845 1757 1914 adjutorium

107 1932 221 1989 nomine
234 1931 391 2007 conjugem,
407 1947 443 1987 ne
456 1929 672 2001 videlicetquasi
696 1927 818 1984 adultera
842 1927 910 2000 lapi·
965 1929 1007 1983 sui
1022 1928 1125 1983 erroris
1138 1928 1210 1999 quod
1221 1929 1418 2001 primogenitus
1428 1941 1608 2004 nuncupatur.
1624 1935 1759 1991 Dominus

108 2020 225 2076 daretur
242 2018 385 2085 aludaeis‚
402 2027 429 2074 et
443 2018 509 2074 utin
524 2015 912 2090 Egyptumiugienshaberet
964 2016 1039 2072 Deus
1062 2023 1169 2071 evenat
1189 2015 1261 2074 hanc
1284 2016 1483 2089 blasphemiam
1513 2036 1530 2077 a
1556 2021 1610 2077 lide
1638 2023 1760 2079 omnium

108 2117 239 2174 solatium
255 2114 381 2183 masculi,
396 2115 444 2187 qui
467 2114 596 2172 ismiliari
625 2130 691 2171 cura
714 2121 741 2170 et
767 2122 839 2169 tutor
867 2114 910 2170 le·
964 2121 1099 2180 nostrum,
1113 2111 1256 2185 donetque
1270 2115 1350 2172 nobis
1373 2116 1514 2175 Catholioa
1532 2119 1633 2190 pietate
1655 2120 1759 2176 intelli·
1819 2180 1823 2195 ,

107 2207 207 2263 mincae
222 2203 387 2276 fragilitatis,
404 2211 432 2259 et
447 2203 523 2260 testis
538 2202 600 2275 ejus
612 2210 752 2275 perpetues
764 2201 911 2275 virginita·
964 2217 1030 2278 gere
1053 2213 1180 2276 parentes
1202 2207 1288 2262 nostri
1312 2207 1463 2265 salvatoris
1482 2209 1643 2267 intemerata
1675 2210 1760 2267 luisse

108 2296 144 2352 tis
158 2294 301 2351 existeret.
317 2292 438 2349 Produnt
452 2291 583 2354 Catholici
602 2291 773 2364 expositores
794 2298 824 2346 et
844 2290 911 2348 alias
964 2309 1073 2366 sernper
1084 2294 1238 2367 virginitate
1251 2296 1410 2366 praeclaros,
1427 2305 1453 2354 et
1468 2314 1522 2355 non
1533 2298 1616 2366 lilios,
1638 2300 1687 2356 sed
1708 2315 1760 2356 eo·

110 2408 208 2451 causas
222 2407 306 2464 quare
320 2390 371 2446 Dei
395 2389 564 2447 Genitrioem
588 2390 691 2461 loseph
714 2388 840 2461 accipere
862 2389 910 2445 de·
965 2399 1064 2463 gnatos
1088 2406 1186 2448 eorum
1208 2390 1309 2449 iratres
1328 2394 1438 2450 Domini
1460 2396 1661 2468 scripturarum
1683 2413 1760 2453 more

109 2481 201 2539 buerit
216 2481 370 2553 conjugem.
384 2477 459 2548 Ques
473 2480 501 2534 iu
525 2479 593 2545 suis,
623 2477 670 2551 qui
697 2477 764 2545 vult,
792 2476 912 2534 inveniet
963 2480 1128 2553 nuncupari.
1144 2480 1197 2537 Sed
1213 2481 1250 2537 ob
1264 2481 1290 2537 id
1305 2483 1505 2556 evangelistam
1526 2501 1560 2540 au
1582 2494 1646 2558 poet
1666 2494 1759 2542 natum

109 2571 192 2628 locis.
212 2568 332 2625 Adhibet
346 2576 435 2624 autem
463 2567 635 2641 evangelista
661 2566 751 2637 partui
779 2566 911 2642 virginali
963 2570 1063 2626 Filium
1077 2569 1129 2624 Dei
1143 2583 1203 2625 eam
1217 2571 1384 2643 cognoverit
1392 2572 1485 2629 dicere
1496 2589 1553 2629 non
1567 2575 1761 2647 curasse,quia

112 2669 193 2735 etiam
205 2665 357 2741 prophetici
370 2665 507 2722 sermonis
522 2663 690 2737 exemplum,
712 2667 741 2719 ul
760 2669 841 2720 tantas
860 2665 911 2719 mi·
963 2666 1081 2723 uullide
1100 2668 1154 2724 hoc
1177 2667 1369 2740 ambigendum
1398 2671 1560 2740 putaverint,
1590 2672 1662 2744 quod
1690 2687 1758 2728 con·

110 2753 436 2827 amulummajestatiseo
445 2752 544 2810 certius
553 2753 702 2821 videretur,
714 2751 786 2825 quod
795 2753 910 2810 hocnon
961 2758 1056 2829 juges,
1083 2756 1182 2828 quibus
1202 2755 1230 2811 in
1252 2756 1418 2829 virginitatis
1452 2759 1617 2815 castimonia
1647 2776 1759 2831 perma-

111 2845 273 2918 solumipse
287 2843 380 2900 lictum
401 2842 538 2910 crederet,
559 2842 608 2897 sed
633 2841 714 2897 etiarn
735 2857 751 2896 a
778 2843 910 2914 propheta
962 2846 1102 2911 uentibus,
1117 2843 1169 2900 Dei
1183 2843 1281 2900 Filium
1296 2845 1373 2900 nasci
1396 2846 1531 2918 singulari
1556 2848 1644 2921 grstia
1667 2848 1760 2903 detrun

110 2942 274 3019 predictum
288 2940 435 2998 recoleret.
453 2941 522 2996 Nam
537 2947 564 2995 et
582 2939 647 2995 huic
669 2938 854 3012 evangelistae,
882 2939 910 2996 id
963 2953 1014 3011 est,
1030 2941 1187 2998 nullatenus
1201 2957 1235 2998 ex
1258 2957 1293 2997 eo
1314 2943 1445 2999 castitatis
1464 2944 1526 3014 jura
1549 2952 1684 3001 temerare
1712 2960 1760 3016 po·

111 3042 155 3092 est
168 3032 294 3088 llatthoeo
309 3030 394 3086 moris
415 3038 457 3085 est
479 3028 569 3085 omnia
592 3044 652 3102 quae
675 3037 771 3084 narrat
790 3030 909 3101 prophe·
926 3031 1076 3139 Ctuerint.

110 3123 172 3179 ticis
186 3120 326 3179 affirmare
341 3117 516 3174 testimoniis.
532 3116 649 3189 Scripsit
657 3132 775 3190 namque
783 3118 910 3192 Evange-
999 3146 1155 3203 Notandum
1179 3161 1288 3218 quoque
1309 3153 1350 3202 ρει

111 3219 179 3277 lium
192 3236 273 3276 suurn
288 3218 323 3274 ab
340 3232 434 3273 eorum
451 3215 570 3273 maxime
584 3230 705 3284 causam,
734 3215 781 3288 qui
804 3231 837 3270 ert
857 3215 909 3271 lu-

110 3308 177 3368 daeis
188 3307 347 3373 credebant,
363 3321 415 3363 uec
433 3314 523 3360 tamen
536 3304 608 3381 legis
622 3303 802 3373 ceremoniis,
814 3320 910 3376 quam·

110 3398 153 3456 vis
167 3396 256 3453 renati
269 3396 297 3451 in
313 3394 431 3465 Christo,
446 3393 577 3449 valebant
598 3392 690 3460 evelli,
712 3401 737 3448 et
763 3402 911 3465 propterea

111 3493 256 3569 satagebat
269 3509 318 3550 eos
334 3508 351 3550 a
365 3492 467 3549 carnali
487 3490 557 3564 legis
571 3499 598 3546 et
608 3490 802 3562 prophetarum
826 3507 911 3547 sensu

112 3586 148 3642 ad
164 3582 333 3657 spiritualem
348 3581 394 3653 qui
409 3580 443 3637 de
460 3579 566 3636 Christo
581 3579 700 3652 erigere,
716 3587 849 3651 quatenus
863 3596 909 3634 sa-

112 3679 253 3731 cramenta
264 3669 326 3727 fidei
338 3669 500 3726 Christiane
510 3675 584 3724 tanto
592 3667 717 3723 securius
725 3667 909 3739 perciperent,

112 3777 215 3845 quanto
230 3768 288 3824 haec
301 3783 358 3824 non
372 3766 447 3822 aliud
467 3780 529 3823 esse
550 3763 725 3837 perciperent
748 3780 828 3836 quam
851 3781 910 3837 quae

111 3858 254 3933 prophetae
265 3856 459 3930 praedixerant.

145 3966 228 4031 Ecce,
245 3985 256 4012 ι
272 3962 369 4036 inquit,
389 3986 400 4010 v
417 3961 502 4034 Virgo
518 3960 546 4015 in
561 3968 641 4017 utero
656 3959 910 4032 habebit,etpariet

110 4061 206 4130 hlium,
222 4069 250 4119 et
262 4060 398 4117 vocabunt
414 4073 516 4114 nomeu
529 4058 591 4129 ejus
600 4055 779 4126 Emmanuel,
789 4058 911 4130 quodest

109 4151 316 4223 interpretatum
331 4148 480 4205 sedunum
496 4147 579 4203 Deus.
597 4147 729 4202 »Nomen
751 4147 907 4216 salvatoris,

109 4239 185 4312 quod
198 4238 341 4296 nobiscum
357 4237 454 4292 Densa
470 4236 606 4307 propheta
619 4243 745 4303 vocatur,
766 4244 909 4306 utramque

107 4341 234 4389 natum
249 4331 329 4388 unius
339 4344 466 4403 persouae
476 4328 670 4400 ipsiussignal.
684 4327 737 4399 Qui
751 4328 823 4384 enim
844 4338 908 4383 aute

1373 3147 1447 3220 quod
1476 3148 1655 3224 primogeniti
1692 3165 1757 3218 non,

962 3246 1042 3316 juxta
1057 3242 1244 3298 hmreticorum
1259 3243 1430 3314 opinionem,
1447 3243 1498 3300 soli
1509 3250 1572 3300 sunt
1582 3262 1649 3317 quos
1665 3244 1763 3302 iratres

965 3340 1124 3405 sequuntur,
1158 3339 1222 3386 sunt
1260 3332 1315 3386 alii.
1354 3332 1409 3388 Sed
1449 3334 1525 3401 juxte
1570 3335 1760 3390 auctoritatem

966 3422 1166 3493 scripturarum
1181 3436 1279 3477 omnes
1294 3421 1339 3493 qui
1354 3421 1435 3492 primi
1450 3420 1556 3478 vulvam
1570 3423 1695 3494 aperiunt
1705 3423 1763 3479 sive

964 3521 1065 3578 lratres
1080 3534 1129 3575 eos
1145 3517 1227 3591 aliqui
1241 3535 1289 3574 sen
1309 3519 1376 3574 nulli
1400 3529 1560 3592 sequantur,
1587 3520 1764 3593 primogeniti

963 3615 1109 3664 vocantur.
1125 3611 1253 3664 Attamen
1276 3623 1338 3662 cum
1360 3608 1494 3667 Dominus
1518 3609 1631 3681 speciali
1653 3611 1759 3666 ratione

964 3697 1052 3770 possit
1079 3696 1281 3768 primogenitus
1307 3696 1397 3753 dictus
1432 3698 1558 3770 intelligi,
1593 3699 1675 3770 iuxta
1710 3701 1763 3756 hoc

964 3797 1037 3867 quod
1051 3796 1081 3850 in
1095 3795 1261 3866 Apocalypsi
1275 3794 1342 3850 dicit
1355 3795 1391 3852 de
1405 3811 1437 3852 co
1451 3797 1571 3853 loannes
1588 3813 1594 3851 :
1614 3820 1625 3847 a
1646 3797 1700 3867 Qui
1722 3806 1763 3853 est

963 3886 1043 3941 testis
1059 3883 1148 3940 fidelis
1162 3883 1360 3956 primogenitus
1376 3894 1555 3951 mortuorum,
1586 3894 1613 3942 et
1634 3887 1762 3957 princeps

963 3989 1062 4047 regum
1077 3980 1157 4028 terrae
1186 3972 1285 4044 (Apoo.
1316 3980 1347 4041 ι).
1365 3994 1376 4020 u
1408 3973 1440 4026 Et
1463 3972 1605 4044 apostolus
1635 3974 1756 4028 Paulus:

966 4071 1064 4125 «Nam
1078 4084 1148 4141 quos
1171 4067 1299 4139 prescivit
1326 4075 1353 4122 et
1379 4068 1582 4138 pradestinavit
1606 4067 1763 4124 couiormss

964 4155 1024 4213 lieri
1037 4157 1172 4231 imagines
1187 4155 1247 4210 Filii
1262 4155 1314 4222 sui,
1328 4163 1357 4210 ut
1372 4157 1406 4210 sit
1429 4156 1488 4226 ipse
1512 4155 1711 4228 primogenitus
1734 4157 1763 4212 in

964 4247 1057 4302 multis
1070 4244 1201 4300 iratribus
1215 4244 1309 4313 (Rom.
1325 4245 1394 4313 mu).
1414 4264 1425 4296 ι
1443 4245 1646 4318 Primogeuitus
1670 4253 1712 4301 est
1734 4246 1762 4300 iu

963 4343 1056 4399 multis
1071 4343 1213 4411 iratribus,
1230 4342 1321 4415 quia«
1348 4351 1479 4415 quotquot
1501 4353 1666 4415 receperunt
1687 4360 1761 4413 eum,

108 4430 233 4493 tempora
246 4428 326 4476 ΜΝ*
341 4434 373 4475 ⁰¹
389 4420 466 4473 Ρθῑῐθ
481 4419 554 4473 ὓθῦῧ
579 4425 631 4485 0⁸¹2
656 4417 715 4488 59⁸⁰
736 4417 764 4472 5⁰
785 4416 906 4488 illenim·
921 4437 948 4498 D
964 4434 1038 4490 dedit
1049 4434 1089 4489 eis
1100 4440 1260 4503 potestatem
1270 4430 1399 4489 filiosDei
1409 4432 1469 4489 lieri
1481 4435 1628 4503 (learnt).-
1640 4432 1762 4503 Quorum

110 4509 175 4566 dine
190 4518 342 4581 temporum
357 4506 526 4572 Emmanuel,
543 4505 571 4560 id
582 4505 778 4562 estnobisoum
789 4506 872 4573 Deus,
882 4505 910 4561 iu

111 4614 201 4674 utero,
217 4605 310 4661 matris
338 4603 425 4661 lactus
450 4609 492 4658 est
520 4604 583 4675 quia
610 4608 710 4659 nostra
737 4601 909 4675 fragilitatem

110 4703 227 4763 naturae,
239 4693 406 4750 inunitatem
417 4707 474 4748 suae
484 4706 611 4762 personae
626 4690 765 4762 suscipere
783 4691 911 4765 dignatus

110 4792 162 4855 est,
174 4782 286 4857 quando
294 4806 305 4830 a
320 4780 437 4838 Verbum
447 4794 514 4837 caro
526 4779 678 4835 factumest
689 4787 715 4835 et
735 4779 871 4835 habitavit
883 4780 911 4835 in

110 4880 355 4950 nobisllocu.1l,v
369 4876 604 4935 mimmvidelicet
622 4877 648 4931 in
658 4876 768 4931 modum
779 4876 912 4948 incipiens

111 4969 259 5042 essequod
274 4984 324 5024 nos
338 4982 443 5033 sumus,
466 4973 493 5021 et
519 4981 573 5021 non
593 4965 723 5020 desinens
748 4979 811 5020 esse
838 4966 911 5037 quod

110 5066 191 5115 crat:
208 5058 248 5114 sic
262 5071 406 5113 assumens
422 5062 549 5110 naturam
563 5062 692 5122 nostram,
709 5061 738 5108 ut
757 5053 830 5127 qood
854 5061 912 5109 erat

110 5158 171 5231 ipse
186 5172 241 5214 non
257 5154 399 5229 perderet.

150 5256 434 5330 “Exsurgensautem
444 5257 546 5329 loseph
557 5271 574 5311 a
584 5254 749 5312 somnoiectt
762 5256 832 5312 sicut
842 5271 913 5328 prm·

109 5354 221 5423 ceperat
231 5346 255 5403 ei
263 5344 381 5420 angelus
389 5345 508 5413 Domini,
518 5344 802 5417 etaccepitconjugen
819 5358 909 5411 suam,

109 5454 138 5503 et
146 5461 201 5502 non
212 5443 400 5518 tmgnoscebat
409 5458 496 5501 eam.»
505 5444 618 5515 Accepit
628 5457 689 5500 eam
698 5443 838 5500 adnomen
846 5460 907 5500 con·

965 4532 1041 4580 recte
1054 4521 1253 4594 primogenitus
1266 4521 1430 4593 appellatur,
1441 4522 1513 4595 quod
1529 4538 1625 4578 omnes
1640 4522 1763 4594 adoptio-

964 4622 1008 4677 nis
1021 4620 1101 4688 tilios,
1118 4620 1200 4676 etiam
1212 4619 1274 4676 iilos
1288 4620 1335 4692 qui
1350 4620 1546 4677 incarnationis
1560 4624 1619 4692 ejus
1641 4630 1764 4693 tempora

964 4711 1102 4767 nascendo
1125 4716 1326 4780 precesserunt
1350 4708 1482 4782 dignitate
1505 4709 1693 4782 progreditur.
1717 4709 1763 4764 Si-

966 4799 1075 4871 quidem
1091 4805 1205 4870 possunt
1218 4796 1257 4850 illi
1273 4812 1334 4853 oum
1350 4797 1455 4853 loanne
1471 4798 1647 4853 veracissima
1657 4797 1761 4853 lestari.

967 4894 1020 4964 Qui
1035 4896 1174 4967 priusnos
1188 4893 1262 4950 venit
1276 4901 1339 4948 ante
1354 4908 1404 4948 nos
1419 4892 1506 4950 iactus
1521 4902 1571 4956 est,
1589 4893 1617 4948 id
1637 4902 1678 4949 est
1700 4900 1764 4963 post

966 5000 1017 5039 nos
1033 4982 1141 5055 quidem
1157 4981 1185 5035 in
1200 4981 1301 5036 mundo
1316 4981 1435 5052 genitus.
1452 4980 1506 5036 Sed
1532 4983 1631 5037 merito
1655 4982 1763 5038 virtutis

968 5070 1165 5145 primogenitus
1179 5069 1300 5126 omnium
1312 5069 1374 5137 jure
1389 5075 1430 5124 est
1456 5077 1578 5134 vocatus,
1604 5086 1762 5143 quanquam

967 5176 993 5224 et
1008 5167 1035 5222 in
1049 5168 1109 5238 ipsa
1120 5167 1211 5221 divina
1222 5164 1364 5221 nativitate
1376 5181 1431 5219 non
1442 5165 1668 5223 inconvenienter
1678 5167 1765 5237 possit

967 5254 1167 5330 primogenitus
1188 5254 1253 5320 dici,
1278 5254 1342 5327 quia
1364 5253 1521 5326 priusquam
1545 5263 1697 5311 creaturam
1721 5256 1764 5311 la·

967 5345 1065 5404 ciendo
1080 5344 1210 5418 gigneret
1223 5342 1352 5416 aliquem,
1369 5351 1534 5400 coaeternum
1548 5344 1600 5400 sibi
1616 5344 1701 5401 Pater
1711 5362 1763 5417 ge-

967 5441 1147 5499 nuitllilium.
1180 5440 1258 5496 Prius
1284 5442 1358 5496 enim
1387 5457 1468 5513 quam
1498 5441 1614 5497 verbum
1641 5441 1765 5497 veritatis

106 5543 186 5619 jugis
199 5542 236 5611 ob
245 5557 344 5599 causas
357 5557 426 5615 quas
435 5539 621 5614 praediximus,
631 5548 658 5597 et
667 5542 913 5615 noncoguoscebat
967 5536 1126 5611 adoptionis
1141 5535 1213 5593 lilios
1236 5536 1289 5593 sibi
1311 5537 1475 5595 redimendo
1498 5538 1624 5613 gigneret
1647 5536 1763 5609 aliquos,

109 5656 174 5701 eam
183 5640 219 5697 sd
227 5656 299 5713 opus
308 5637 455 5713 conjugale
461 5636 496 5694 ob
502 5652 603 5695 arcana
612 5654 674 5715 quae
681 5636 823 5696 didicerat.
834 5636 914 5707 Quod
967 5645 1136 5694 coaeternum
1151 5634 1203 5690 sibi
1219 5636 1299 5693 Pater
1314 5636 1565 5711 genuitlerhum.
1574 5635 1668 5687 unns
1681 5633 1789 5695 'manns

109 5738 133 5795 si
144 5734 279 5811 quishaic
289 5743 390 5794 nostra
400 5735 703 5807 expositioniohsistere
713 5742 740 5796 et
749 5737 918 5798 contendere
969 5734 1099 5797 l'erbum
1112 5732 1366 5810 ipsaEiliusDe'i„
1377 5734 1444 5803 equs
1453 5722 1700 5787 sensissemus
1710 5722 1744 5764 sn
1760 5723 1815 5758 es-
