<?xml version="1.0" encoding="UTF-8"?>
<!DOCTYPE html PUBLIC "-//W3C//DTD XHTML 1.0 Transitional//EN"
    "http://www.w3.org/TR/xhtml1/DTD/xhtml1-transitional.dtd">
<html xmlns="http://www.w3.org/1999/xhtml" xml:lang="en" lang="en">
 <head>
  <title>
</title>
<meta http-equiv="Content-Type" content="text/html;charset=utf-8" />
  <meta name='ocr-system' content='tesseract 3.04.00' />
  <meta name='ocr-capabilities' content='ocr_page ocr_carea ocr_par ocr_line ocrx_word'/>
</head>
<body>
  <div class='ocr_page' id='page_1' title='image "./patrologiaecurs60unkngoog_0342.png"; bbox 0 0 3780 6038; ppageno 0'>
   <div class='ocr_carea' id='block_1_1' title="bbox 105 220 158 277">
    <p class='ocr_par' dir='ltr' id='par_1_1' title="bbox 105 220 158 277">
     <span class='ocr_line' id='line_1_1' title="bbox 105 220 158 277; baseline 0.019 -1"><span class='ocrx_word' id='word_1_1' title='bbox 105 220 158 277; x_wconf 76' lang='lat'><strong>673</strong></span> 
     </span>
    </p>
   </div>
   <div class='ocr_carea' id='block_1_2' title="bbox 716 214 1142 273">
    <p class='ocr_par' dir='ltr' id='par_1_2' title="bbox 716 214 1142 273">
     <span class='ocr_line' id='line_1_2' title="bbox 716 214 1142 273; baseline 0 -2"><span class='ocrx_word' id='word_1_2' title='bbox 716 214 910 272; x_wconf 74' lang='lat' dir='ltr'>DISCIPLINA</span> <span class='ocrx_word' id='word_1_3' title='bbox 928 214 1142 273; x_wconf 78' lang='lat' dir='ltr'>CIEIIICALIS.</span> 
     </span>
    </p>
   </div>
   <div class='ocr_carea' id='block_1_3' title="bbox 973 112 981 138">
    <p class='ocr_par' dir='ltr' id='par_1_3' title="bbox 973 112 981 138">
     <span class='ocr_line' id='line_1_3' title="bbox 973 112 981 138; baseline 0 0"><span class='ocrx_word' id='word_1_4' title='bbox 973 112 981 138; x_wconf 84' lang='grc' dir='ltr'><em>Ι</em></span> 
     </span>
    </p>
   </div>
   <div class='ocr_carea' id='block_1_4' title="bbox 1704 228 1755 284">
    <p class='ocr_par' dir='ltr' id='par_1_4' title="bbox 1704 228 1755 284">
     <span class='ocr_line' id='line_1_4' title="bbox 1704 228 1755 284; baseline 0.02 -1"><span class='ocrx_word' id='word_1_5' title='bbox 1704 228 1755 284; x_wconf 82' lang='lat' dir='ltr'><strong>art</strong></span> 
     </span>
    </p>
   </div>
   <div class='ocr_carea' id='block_1_5' title="bbox 106 339 1756 420">
    <p class='ocr_par' dir='ltr' id='par_1_5' title="bbox 106 339 1756 420">
     <span class='ocr_line' id='line_1_5' title="bbox 106 339 1756 420; baseline 0.005 -21"><span class='ocrx_word' id='word_1_6' title='bbox 106 348 134 399; x_wconf 95' lang='lat' dir='ltr'><strong>in</strong></span> <span class='ocrx_word' id='word_1_7' title='bbox 150 359 285 401; x_wconf 86' lang='lat' dir='ltr'><strong>versusno</strong></span> <span class='ocrx_word' id='word_1_8' title='bbox 302 363 308 398; x_wconf 90' lang='lat'><strong>:</strong></span> <span class='ocrx_word' id='word_1_9' title='bbox 325 342 486 399; x_wconf 87' lang='lat' dir='ltr'><strong>lnobedicns</strong></span> <span class='ocrx_word' id='word_1_10' title='bbox 500 357 529 397; x_wconf 89' lang='lat' dir='ltr'><strong>es</strong></span> <span class='ocrx_word' id='word_1_11' title='bbox 542 340 600 397; x_wconf 87' lang='lat' dir='ltr'><strong>Deo</strong></span> <span class='ocrx_word' id='word_1_12' title='bbox 613 339 635 394; x_wconf 91' lang='lat' dir='ltr'><strong>si</strong></span> <span class='ocrx_word' id='word_1_13' title='bbox 651 339 761 395; x_wconf 85' lang='lat' dir='ltr'><strong>simulas</strong></span> <span class='ocrx_word' id='word_1_14' title='bbox 777 339 903 395; x_wconf 84' lang='lat' dir='ltr'><strong>labeum</strong></span> <span class='ocrx_word' id='word_1_15' title='bbox 919 343 945 403; x_wconf 82' lang='grc' dir='ltr'><strong>Α</strong></span> <span class='ocrx_word' id='word_1_16' title='bbox 960 341 1088 411; x_wconf 84' lang='lat' dir='ltr'><strong>lesophus</strong></span> <span class='ocrx_word' id='word_1_17' title='bbox 1104 361 1110 396; x_wconf 92' lang='lat'>:</span> <span class='ocrx_word' id='word_1_18' title='bbox 1127 342 1202 398; x_wconf 85' lang='lat' dir='ltr'><strong>llulti</strong></span> <span class='ocrx_word' id='word_1_19' title='bbox 1216 353 1277 399; x_wconf 82' lang='lat' dir='ltr'><strong>sunt</strong></span> <span class='ocrx_word' id='word_1_20' title='bbox 1291 344 1355 400; x_wconf 93' lang='lat' dir='ltr'><strong>dum</strong></span> <span class='ocrx_word' id='word_1_21' title='bbox 1370 354 1544 403; x_wconf 87' lang='lat' dir='ltr'><strong>numerantur</strong></span> <span class='ocrx_word' id='word_1_22' title='bbox 1557 350 1647 420; x_wconf 87' lang='lat' dir='ltr'><strong>amici,</strong></span> <span class='ocrx_word' id='word_1_23' title='bbox 1674 353 1756 408; x_wconf 84' lang='lat' dir='ltr'><strong>sedin</strong></span> 
     </span>
    </p>
   </div>
   <div class='ocr_carea' id='block_1_6' title="bbox 105 429 909 1297">
    <p class='ocr_par' dir='ltr' id='par_1_6' title="bbox 105 429 909 1297">
     <span class='ocr_line' id='line_1_6' title="bbox 105 429 906 505; baseline -0.005 -17"><span class='ocrx_word' id='word_1_24' title='bbox 105 450 211 505; x_wconf 81' lang='lat' dir='ltr'><strong>amare,</strong></span> <span class='ocrx_word' id='word_1_25' title='bbox 227 441 254 487; x_wconf 90' lang='lat' dir='ltr'><strong>et</strong></span> <span class='ocrx_word' id='word_1_26' title='bbox 268 431 425 487; x_wconf 79' lang='lat' dir='ltr'>Incredibile</span> <span class='ocrx_word' id='word_1_27' title='bbox 441 437 481 486; x_wconf 88' lang='lat' dir='ltr'><strong>est</strong></span> <span class='ocrx_word' id='word_1_28' title='bbox 495 445 502 496; x_wconf 90' lang='lat'>;</span> <span class='ocrx_word' id='word_1_29' title='bbox 519 430 540 483; x_wconf 89' lang='lat' dir='ltr'><strong>si</strong></span> <span class='ocrx_word' id='word_1_30' title='bbox 556 446 620 485; x_wconf 89' lang='lat' dir='ltr'><strong>vera</strong></span> <span class='ocrx_word' id='word_1_31' title='bbox 638 445 699 483; x_wconf 90' lang='lat' dir='ltr'><strong>enm</strong></span> <span class='ocrx_word' id='word_1_32' title='bbox 711 445 823 498; x_wconf 85' lang='lat' dir='ltr'><strong>amares,</strong></span> <span class='ocrx_word' id='word_1_33' title='bbox 842 429 906 484; x_wconf 87' lang='lat' dir='ltr'><strong>obe-</strong></span> 
     </span>
     <span class='ocr_line' id='line_1_7' title="bbox 105 516 908 590; baseline -0.005 -16"><span class='ocrx_word' id='word_1_34' title='bbox 105 522 179 576; x_wconf 87' lang='lat' dir='ltr'><strong>dires</strong></span> <span class='ocrx_word' id='word_1_35' title='bbox 193 521 236 588; x_wconf 89' lang='lat' dir='ltr'><strong>ei;</strong></span> <span class='ocrx_word' id='word_1_36' title='bbox 253 537 315 575; x_wconf 91' lang='lat' dir='ltr'><strong>nam</strong></span> <span class='ocrx_word' id='word_1_37' title='bbox 331 520 376 590; x_wconf 84' lang='lat' dir='ltr'><strong>qni</strong></span> <span class='ocrx_word' id='word_1_38' title='bbox 400 527 482 583; x_wconf 89' lang='lat' dir='ltr'><strong>amat,</strong></span> <span class='ocrx_word' id='word_1_39' title='bbox 498 517 600 572; x_wconf 90' lang='lat' dir='ltr'><strong>obedit.</strong></span> <span class='ocrx_word' id='word_1_40' title='bbox 630 516 705 572; x_wconf 83' lang='lat' dir='ltr'><strong>DIxit</strong></span> <span class='ocrx_word' id='word_1_41' title='bbox 716 517 840 572; x_wconf 89' lang='lat' dir='ltr'><strong>Socrates</strong></span> <span class='ocrx_word' id='word_1_42' title='bbox 867 516 908 570; x_wconf 92' lang='lat' dir='ltr'><strong>di-</strong></span> 
     </span>
     <span class='ocr_line' id='line_1_8' title="bbox 105 605 908 680; baseline -0.005 -17"><span class='ocrx_word' id='word_1_43' title='bbox 105 609 217 680; x_wconf 89' lang='lat' dir='ltr'><strong>scipnlis</strong></span> <span class='ocrx_word' id='word_1_44' title='bbox 232 609 287 663; x_wconf 89' lang='lat' dir='ltr'><strong>suis</strong></span> <span class='ocrx_word' id='word_1_45' title='bbox 303 627 309 661; x_wconf 94' lang='lat'>:</span> <span class='ocrx_word' id='word_1_46' title='bbox 327 606 420 662; x_wconf 82' lang='lat' dir='ltr'><strong>Videte</strong></span> <span class='ocrx_word' id='word_1_47' title='bbox 440 623 473 660; x_wconf 93' lang='lat' dir='ltr'><strong>ne</strong></span> <span class='ocrx_word' id='word_1_48' title='bbox 489 606 545 659; x_wconf 88' lang='lat' dir='ltr'><strong>sitis</strong></span> <span class='ocrx_word' id='word_1_49' title='bbox 560 605 617 660; x_wconf 88' lang='lat' dir='ltr'><strong>Deo</strong></span> <span class='ocrx_word' id='word_1_50' title='bbox 645 605 801 660; x_wconf 78' lang='lat' dir='ltr'>obedientes</span> <span class='ocrx_word' id='word_1_51' title='bbox 815 613 842 659; x_wconf 88' lang='lat' dir='ltr'><strong>et</strong></span> <span class='ocrx_word' id='word_1_52' title='bbox 867 605 908 659; x_wconf 93' lang='lat' dir='ltr'><strong>in-</strong></span> 
     </span>
     <span class='ocr_line' id='line_1_9' title="bbox 107 692 908 764; baseline -0.006 -12"><span class='ocrx_word' id='word_1_53' title='bbox 107 698 266 753; x_wconf 89' lang='lat' dir='ltr'><strong>obedientes</strong></span> <span class='ocrx_word' id='word_1_54' title='bbox 281 697 308 751; x_wconf 92' lang='lat' dir='ltr'><strong>in</strong></span> <span class='ocrx_word' id='word_1_55' title='bbox 319 695 425 751; x_wconf 90' lang='lat' dir='ltr'><strong>eodem.</strong></span> <span class='ocrx_word' id='word_1_56' title='bbox 443 694 539 748; x_wconf 88' lang='lat' dir='ltr'><strong>Dicunt</strong></span> <span class='ocrx_word' id='word_1_57' title='bbox 549 694 573 747; x_wconf 91' lang='lat' dir='ltr'><strong>ei</strong></span> <span class='ocrx_word' id='word_1_58' title='bbox 591 713 596 747; x_wconf 78' lang='grc' dir='ltr'>ε</span> <span class='ocrx_word' id='word_1_59' title='bbox 616 693 732 748; x_wconf 82' lang='lat' dir='ltr'><strong>Enuclea</strong></span> <span class='ocrx_word' id='word_1_60' title='bbox 747 693 825 747; x_wconf 92' lang='lat' dir='ltr'><strong>nobis</strong></span> <span class='ocrx_word' id='word_1_61' title='bbox 835 692 908 764; x_wconf 88' lang='lat' dir='ltr'><strong>quod</strong></span> 
     </span>
     <span class='ocr_line' id='line_1_10' title="bbox 107 780 908 854; baseline -0.009 -14"><span class='ocrx_word' id='word_1_62' title='bbox 107 785 186 840; x_wconf 90' lang='lat' dir='ltr'><strong>dicis.</strong></span> <span class='ocrx_word' id='word_1_63' title='bbox 203 784 254 854; x_wconf 87' lang='lat' dir='ltr'><strong>Qui</strong></span> <span class='ocrx_word' id='word_1_64' title='bbox 270 785 307 839; x_wconf 89' lang='lat' dir='ltr'><strong>ait</strong></span> <span class='ocrx_word' id='word_1_65' title='bbox 324 803 329 838; x_wconf 92' lang='lat'>:</span> <span class='ocrx_word' id='word_1_66' title='bbox 347 781 478 837; x_wconf 83' lang='lat' dir='ltr'><strong>DImittite</strong></span> <span class='ocrx_word' id='word_1_67' title='bbox 501 780 663 851; x_wconf 74' lang='lat' dir='ltr'><strong>hypocriSIm</strong></span> <span class='ocrx_word' id='word_1_68' title='bbox 681 796 687 849; x_wconf 89' lang='lat'>;</span> <span class='ocrx_word' id='word_1_69' title='bbox 705 788 744 835; x_wconf 89' lang='lat' dir='ltr'><strong>est</strong></span> <span class='ocrx_word' id='word_1_70' title='bbox 759 781 830 836; x_wconf 86' lang='lat' dir='ltr'><strong>enim</strong></span> <span class='ocrx_word' id='word_1_71' title='bbox 855 781 908 852; x_wconf 68' lang='lat' dir='ltr'><strong>hy-</strong></span> 
     </span>
     <span class='ocr_line' id='line_1_11' title="bbox 109 868 907 945; baseline -0.004 -18"><span class='ocrx_word' id='word_1_72' title='bbox 109 874 222 945; x_wconf 85' lang='lat' dir='ltr'><strong>pocrisis</strong></span> <span class='ocrx_word' id='word_1_73' title='bbox 236 888 330 928; x_wconf 88' lang='lat' dir='ltr'><strong>coram</strong></span> <span class='ocrx_word' id='word_1_74' title='bbox 347 870 502 924; x_wconf 90' lang='lat' dir='ltr'><strong>hominibus</strong></span> <span class='ocrx_word' id='word_1_75' title='bbox 520 869 646 923; x_wconf 89' lang='lat' dir='ltr'><strong>simulare</strong></span> <span class='ocrx_word' id='word_1_76' title='bbox 661 884 690 924; x_wconf 85' lang='lat' dir='ltr'><strong>se</strong></span> <span class='ocrx_word' id='word_1_77' title='bbox 713 868 824 924; x_wconf 90' lang='lat' dir='ltr'><strong>obedire</strong></span> <span class='ocrx_word' id='word_1_78' title='bbox 839 869 907 937; x_wconf 88' lang='lat' dir='ltr'><strong>Deo,</strong></span> 
     </span>
     <span class='ocr_line' id='line_1_12' title="bbox 109 956 908 1016; baseline -0.006 -1"><span class='ocrx_word' id='word_1_79' title='bbox 109 962 255 1016; x_wconf 92' lang='lat' dir='ltr'><strong>inocculto</strong></span> <span class='ocrx_word' id='word_1_80' title='bbox 285 975 348 1015; x_wconf 84' lang='lat' dir='ltr'><strong>vero</strong></span> <span class='ocrx_word' id='word_1_81' title='bbox 365 957 563 1013; x_wconf 87' lang='lat' dir='ltr'><strong>lnobedicntem</strong></span> <span class='ocrx_word' id='word_1_82' title='bbox 579 972 647 1011; x_wconf 84' lang='lat' dir='ltr'><strong>esse.</strong></span> <span class='ocrx_word' id='word_1_83' title='bbox 663 956 734 1010; x_wconf 82' lang='lat' dir='ltr'><strong>Dicit</strong></span> <span class='ocrx_word' id='word_1_84' title='bbox 748 957 772 1010; x_wconf 94' lang='lat' dir='ltr'><strong>ei</strong></span> <span class='ocrx_word' id='word_1_85' title='bbox 787 972 855 1010; x_wconf 89' lang='lat' dir='ltr'><strong>unus</strong></span> <span class='ocrx_word' id='word_1_86' title='bbox 874 972 908 1011; x_wconf 86' lang='lat' dir='ltr'><strong>ex</strong></span> 
     </span>
     <span class='ocr_line' id='line_1_13' title="bbox 108 1044 909 1121; baseline -0.004 -17"><span class='ocrx_word' id='word_1_87' title='bbox 108 1051 246 1121; x_wconf 86' lang='lat' dir='ltr'><strong>discipulis</strong></span> <span class='ocrx_word' id='word_1_88' title='bbox 260 1049 315 1103; x_wconf 87' lang='lat' dir='ltr'><strong>suis</strong></span> <span class='ocrx_word' id='word_1_89' title='bbox 331 1068 337 1102; x_wconf 90' lang='lat'>:</span> <span class='ocrx_word' id='word_1_90' title='bbox 354 1048 451 1101; x_wconf 87' lang='lat' dir='ltr'><strong>Est-ne</strong></span> <span class='ocrx_word' id='word_1_91' title='bbox 467 1045 539 1102; x_wconf 90' lang='lat' dir='ltr'><strong>aliud</strong></span> <span class='ocrx_word' id='word_1_92' title='bbox 554 1062 640 1117; x_wconf 86' lang='lat' dir='ltr'><strong>genus</strong></span> <span class='ocrx_word' id='word_1_93' title='bbox 667 1045 814 1116; x_wconf 79' lang='lat' dir='ltr'><strong>hypocrisis</strong></span> <span class='ocrx_word' id='word_1_94' title='bbox 837 1044 909 1101; x_wconf 83' lang='lat' dir='ltr'><strong>unde</strong></span> 
     </span>
     <span class='ocr_line' id='line_1_14' title="bbox 108 1132 907 1203; baseline -0.005 -12"><span class='ocrx_word' id='word_1_95' title='bbox 108 1139 213 1193; x_wconf 90' lang='lat' dir='ltr'><strong>homini</strong></span> <span class='ocrx_word' id='word_1_96' title='bbox 224 1135 374 1192; x_wconf 87' lang='lat' dir='ltr'><strong>cavendum</strong></span> <span class='ocrx_word' id='word_1_97' title='bbox 388 1135 421 1189; x_wconf 93' lang='lat' dir='ltr'><strong>sit</strong></span> <span class='ocrx_word' id='word_1_98' title='bbox 435 1135 449 1187; x_wconf 75' lang='lat' dir='ltr'>I</span> <span class='ocrx_word' id='word_1_99' title='bbox 463 1133 529 1188; x_wconf 89' lang='lat' dir='ltr'><strong>dicit</strong></span> <span class='ocrx_word' id='word_1_100' title='bbox 538 1134 679 1188; x_wconf 89' lang='lat' dir='ltr'><strong>Socrates:</strong></span> <span class='ocrx_word' id='word_1_101' title='bbox 693 1134 738 1187; x_wconf 85' lang='lat' dir='ltr'><strong>Est</strong></span> <span class='ocrx_word' id='word_1_102' title='bbox 752 1135 835 1187; x_wconf 91' lang='lat' dir='ltr'><strong>homo</strong></span> <span class='ocrx_word' id='word_1_103' title='bbox 862 1132 907 1203; x_wconf 89' lang='lat' dir='ltr'><strong>qui</strong></span> 
     </span>
     <span class='ocr_line' id='line_1_15' title="bbox 108 1220 907 1297; baseline -0.006 -17"><span class='ocrx_word' id='word_1_104' title='bbox 108 1227 136 1280; x_wconf 93' lang='lat' dir='ltr'><strong>in</strong></span> <span class='ocrx_word' id='word_1_105' title='bbox 169 1234 262 1297; x_wconf 85' lang='lat' dir='ltr'><strong>aperto</strong></span> <span class='ocrx_word' id='word_1_106' title='bbox 303 1234 328 1280; x_wconf 89' lang='lat' dir='ltr'><strong>ct</strong></span> <span class='ocrx_word' id='word_1_107' title='bbox 364 1240 417 1278; x_wconf 91' lang='lat' dir='ltr'><strong>non</strong></span> <span class='ocrx_word' id='word_1_108' title='bbox 454 1222 482 1275; x_wconf 93' lang='lat' dir='ltr'><strong>in</strong></span> <span class='ocrx_word' id='word_1_109' title='bbox 510 1221 615 1277; x_wconf 90' lang='lat' dir='ltr'><strong>occulto</strong></span> <span class='ocrx_word' id='word_1_110' title='bbox 656 1220 766 1276; x_wconf 92' lang='lat' dir='ltr'><strong>obedire</strong></span> <span class='ocrx_word' id='word_1_111' title='bbox 802 1238 830 1275; x_wconf 91' lang='lat' dir='ltr'><strong>se</strong></span> <span class='ocrx_word' id='word_1_112' title='bbox 850 1221 907 1276; x_wconf 85' lang='lat' dir='ltr'><strong>Deo</strong></span> 
     </span>
    </p>
   </div>
   <div class='ocr_carea' id='block_1_7' title="bbox 107 1317 910 1664">
    <p class='ocr_par' dir='ltr' id='par_1_7' title="bbox 107 1317 910 1664">
     <span class='ocr_line' id='line_1_16' title="bbox 107 1317 909 1390; baseline -0.007 -13"><span class='ocrx_word' id='word_1_113' title='bbox 107 1323 237 1390; x_wconf 74' lang='lat' dir='ltr'><strong>ostendit,</strong></span> <span class='ocrx_word' id='word_1_114' title='bbox 277 1329 306 1375; x_wconf 91' lang='lat' dir='ltr'><strong>ut</strong></span> <span class='ocrx_word' id='word_1_115' title='bbox 335 1328 443 1376; x_wconf 89' lang='lat' dir='ltr'><strong>sanctus</strong></span> <span class='ocrx_word' id='word_1_116' title='bbox 471 1318 505 1372; x_wconf 89' lang='lat' dir='ltr'><strong>ab</strong></span> <span class='ocrx_word' id='word_1_117' title='bbox 546 1317 673 1372; x_wconf 87' lang='lat' dir='ltr'><strong>omnibus</strong></span> <span class='ocrx_word' id='word_1_118' title='bbox 713 1317 853 1382; x_wconf 89' lang='lat' dir='ltr'><strong>habeatur,</strong></span> <span class='ocrx_word' id='word_1_119' title='bbox 882 1325 909 1371; x_wconf 89' lang='lat' dir='ltr'><strong>et</strong></span> 
     </span>
     <span class='ocr_line' id='line_1_17' title="bbox 108 1404 910 1480; baseline -0.007 -14"><span class='ocrx_word' id='word_1_120' title='bbox 108 1413 145 1466; x_wconf 88' lang='lat' dir='ltr'><strong>ab</strong></span> <span class='ocrx_word' id='word_1_121' title='bbox 160 1411 200 1465; x_wconf 88' lang='lat' dir='ltr'><strong>eis</strong></span> <span class='ocrx_word' id='word_1_122' title='bbox 213 1410 274 1465; x_wconf 92' lang='lat' dir='ltr'><strong>ideo</strong></span> <span class='ocrx_word' id='word_1_123' title='bbox 296 1409 355 1480; x_wconf 88' lang='lat' dir='ltr'><strong>plus</strong></span> <span class='ocrx_word' id='word_1_124' title='bbox 383 1410 536 1463; x_wconf 81' lang='lat' dir='ltr'><strong>honoretur.</strong></span> <span class='ocrx_word' id='word_1_125' title='bbox 553 1406 600 1460; x_wconf 82' lang='lat' dir='ltr'><strong>Est</strong></span> <span class='ocrx_word' id='word_1_126' title='bbox 613 1406 682 1460; x_wconf 92' lang='lat' dir='ltr'><strong>alius</strong></span> <span class='ocrx_word' id='word_1_127' title='bbox 709 1406 759 1460; x_wconf 88' lang='lat' dir='ltr'><strong>isto</strong></span> <span class='ocrx_word' id='word_1_128' title='bbox 787 1404 910 1460; x_wconf 90' lang='lat' dir='ltr'><strong>subtilior</strong></span> 
     </span>
     <span class='ocr_line' id='line_1_18' title="bbox 108 1502 904 1579; baseline -0.008 -17"><span class='ocrx_word' id='word_1_129' title='bbox 108 1508 155 1579; x_wconf 90' lang='lat' dir='ltr'><strong>qui</strong></span> <span class='ocrx_word' id='word_1_130' title='bbox 172 1509 242 1563; x_wconf 82' lang='lat' dir='ltr'><strong>barac</strong></span> <span class='ocrx_word' id='word_1_131' title='bbox 270 1505 396 1575; x_wconf 86' lang='lat' dir='ltr'><strong>relinquit</strong></span> <span class='ocrx_word' id='word_1_132' title='bbox 411 1503 573 1574; x_wconf 68' lang='lat' dir='ltr'><strong>lippocrisim</strong></span> <span class='ocrx_word' id='word_1_133' title='bbox 589 1511 616 1557; x_wconf 93' lang='lat' dir='ltr'><strong>ut</strong></span> <span class='ocrx_word' id='word_1_134' title='bbox 635 1502 732 1573; x_wconf 85' lang='lat' dir='ltr'><strong>majori</strong></span> <span class='ocrx_word' id='word_1_135' title='bbox 757 1502 904 1558; x_wconf 77' lang='lat' dir='ltr'><strong>deserviat.</strong></span> 
     </span>
     <span class='ocr_line' id='line_1_19' title="bbox 109 1590 908 1664; baseline -0.003 -17"><span class='ocrx_word' id='word_1_136' title='bbox 109 1601 177 1650; x_wconf 75' lang='lat' dir='ltr'><strong>tlum</strong></span> <span class='ocrx_word' id='word_1_137' title='bbox 194 1596 266 1649; x_wconf 85' lang='lat' dir='ltr'><strong>enim</strong></span> <span class='ocrx_word' id='word_1_138' title='bbox 292 1593 408 1664; x_wconf 84' lang='lat' dir='ltr'><strong>jejunat,</strong></span> <span class='ocrx_word' id='word_1_139' title='bbox 437 1592 480 1646; x_wconf 88' lang='lat' dir='ltr'><strong>vel</strong></span> <span class='ocrx_word' id='word_1_140' title='bbox 509 1592 694 1663; x_wconf 75' lang='lat' dir='ltr'><strong>eleemoynam</strong></span> <span class='ocrx_word' id='word_1_141' title='bbox 718 1591 790 1657; x_wconf 81' lang='lat' dir='ltr'><strong>lacit,</strong></span> <span class='ocrx_word' id='word_1_142' title='bbox 820 1599 845 1645; x_wconf 92' lang='lat' dir='ltr'><strong>et</strong></span> <span class='ocrx_word' id='word_1_143' title='bbox 874 1590 908 1645; x_wconf 92' lang='lat' dir='ltr'><strong>ab</strong></span> 
     </span>
    </p>
   </div>
   <div class='ocr_carea' id='block_1_8' title="bbox 108 1680 947 1754">
    <p class='ocr_par' dir='ltr' id='par_1_8' title="bbox 108 1680 947 1754">
     <span class='ocr_line' id='line_1_20' title="bbox 108 1680 947 1754; baseline -0.011 -13"><span class='ocrx_word' id='word_1_144' title='bbox 108 1702 142 1741; x_wconf 92' lang='lat' dir='ltr'><strong>eo</strong></span> <span class='ocrx_word' id='word_1_145' title='bbox 165 1683 293 1754; x_wconf 85' lang='lat' dir='ltr'><strong>quaeritur</strong></span> <span class='ocrx_word' id='word_1_146' title='bbox 319 1682 340 1736; x_wconf 89' lang='lat' dir='ltr'><strong>si</strong></span> <span class='ocrx_word' id='word_1_147' title='bbox 370 1680 472 1746; x_wconf 84' lang='lat' dir='ltr'><strong>lecerit,</strong></span> <span class='ocrx_word' id='word_1_148' title='bbox 499 1681 664 1752; x_wconf 86' lang='lat' dir='ltr'><strong>respondet:</strong></span> <span class='ocrx_word' id='word_1_149' title='bbox 680 1681 753 1736; x_wconf 90' lang='lat' dir='ltr'><strong>Deus</strong></span> <span class='ocrx_word' id='word_1_150' title='bbox 775 1680 833 1745; x_wconf 88' lang='lat' dir='ltr'><strong>scit,</strong></span> <span class='ocrx_word' id='word_1_151' title='bbox 863 1680 947 1754; x_wconf 72' lang='lat' dir='ltr'><strong>velss</strong></span> 
     </span>
    </p>
   </div>
   <div class='ocr_carea' id='block_1_9' title="bbox 81 1775 911 2401">
    <p class='ocr_par' dir='ltr' id='par_1_9' title="bbox 81 1775 911 2401">
     <span class='ocr_line' id='line_1_21' title="bbox 109 1775 911 1847; baseline -0.007 -12"><span class='ocrx_word' id='word_1_152' title='bbox 109 1796 175 1846; x_wconf 94' lang='lat' dir='ltr'><strong>non,</strong></span> <span class='ocrx_word' id='word_1_153' title='bbox 199 1789 227 1834; x_wconf 91' lang='lat' dir='ltr'><strong>ut</strong></span> <span class='ocrx_word' id='word_1_154' title='bbox 255 1780 281 1833; x_wconf 95' lang='lat' dir='ltr'><strong>in</strong></span> <span class='ocrx_word' id='word_1_155' title='bbox 307 1778 403 1847; x_wconf 91' lang='lat' dir='ltr'><strong>majori</strong></span> <span class='ocrx_word' id='word_1_156' title='bbox 422 1777 572 1832; x_wconf 87' lang='lat' dir='ltr'><strong>reverentia</strong></span> <span class='ocrx_word' id='word_1_157' title='bbox 599 1776 729 1831; x_wconf 88' lang='lat' dir='ltr'><strong>habeatur</strong></span> <span class='ocrx_word' id='word_1_158' title='bbox 753 1783 780 1830; x_wconf 88' lang='lat' dir='ltr'><strong>et</strong></span> <span class='ocrx_word' id='word_1_159' title='bbox 807 1775 911 1831; x_wconf 89' lang='lat' dir='ltr'><strong>dicatur</strong></span> 
     </span>
     <span class='ocr_line' id='line_1_22' title="bbox 109 1865 909 1940; baseline -0.005 -17"><span class='ocrx_word' id='word_1_160' title='bbox 109 1870 183 1939; x_wconf 87' lang='lat' dir='ltr'><strong>quod</strong></span> <span class='ocrx_word' id='word_1_161' title='bbox 200 1869 336 1940; x_wconf 79' lang='lat' dir='ltr'><strong>hypocrite</strong></span> <span class='ocrx_word' id='word_1_162' title='bbox 352 1883 405 1922; x_wconf 93' lang='lat' dir='ltr'><strong>non</strong></span> <span class='ocrx_word' id='word_1_163' title='bbox 420 1865 519 1935; x_wconf 84' lang='lat' dir='ltr'><strong>estqui</strong></span> <span class='ocrx_word' id='word_1_164' title='bbox 536 1865 690 1919; x_wconf 89' lang='lat' dir='ltr'><strong>hominibus</strong></span> <span class='ocrx_word' id='word_1_165' title='bbox 706 1865 803 1920; x_wconf 88' lang='lat' dir='ltr'><strong>Iactum</strong></span> <span class='ocrx_word' id='word_1_166' title='bbox 831 1880 909 1919; x_wconf 89' lang='lat' dir='ltr'><strong>suum</strong></span> 
     </span>
     <span class='ocr_line' id='line_1_23' title="bbox 110 1953 909 2028; baseline -0.004 -16"><span class='ocrx_word' id='word_1_167' title='bbox 110 1959 178 2013; x_wconf 93' lang='lat' dir='ltr'><strong>nolit</strong></span> <span class='ocrx_word' id='word_1_168' title='bbox 191 1957 337 2028; x_wconf 88' lang='lat' dir='ltr'><strong>propalari.</strong></span> <span class='ocrx_word' id='word_1_169' title='bbox 353 1954 440 2010; x_wconf 86' lang='lat' dir='ltr'><strong>Credo</strong></span> <span class='ocrx_word' id='word_1_170' title='bbox 464 1956 545 2009; x_wconf 89' lang='lat' dir='ltr'><strong>etiam</strong></span> <span class='ocrx_word' id='word_1_171' title='bbox 560 1969 661 2023; x_wconf 90' lang='lat' dir='ltr'><strong>paucos</strong></span> <span class='ocrx_word' id='word_1_172' title='bbox 674 1970 731 2008; x_wconf 89' lang='lat' dir='ltr'><strong>esse</strong></span> <span class='ocrx_word' id='word_1_173' title='bbox 747 1953 792 2023; x_wconf 83' lang='lat' dir='ltr'><strong>qui</strong></span> <span class='ocrx_word' id='word_1_174' title='bbox 819 1954 909 2023; x_wconf 79' lang='lat' dir='ltr'><strong>aliquo</strong></span> 
     </span>
     <span class='ocr_line' id='line_1_24' title="bbox 110 2049 909 2125; baseline -0.006 -16"><span class='ocrx_word' id='word_1_175' title='bbox 110 2055 192 2123; x_wconf 78' lang='lat' dir='ltr'><strong>hujus</strong></span> <span class='ocrx_word' id='word_1_176' title='bbox 204 2053 352 2125; x_wconf 80' lang='lat' dir='ltr'><strong>hypocrisis</strong></span> <span class='ocrx_word' id='word_1_177' title='bbox 369 2069 469 2125; x_wconf 87' lang='lat' dir='ltr'><strong>genere</strong></span> <span class='ocrx_word' id='word_1_178' title='bbox 484 2068 537 2107; x_wconf 94' lang='lat' dir='ltr'><strong>non</strong></span> <span class='ocrx_word' id='word_1_179' title='bbox 548 2051 717 2122; x_wconf 87' lang='lat' dir='ltr'><strong>participent.</strong></span> <span class='ocrx_word' id='word_1_180' title='bbox 734 2050 826 2105; x_wconf 81' lang='lat' dir='ltr'><strong>Videte</strong></span> <span class='ocrx_word' id='word_1_181' title='bbox 854 2049 909 2123; x_wconf 85' lang='lat' dir='ltr'><strong>Igi-</strong></span> 
     </span>
     <span class='ocr_line' id='line_1_25' title="bbox 111 2139 908 2212; baseline -0.006 -15"><span class='ocrx_word' id='word_1_182' title='bbox 111 2152 154 2197; x_wconf 92' lang='lat' dir='ltr'><strong>tur</strong></span> <span class='ocrx_word' id='word_1_183' title='bbox 169 2159 203 2197; x_wconf 91' lang='lat' dir='ltr'><strong>nc</strong></span> <span class='ocrx_word' id='word_1_184' title='bbox 219 2144 268 2197; x_wconf 89' lang='lat' dir='ltr'><strong>hac</strong></span> <span class='ocrx_word' id='word_1_185' title='bbox 283 2142 396 2208; x_wconf 86' lang='lat' dir='ltr'><strong>seductI,</strong></span> <span class='ocrx_word' id='word_1_186' title='bbox 412 2140 512 2196; x_wconf 81' lang='lat' dir='ltr'><strong>laboris</strong></span> <span class='ocrx_word' id='word_1_187' title='bbox 526 2139 607 2194; x_wconf 89' lang='lat' dir='ltr'><strong>vestri</strong></span> <span class='ocrx_word' id='word_1_188' title='bbox 620 2140 732 2210; x_wconf 75' lang='lat' dir='ltr'><strong>praemio</strong></span> <span class='ocrx_word' id='word_1_189' title='bbox 755 2139 908 2212; x_wconf 80' lang='lat' dir='ltr'><strong>privemini,</strong></span> 
     </span>
     <span class='ocr_line' id='line_1_26' title="bbox 81 2227 909 2309; baseline -0.007 -22"><span class='ocrx_word' id='word_1_190' title='bbox 81 2300 86 2309; x_wconf 22' lang='grc' dir='ltr'>ι</span> <span class='ocrx_word' id='word_1_191' title='bbox 109 2232 184 2302; x_wconf 83' lang='lat' dir='ltr'><strong>quod</strong></span> <span class='ocrx_word' id='word_1_192' title='bbox 201 2248 233 2285; x_wconf 90' lang='lat' dir='ltr'><strong>ne</strong></span> <span class='ocrx_word' id='word_1_193' title='bbox 248 2231 385 2302; x_wconf 87' lang='lat' dir='ltr'><strong>contingat</strong></span> <span class='ocrx_word' id='word_1_194' title='bbox 410 2230 501 2285; x_wconf 90' lang='lat' dir='ltr'><strong>omnia</strong></span> <span class='ocrx_word' id='word_1_195' title='bbox 530 2228 609 2283; x_wconf 81' lang='lat' dir='ltr'><strong>facite</strong></span> <span class='ocrx_word' id='word_1_196' title='bbox 624 2228 725 2282; x_wconf 91' lang='lat' dir='ltr'><strong>munda</strong></span> <span class='ocrx_word' id='word_1_197' title='bbox 752 2227 909 2295; x_wconf 90' lang='lat' dir='ltr'><strong>intentione,</strong></span> 
     </span>
     <span class='ocr_line' id='line_1_27' title="bbox 111 2325 909 2401; baseline -0.008 -17"><span class='ocrx_word' id='word_1_198' title='bbox 111 2346 146 2384; x_wconf 93' lang='lat' dir='ltr'><strong>ne</strong></span> <span class='ocrx_word' id='word_1_199' title='bbox 161 2329 223 2383; x_wconf 86' lang='lat' dir='ltr'><strong>inde</strong></span> <span class='ocrx_word' id='word_1_200' title='bbox 238 2329 353 2401; x_wconf 84' lang='lat' dir='ltr'><strong>gloriam</strong></span> <span class='ocrx_word' id='word_1_201' title='bbox 370 2327 469 2382; x_wconf 89' lang='lat' dir='ltr'><strong>habere</strong></span> <span class='ocrx_word' id='word_1_202' title='bbox 483 2325 619 2396; x_wconf 73' lang='lat' dir='ltr'><strong>querulis.</strong></span> <span class='ocrx_word' id='word_1_203' title='bbox 639 2325 713 2380; x_wconf 86' lang='lat' dir='ltr'><strong>Dixit</strong></span> <span class='ocrx_word' id='word_1_204' title='bbox 727 2325 795 2380; x_wconf 91' lang='lat' dir='ltr'><strong>alins</strong></span> <span class='ocrx_word' id='word_1_205' title='bbox 818 2325 909 2396; x_wconf 91' lang='lat' dir='ltr'><strong>philo-</strong></span> 
     </span>
    </p>
   </div>
   <div class='ocr_carea' id='block_1_10' title="bbox 959 431 1757 781">
    <p class='ocr_par' dir='ltr' id='par_1_10' title="bbox 959 431 1757 781">
     <span class='ocr_line' id='line_1_28' title="bbox 959 431 1755 511; baseline 0.019 -28"><span class='ocrx_word' id='word_1_206' title='bbox 959 431 1116 485; x_wconf 76' lang='lat' dir='ltr'><strong>necessitate</strong></span> <span class='ocrx_word' id='word_1_207' title='bbox 1130 432 1218 501; x_wconf 91' lang='lat' dir='ltr'><strong>pauci.</strong></span> <span class='ocrx_word' id='word_1_208' title='bbox 1236 434 1309 490; x_wconf 86' lang='lat' dir='ltr'><strong>Vade</strong></span> <span class='ocrx_word' id='word_1_209' title='bbox 1324 435 1357 489; x_wconf 90' lang='lat' dir='ltr'><strong>ad</strong></span> <span class='ocrx_word' id='word_1_210' title='bbox 1373 435 1513 490; x_wconf 92' lang='lat' dir='ltr'><strong>dimidium</strong></span> <span class='ocrx_word' id='word_1_211' title='bbox 1530 439 1646 494; x_wconf 80' lang='lat' dir='ltr'><strong>anticum</strong></span> <span class='ocrx_word' id='word_1_212' title='bbox 1674 457 1755 511; x_wconf 82' lang='lat' dir='ltr'><strong>qirem</strong></span> 
     </span>
     <span class='ocr_line' id='line_1_29' title="bbox 960 518 1757 592; baseline 0.018 -21"><span class='ocrx_word' id='word_1_213' title='bbox 960 518 1058 583; x_wconf 86' lang='lat' dir='ltr'><strong>habeo,</strong></span> <span class='ocrx_word' id='word_1_214' title='bbox 1075 528 1101 574; x_wconf 89' lang='lat' dir='ltr'><strong>et</strong></span> <span class='ocrx_word' id='word_1_215' title='bbox 1115 520 1176 576; x_wconf 93' lang='lat' dir='ltr'><strong>vide</strong></span> <span class='ocrx_word' id='word_1_216' title='bbox 1190 522 1253 591; x_wconf 84' lang='lat' dir='ltr'><strong>quid</strong></span> <span class='ocrx_word' id='word_1_217' title='bbox 1273 522 1345 579; x_wconf 88' lang='lat' dir='ltr'><strong>dicat</strong></span> <span class='ocrx_word' id='word_1_218' title='bbox 1361 524 1417 578; x_wconf 82' lang='lat' dir='ltr'><strong>tibi.</strong></span> <span class='ocrx_word' id='word_1_219' title='bbox 1435 525 1521 592; x_wconf 80' lang='lat' dir='ltr'><strong>Venit,</strong></span> <span class='ocrx_word' id='word_1_220' title='bbox 1550 536 1576 581; x_wconf 88' lang='lat' dir='ltr'><strong>et</strong></span> <span class='ocrx_word' id='word_1_221' title='bbox 1603 528 1670 584; x_wconf 81' lang='lat' dir='ltr'><strong>siant</strong></span> <span class='ocrx_word' id='word_1_222' title='bbox 1698 530 1757 585; x_wconf 82' lang='lat' dir='ltr'><strong>aliis</strong></span> 
     </span>
     <span class='ocr_line' id='line_1_30' title="bbox 960 606 1757 685; baseline 0.018 -25"><span class='ocrx_word' id='word_1_223' title='bbox 960 606 1064 662; x_wconf 77' lang='lat' dir='ltr'><strong>dixerat</strong></span> <span class='ocrx_word' id='word_1_224' title='bbox 1080 608 1228 676; x_wconf 85' lang='lat' dir='ltr'><strong>hnicdirrit,</strong></span> <span class='ocrx_word' id='word_1_225' title='bbox 1244 611 1289 682; x_wconf 91' lang='lat' dir='ltr'><strong>qui</strong></span> <span class='ocrx_word' id='word_1_226' title='bbox 1305 612 1341 666; x_wconf 93' lang='lat' dir='ltr'><strong>ait</strong></span> <span class='ocrx_word' id='word_1_227' title='bbox 1358 632 1364 667; x_wconf 76' lang='grc' dir='ltr'><strong><em>ε</em></strong></span> <span class='ocrx_word' id='word_1_228' title='bbox 1384 636 1394 661; x_wconf 77' lang='grc' dir='ltr'>ι</span> <span class='ocrx_word' id='word_1_229' title='bbox 1413 615 1484 668; x_wconf 90' lang='lat' dir='ltr'><strong>lntm</strong></span> <span class='ocrx_word' id='word_1_230' title='bbox 1505 614 1626 685; x_wconf 89' lang='lat' dir='ltr'><strong>domum,</strong></span> <span class='ocrx_word' id='word_1_231' title='bbox 1648 628 1757 674; x_wconf 89' lang='lat' dir='ltr'><strong>nonest</strong></span> 
     </span>
     <span class='ocr_line' id='line_1_31' title="bbox 959 705 1757 781; baseline 0.018 -23"><span class='ocrx_word' id='word_1_232' title='bbox 959 705 1011 759; x_wconf 92' lang='lat' dir='ltr'><strong>hoc</strong></span> <span class='ocrx_word' id='word_1_233' title='bbox 1026 713 1156 760; x_wconf 89' lang='lat' dir='ltr'><strong>secretum</strong></span> <span class='ocrx_word' id='word_1_234' title='bbox 1167 707 1239 776; x_wconf 87' lang='lat' dir='ltr'><strong>qnod</strong></span> <span class='ocrx_word' id='word_1_235' title='bbox 1254 708 1349 763; x_wconf 78' lang='lat' dir='ltr'><strong>viciata</strong></span> <span class='ocrx_word' id='word_1_236' title='bbox 1362 710 1460 764; x_wconf 88' lang='lat' dir='ltr'><strong>debeat</strong></span> <span class='ocrx_word' id='word_1_237' title='bbox 1473 713 1757 781; x_wconf 68' lang='lat' dir='ltr'><strong>propalationem</strong></span> 
     </span>
    </p>
   </div>
   <div class='ocr_carea' id='block_1_11' title="bbox 961 796 1758 964">
    <p class='ocr_par' dir='ltr' id='par_1_11' title="bbox 961 796 1758 964">
     <span class='ocr_line' id='line_1_32' title="bbox 961 796 1752 869; baseline 0.015 -21"><span class='ocrx_word' id='word_1_238' title='bbox 961 808 1027 866; x_wconf 85' lang='lat' dir='ltr'><strong>ergo</strong></span> <span class='ocrx_word' id='word_1_239' title='bbox 1042 809 1125 848; x_wconf 87' lang='lat' dir='ltr'><strong>uxore</strong></span> <span class='ocrx_word' id='word_1_240' title='bbox 1140 810 1199 849; x_wconf 89' lang='lat' dir='ltr'><strong>curn</strong></span> <span class='ocrx_word' id='word_1_241' title='bbox 1214 796 1286 850; x_wconf 92' lang='lat' dir='ltr'><strong>omni</strong></span> <span class='ocrx_word' id='word_1_242' title='bbox 1304 797 1406 852; x_wconf 82' lang='lat' dir='ltr'><strong>familia</strong></span> <span class='ocrx_word' id='word_1_243' title='bbox 1420 815 1477 865; x_wconf 86' lang='lat' dir='ltr'><strong>sua,</strong></span> <span class='ocrx_word' id='word_1_244' title='bbox 1493 802 1657 869; x_wconf 91' lang='lat' dir='ltr'><strong>sepulturam</strong></span> <span class='ocrx_word' id='word_1_245' title='bbox 1674 805 1752 860; x_wconf 80' lang='lat' dir='ltr'><strong>fodit.</strong></span> 
     </span>
     <span class='ocr_line' id='line_1_33' title="bbox 962 882 1758 964; baseline 0.018 -29"><span class='ocrx_word' id='word_1_246' title='bbox 962 882 1027 936; x_wconf 92' lang='lat' dir='ltr'><strong>Cum</strong></span> <span class='ocrx_word' id='word_1_247' title='bbox 1042 889 1130 935; x_wconf 86' lang='lat' dir='ltr'><strong>antem</strong></span> <span class='ocrx_word' id='word_1_248' title='bbox 1155 883 1198 937; x_wconf 95' lang='lat' dir='ltr'><strong>ille</strong></span> <span class='ocrx_word' id='word_1_249' title='bbox 1228 885 1318 939; x_wconf 91' lang='lat' dir='ltr'><strong>omnia</strong></span> <span class='ocrx_word' id='word_1_250' title='bbox 1345 885 1449 941; x_wconf 89' lang='lat' dir='ltr'><strong>videret</strong></span> <span class='ocrx_word' id='word_1_251' title='bbox 1472 897 1573 958; x_wconf 87' lang='lat' dir='ltr'><strong>parata,</strong></span> <span class='ocrx_word' id='word_1_252' title='bbox 1598 907 1654 945; x_wconf 89' lang='lat' dir='ltr'><strong>rem</strong></span> <span class='ocrx_word' id='word_1_253' title='bbox 1678 902 1758 964; x_wconf 91' lang='lat' dir='ltr'><strong>prout</strong></span> 
     </span>
    </p>
   </div>
   <div class='ocr_carea' id='block_1_12' title="bbox 961 977 1759 1506">
    <p class='ocr_par' dir='ltr' id='par_1_12' title="bbox 961 977 1759 1506">
     <span class='ocr_line' id='line_1_34' title="bbox 961 977 1756 1060; baseline 0.018 -29"><span class='ocrx_word' id='word_1_254' title='bbox 961 985 1018 1032; x_wconf 89' lang='lat' dir='ltr'><strong>erat</strong></span> <span class='ocrx_word' id='word_1_255' title='bbox 1036 977 1160 1033; x_wconf 80' lang='lat' dir='ltr'><strong>disseruit</strong></span> <span class='ocrx_word' id='word_1_256' title='bbox 1187 981 1287 1051; x_wconf 77' lang='lat' dir='ltr'><strong>gratias</strong></span> <span class='ocrx_word' id='word_1_257' title='bbox 1314 998 1407 1054; x_wconf 88' lang='lat' dir='ltr'><strong>agens.</strong></span> <span class='ocrx_word' id='word_1_258' title='bbox 1438 984 1553 1040; x_wconf 86' lang='lat' dir='ltr'><strong>Domum</strong></span> <span class='ocrx_word' id='word_1_259' title='bbox 1576 988 1665 1042; x_wconf 89' lang='lat' dir='ltr'><strong>retulit</strong></span> <span class='ocrx_word' id='word_1_260' title='bbox 1689 991 1756 1060; x_wconf 85' lang='lat' dir='ltr'><strong>patri</strong></span> 
     </span>
     <span class='ocr_line' id='line_1_35' title="bbox 962 1065 1758 1149; baseline 0.018 -30"><span class='ocrx_word' id='word_1_261' title='bbox 962 1081 1021 1135; x_wconf 86' lang='lat' dir='ltr'><strong>quae</strong></span> <span class='ocrx_word' id='word_1_262' title='bbox 1038 1065 1146 1122; x_wconf 82' lang='lat' dir='ltr'><strong>lecerat.</strong></span> <span class='ocrx_word' id='word_1_263' title='bbox 1163 1066 1242 1122; x_wconf 83' lang='lat' dir='ltr'><strong>Pater</strong></span> <span class='ocrx_word' id='word_1_264' title='bbox 1255 1084 1318 1124; x_wconf 88' lang='lat' dir='ltr'><strong>vero</strong></span> <span class='ocrx_word' id='word_1_265' title='bbox 1333 1069 1400 1124; x_wconf 83' lang='lat' dir='ltr'><strong>dixit</strong></span> <span class='ocrx_word' id='word_1_266' title='bbox 1417 1090 1422 1125; x_wconf 96' lang='lat'>:</span> <span class='ocrx_word' id='word_1_267' title='bbox 1442 1095 1453 1117; x_wconf 74' lang='grc' dir='ltr'><strong><em>α</em></strong></span> <span class='ocrx_word' id='word_1_268' title='bbox 1472 1072 1521 1127; x_wconf 84' lang='lat' dir='ltr'><strong>Pro</strong></span> <span class='ocrx_word' id='word_1_269' title='bbox 1537 1075 1580 1129; x_wconf 90' lang='lat' dir='ltr'><strong>tali</strong></span> <span class='ocrx_word' id='word_1_270' title='bbox 1596 1076 1683 1132; x_wconf 81' lang='lat' dir='ltr'><strong>antico</strong></span> <span class='ocrx_word' id='word_1_271' title='bbox 1698 1078 1758 1149; x_wconf 91' lang='lat' dir='ltr'><strong>phi·</strong></span> 
     </span>
     <span class='ocr_line' id='line_1_36' title="bbox 961 1162 1759 1244; baseline 0.019 -29"><span class='ocrx_word' id='word_1_272' title='bbox 961 1162 1089 1233; x_wconf 90' lang='lat' dir='ltr'><strong>Iosephus</strong></span> <span class='ocrx_word' id='word_1_273' title='bbox 1103 1163 1140 1217; x_wconf 87' lang='lat' dir='ltr'><strong>ait</strong></span> <span class='ocrx_word' id='word_1_274' title='bbox 1156 1182 1162 1217; x_wconf 77' lang='grc' dir='ltr'><strong><em>ε</em></strong></span> <span class='ocrx_word' id='word_1_275' title='bbox 1179 1164 1228 1217; x_wconf 87' lang='lat' dir='ltr'><strong>llic</strong></span> <span class='ocrx_word' id='word_1_276' title='bbox 1243 1174 1283 1219; x_wconf 91' lang='lat' dir='ltr'><strong>est</strong></span> <span class='ocrx_word' id='word_1_277' title='bbox 1306 1182 1368 1221; x_wconf 90' lang='lat' dir='ltr'><strong>vere</strong></span> <span class='ocrx_word' id='word_1_278' title='bbox 1391 1169 1493 1223; x_wconf 85' lang='lat' dir='ltr'><strong>anricus</strong></span> <span class='ocrx_word' id='word_1_279' title='bbox 1521 1171 1565 1240; x_wconf 89' lang='lat' dir='ltr'><strong>qui</strong></span> <span class='ocrx_word' id='word_1_280' title='bbox 1594 1180 1619 1227; x_wconf 94' lang='lat' dir='ltr'><strong>te</strong></span> <span class='ocrx_word' id='word_1_281' title='bbox 1648 1174 1759 1244; x_wconf 88' lang='lat' dir='ltr'><strong>adjuvat</strong></span> 
     </span>
     <span class='ocr_line' id='line_1_37' title="bbox 961 1250 1754 1332; baseline 0.019 -29"><span class='ocrx_word' id='word_1_282' title='bbox 961 1265 1021 1303; x_wconf 91' lang='lat' dir='ltr'><strong>eum</strong></span> <span class='ocrx_word' id='word_1_283' title='bbox 1039 1250 1085 1304; x_wconf 93' lang='lat' dir='ltr'><strong>tibi</strong></span> <span class='ocrx_word' id='word_1_284' title='bbox 1100 1252 1227 1306; x_wconf 75' lang='lat' dir='ltr'><strong>saeculum</strong></span> <span class='ocrx_word' id='word_1_285' title='bbox 1243 1252 1342 1309; x_wconf 83' lang='lat' dir='ltr'><strong>deficit.</strong></span> <span class='ocrx_word' id='word_1_286' title='bbox 1361 1276 1372 1302; x_wconf 85' lang='lat'><strong>·</strong></span> <span class='ocrx_word' id='word_1_287' title='bbox 1390 1256 1462 1311; x_wconf 84' lang='lat' dir='ltr'><strong>Dixit</strong></span> <span class='ocrx_word' id='word_1_288' title='bbox 1486 1256 1556 1312; x_wconf 86' lang='lat' dir='ltr'><strong>filius</strong></span> <span class='ocrx_word' id='word_1_289' title='bbox 1570 1262 1604 1314; x_wconf 89' lang='lat' dir='ltr'><strong>ad</strong></span> <span class='ocrx_word' id='word_1_290' title='bbox 1627 1269 1730 1332; x_wconf 87' lang='lat' dir='ltr'><strong>patrem</strong></span> <span class='ocrx_word' id='word_1_291' title='bbox 1748 1283 1754 1318; x_wconf 91' lang='lat'>:</span> 
     </span>
     <span class='ocr_line' id='line_1_38' title="bbox 964 1338 1757 1416; baseline 0.018 -25"><span class='ocrx_word' id='word_1_292' title='bbox 964 1338 1086 1392; x_wconf 73' lang='lat' dir='ltr'><strong>«Vidisti</strong></span> <span class='ocrx_word' id='word_1_293' title='bbox 1111 1340 1248 1395; x_wconf 91' lang='lat' dir='ltr'><strong>hominem</strong></span> <span class='ocrx_word' id='word_1_294' title='bbox 1277 1342 1322 1412; x_wconf 85' lang='lat' dir='ltr'><strong>qni</strong></span> <span class='ocrx_word' id='word_1_295' title='bbox 1348 1342 1482 1416; x_wconf 85' lang='lat' dir='ltr'><strong>integrum</strong></span> <span class='ocrx_word' id='word_1_296' title='bbox 1498 1346 1550 1400; x_wconf 88' lang='lat' dir='ltr'><strong>sibi</strong></span> <span class='ocrx_word' id='word_1_297' title='bbox 1573 1349 1691 1404; x_wconf 88' lang='lat' dir='ltr'><strong>amicum</strong></span> <span class='ocrx_word' id='word_1_298' title='bbox 1718 1352 1757 1405; x_wconf 91' lang='lat' dir='ltr'><strong>ln·</strong></span> 
     </span>
     <span class='ocr_line' id='line_1_39' title="bbox 961 1426 1756 1506; baseline 0.019 -28"><span class='ocrx_word' id='word_1_299' title='bbox 961 1433 1049 1479; x_wconf 84' lang='lat' dir='ltr'><strong>eratus</strong></span> <span class='ocrx_word' id='word_1_300' title='bbox 1063 1426 1143 1481; x_wconf 82' lang='lat' dir='ltr'><strong>luerit</strong></span> <span class='ocrx_word' id='word_1_301' title='bbox 1157 1428 1171 1480; x_wconf 75' lang='lat' dir='ltr'><strong>‘l</strong></span> <span class='ocrx_word' id='word_1_302' title='bbox 1187 1451 1198 1475; x_wconf 70' lang='lat' dir='ltr'><strong>n</strong></span> <span class='ocrx_word' id='word_1_303' title='bbox 1216 1427 1290 1483; x_wconf 87' lang='lat' dir='ltr'><strong>Tunc</strong></span> <span class='ocrx_word' id='word_1_304' title='bbox 1300 1439 1376 1501; x_wconf 88' lang='lat' dir='ltr'><strong>pater</strong></span> <span class='ocrx_word' id='word_1_305' title='bbox 1392 1452 1398 1486; x_wconf 75' lang='grc' dir='ltr'><strong><em>ε</em></strong></span> <span class='ocrx_word' id='word_1_306' title='bbox 1419 1455 1429 1479; x_wconf 76' lang='grc' dir='ltr'>ι</span> <span class='ocrx_word' id='word_1_307' title='bbox 1445 1434 1570 1490; x_wconf 84' lang='lat' dir='ltr'><strong>Nonvidi</strong></span> <span class='ocrx_word' id='word_1_308' title='bbox 1584 1437 1756 1506; x_wconf 86' lang='lat' dir='ltr'><strong>quidervr,scd</strong></span> 
     </span>
    </p>
   </div>
   <div class='ocr_carea' id='block_1_13' title="bbox 961 1524 1757 1689">
    <p class='ocr_par' dir='ltr' id='par_1_13' title="bbox 961 1524 1757 1689">
     <span class='ocr_line' id='line_1_40' title="bbox 961 1524 1757 1601; baseline 0.019 -25"><span class='ocrx_word' id='word_1_309' title='bbox 961 1524 1061 1578; x_wconf 86' lang='lat' dir='ltr'><strong>audivi.</strong></span> <span class='ocrx_word' id='word_1_310' title='bbox 1081 1548 1091 1571; x_wconf 80' lang='grc' dir='ltr'>ι</span> <span class='ocrx_word' id='word_1_311' title='bbox 1109 1526 1183 1581; x_wconf 86' lang='lat' dir='ltr'><strong>&#39;lunc</strong></span> <span class='ocrx_word' id='word_1_312' title='bbox 1196 1525 1266 1583; x_wconf 83' lang='lat' dir='ltr'><strong>Illius</strong></span> <span class='ocrx_word' id='word_1_313' title='bbox 1283 1547 1288 1583; x_wconf 94' lang='lat'>:</span> <span class='ocrx_word' id='word_1_314' title='bbox 1309 1552 1320 1576; x_wconf 72' lang='lat' dir='ltr'><strong>a</strong></span> <span class='ocrx_word' id='word_1_315' title='bbox 1338 1530 1474 1587; x_wconf 80' lang='lat' dir='ltr'><strong>Ih=nnncia</strong></span> <span class='ocrx_word' id='word_1_316' title='bbox 1484 1533 1549 1588; x_wconf 92' lang='lat' dir='ltr'><strong>mihi</strong></span> <span class='ocrx_word' id='word_1_317' title='bbox 1559 1534 1593 1589; x_wconf 90' lang='lat' dir='ltr'><strong>de</strong></span> <span class='ocrx_word' id='word_1_318' title='bbox 1606 1551 1648 1601; x_wconf 90' lang='lat' dir='ltr'><strong>eo,</strong></span> <span class='ocrx_word' id='word_1_319' title='bbox 1660 1537 1680 1590; x_wconf 86' lang='lat' dir='ltr'><strong>si</strong></span> <span class='ocrx_word' id='word_1_320' title='bbox 1691 1538 1757 1591; x_wconf 87' lang='lat' dir='ltr'><strong>Iorte</strong></span> 
     </span>
     <span class='ocr_line' id='line_1_41' title="bbox 961 1613 1470 1689; baseline 0.016 -23"><span class='ocrx_word' id='word_1_321' title='bbox 961 1613 1040 1667; x_wconf 88' lang='lat' dir='ltr'><strong>talem</strong></span> <span class='ocrx_word' id='word_1_322' title='bbox 1053 1613 1118 1667; x_wconf 92' lang='lat' dir='ltr'><strong>mihi</strong></span> <span class='ocrx_word' id='word_1_323' title='bbox 1133 1615 1292 1684; x_wconf 82' lang='lat' dir='ltr'><strong>acqtrisiero.</strong></span> <span class='ocrx_word' id='word_1_324' title='bbox 1310 1640 1320 1663; x_wconf 77' lang='lat' dir='ltr'><strong>n</strong></span> <span class='ocrx_word' id='word_1_325' title='bbox 1339 1621 1371 1673; x_wconf 81' lang='lat' dir='ltr'><strong>ht</strong></span> <span class='ocrx_word' id='word_1_326' title='bbox 1387 1627 1470 1689; x_wconf 89' lang='lat' dir='ltr'><strong>pater.</strong></span> 
     </span>
    </p>
   </div>
   <div class='ocr_carea' id='block_1_14' title="bbox 1255 1776 1443 1834">
    <p class='ocr_par' dir='ltr' id='par_1_14' title="bbox 1255 1776 1443 1834">
     <span class='ocr_line' id='line_1_42' title="bbox 1255 1776 1443 1834; baseline 0.011 -3"><span class='ocrx_word' id='word_1_327' title='bbox 1255 1776 1387 1833; x_wconf 73' lang='lat' dir='ltr'>FABULA</span> <span class='ocrx_word' id='word_1_328' title='bbox 1406 1780 1443 1834; x_wconf 93' lang='lat' dir='ltr'><strong>ll.</strong></span> 
     </span>
    </p>
   </div>
   <div class='ocr_carea' id='block_1_15' title="bbox 962 1889 1758 2404">
    <p class='ocr_par' dir='ltr' id='par_1_15' title="bbox 962 1889 1758 2404">
     <span class='ocr_line' id='line_1_43' title="bbox 998 1889 1758 1968; baseline 0.013 -25"><span class='ocrx_word' id='word_1_329' title='bbox 998 1889 1121 1944; x_wconf 85' lang='lat' dir='ltr'><strong>Relatum</strong></span> <span class='ocrx_word' id='word_1_330' title='bbox 1132 1899 1171 1945; x_wconf 92' lang='lat' dir='ltr'><strong>est</strong></span> <span class='ocrx_word' id='word_1_331' title='bbox 1185 1891 1250 1945; x_wconf 93' lang='lat' dir='ltr'><strong>mihi</strong></span> <span class='ocrx_word' id='word_1_332' title='bbox 1268 1892 1301 1947; x_wconf 90' lang='lat' dir='ltr'><strong>de</strong></span> <span class='ocrx_word' id='word_1_333' title='bbox 1315 1892 1420 1948; x_wconf 90' lang='lat' dir='ltr'><strong>dnobus</strong></span> <span class='ocrx_word' id='word_1_334' title='bbox 1447 1895 1659 1966; x_wconf 81' lang='lat' dir='ltr'><strong>negotIatoribus</strong></span> <span class='ocrx_word' id='word_1_335' title='bbox 1686 1914 1758 1968; x_wconf 90' lang='lat' dir='ltr'><strong>quo·</strong></span> 
     </span>
     <span class='ocr_line' id='line_1_44' title="bbox 962 1979 1757 2055; baseline 0.014 -25"><span class='ocrx_word' id='word_1_336' title='bbox 962 1992 1021 2030; x_wconf 94' lang='lat' dir='ltr'><strong>rnm</strong></span> <span class='ocrx_word' id='word_1_337' title='bbox 1037 1993 1105 2032; x_wconf 89' lang='lat' dir='ltr'><strong>unus</strong></span> <span class='ocrx_word' id='word_1_338' title='bbox 1119 1987 1176 2033; x_wconf 87' lang='lat' dir='ltr'><strong>erat</strong></span> <span class='ocrx_word' id='word_1_339' title='bbox 1191 1979 1216 2032; x_wconf 96' lang='lat' dir='ltr'><strong>in</strong></span> <span class='ocrx_word' id='word_1_340' title='bbox 1232 1980 1356 2052; x_wconf 71' lang='lat' dir='ltr'><strong>AEgypta</strong></span> <span class='ocrx_word' id='word_1_341' title='bbox 1369 1982 1436 2036; x_wconf 89' lang='lat' dir='ltr'><strong>alter</strong></span> <span class='ocrx_word' id='word_1_342' title='bbox 1449 1982 1575 2049; x_wconf 84' lang='lat' dir='ltr'><strong>Baldach,</strong></span> <span class='ocrx_word' id='word_1_343' title='bbox 1591 2002 1673 2055; x_wconf 85' lang='lat' dir='ltr'><strong>seque</strong></span> <span class='ocrx_word' id='word_1_344' title='bbox 1699 1987 1757 2042; x_wconf 89' lang='lat' dir='ltr'><strong>solo</strong></span> 
     </span>
     <span class='ocr_line' id='line_1_45' title="bbox 964 2065 1756 2141; baseline 0.013 -22"><span class='ocrx_word' id='word_1_345' title='bbox 964 2065 1055 2119; x_wconf 89' lang='lat' dir='ltr'><strong>auditu</strong></span> <span class='ocrx_word' id='word_1_346' title='bbox 1070 2076 1253 2138; x_wconf 81' lang='lat' dir='ltr'><strong>cognoverant</strong></span> <span class='ocrx_word' id='word_1_347' title='bbox 1265 2076 1291 2123; x_wconf 89' lang='lat' dir='ltr'><strong>et</strong></span> <span class='ocrx_word' id='word_1_348' title='bbox 1302 2084 1351 2139; x_wconf 91' lang='lat' dir='ltr'><strong>per</strong></span> <span class='ocrx_word' id='word_1_349' title='bbox 1370 2069 1552 2126; x_wconf 89' lang='lat' dir='ltr'><strong>internuncios</strong></span> <span class='ocrx_word' id='word_1_350' title='bbox 1573 2088 1621 2141; x_wconf 93' lang='lat' dir='ltr'><strong>pro</strong></span> <span class='ocrx_word' id='word_1_351' title='bbox 1644 2073 1695 2127; x_wconf 91' lang='lat' dir='ltr'><strong>sibi</strong></span> <span class='ocrx_word' id='word_1_352' title='bbox 1705 2088 1756 2129; x_wconf 86' lang='lat' dir='ltr'><strong>ne·</strong></span> 
     </span>
     <span class='ocr_line' id='line_1_46' title="bbox 963 2154 1757 2230; baseline 0.011 -22"><span class='ocrx_word' id='word_1_353' title='bbox 963 2154 1085 2209; x_wconf 86' lang='lat' dir='ltr'><strong>cessariis</strong></span> <span class='ocrx_word' id='word_1_354' title='bbox 1096 2155 1245 2211; x_wconf 82' lang='lat' dir='ltr'><strong>mittebant.</strong></span> <span class='ocrx_word' id='word_1_355' title='bbox 1258 2156 1377 2229; x_wconf 84' lang='lat' dir='ltr'><strong>Contigit</strong></span> <span class='ocrx_word' id='word_1_356' title='bbox 1391 2166 1480 2213; x_wconf 89' lang='lat' dir='ltr'><strong>antem</strong></span> <span class='ocrx_word' id='word_1_357' title='bbox 1508 2167 1537 2214; x_wconf 93' lang='lat' dir='ltr'><strong>ut</strong></span> <span class='ocrx_word' id='word_1_358' title='bbox 1550 2161 1594 2230; x_wconf 85' lang='lat' dir='ltr'><strong>qui</strong></span> <span class='ocrx_word' id='word_1_359' title='bbox 1610 2169 1667 2216; x_wconf 89' lang='lat' dir='ltr'><strong>erat</strong></span> <span class='ocrx_word' id='word_1_360' title='bbox 1694 2163 1757 2217; x_wconf 78' lang='lat' dir='ltr'><strong>tral-</strong></span> 
     </span>
     <span class='ocr_line' id='line_1_47' title="bbox 963 2237 1756 2316; baseline 0.011 -24"><span class='ocrx_word' id='word_1_361' title='bbox 963 2237 1031 2292; x_wconf 90' lang='lat' dir='ltr'><strong>dach</strong></span> <span class='ocrx_word' id='word_1_362' title='bbox 1043 2238 1068 2292; x_wconf 93' lang='lat' dir='ltr'><strong>in</strong></span> <span class='ocrx_word' id='word_1_363' title='bbox 1079 2239 1291 2310; x_wconf 83' lang='lat' dir='ltr'><strong>negotiationem</strong></span> <span class='ocrx_word' id='word_1_364' title='bbox 1306 2241 1355 2295; x_wconf 91' lang='lat' dir='ltr'><strong>Iret</strong></span> <span class='ocrx_word' id='word_1_365' title='bbox 1365 2242 1392 2295; x_wconf 92' lang='lat' dir='ltr'><strong>in</strong></span> <span class='ocrx_word' id='word_1_366' title='bbox 1406 2243 1560 2314; x_wconf 83' lang='lat' dir='ltr'><strong>AEgyptam.</strong></span> <span class='ocrx_word' id='word_1_367' title='bbox 1574 2245 1756 2316; x_wconf 76' lang='lat' dir='ltr'><strong>Egyptiacus,</strong></span> 
     </span>
     <span class='ocr_line' id='line_1_48' title="bbox 963 2326 1757 2404; baseline 0.01 -23"><span class='ocrx_word' id='word_1_368' title='bbox 963 2326 1054 2381; x_wconf 88' lang='lat' dir='ltr'><strong>andito</strong></span> <span class='ocrx_word' id='word_1_369' title='bbox 1070 2328 1128 2397; x_wconf 86' lang='lat' dir='ltr'><strong>ejus</strong></span> <span class='ocrx_word' id='word_1_370' title='bbox 1149 2327 1304 2397; x_wconf 85' lang='lat' dir='ltr'><strong>adventum,</strong></span> <span class='ocrx_word' id='word_1_371' title='bbox 1334 2331 1449 2385; x_wconf 87' lang='lat' dir='ltr'><strong>occurrit</strong></span> <span class='ocrx_word' id='word_1_372' title='bbox 1462 2332 1486 2385; x_wconf 92' lang='lat' dir='ltr'><strong>ei</strong></span> <span class='ocrx_word' id='word_1_373' title='bbox 1516 2340 1541 2386; x_wconf 92' lang='lat' dir='ltr'><strong>et</strong></span> <span class='ocrx_word' id='word_1_374' title='bbox 1555 2334 1670 2404; x_wconf 87' lang='lat' dir='ltr'><strong>suscepit</strong></span> <span class='ocrx_word' id='word_1_375' title='bbox 1696 2351 1757 2389; x_wconf 77' lang='lat' dir='ltr'><strong>vtum</strong></span> 
     </span>
    </p>
   </div>
   <div class='ocr_carea' id='block_1_16' title="bbox 110 2414 1760 3124">
    <p class='ocr_par' dir='ltr' id='par_1_16' title="bbox 110 2414 1760 3124">
     <span class='ocr_line' id='line_1_49' title="bbox 110 2414 1759 2487; baseline 0.004 -15"><span class='ocrx_word' id='word_1_376' title='bbox 110 2420 213 2487; x_wconf 87' lang='lat' dir='ltr'><strong>sophus</strong></span> <span class='ocrx_word' id='word_1_377' title='bbox 234 2437 239 2472; x_wconf 93' lang='lat'>:</span> <span class='ocrx_word' id='word_1_378' title='bbox 261 2417 289 2472; x_wconf 91' lang='lat' dir='ltr'><strong>Si</strong></span> <span class='ocrx_word' id='word_1_379' title='bbox 317 2417 374 2471; x_wconf 85' lang='lat' dir='ltr'><strong>beo</strong></span> <span class='ocrx_word' id='word_1_380' title='bbox 401 2415 513 2470; x_wconf 83' lang='lat' dir='ltr'><strong>limniter</strong></span> <span class='ocrx_word' id='word_1_381' title='bbox 540 2414 688 2479; x_wconf 83' lang='lat' dir='ltr'><strong>immiteris,</strong></span> <span class='ocrx_word' id='word_1_382' title='bbox 718 2414 810 2470; x_wconf 91' lang='lat' dir='ltr'><strong>omnia</strong></span> <span class='ocrx_word' id='word_1_383' title='bbox 833 2422 910 2467; x_wconf 91' lang='lat' dir='ltr'><strong>erunt</strong></span> <span class='ocrx_word' id='word_1_384' title='bbox 963 2414 1084 2487; x_wconf 85' lang='lat' dir='ltr'><strong>gaudens</strong></span> <span class='ocrx_word' id='word_1_385' title='bbox 1107 2416 1134 2470; x_wconf 92' lang='lat' dir='ltr'><strong>in</strong></span> <span class='ocrx_word' id='word_1_386' title='bbox 1162 2415 1372 2472; x_wconf 89' lang='lat' dir='ltr'><strong>domumsuam.</strong></span> <span class='ocrx_word' id='word_1_387' title='bbox 1400 2419 1570 2475; x_wconf 89' lang='lat' dir='ltr'><strong>Inomnibus</strong></span> <span class='ocrx_word' id='word_1_388' title='bbox 1596 2422 1621 2476; x_wconf 87' lang='lat' dir='ltr'><strong>ei</strong></span> <span class='ocrx_word' id='word_1_389' title='bbox 1648 2423 1759 2479; x_wconf 85' lang='lat' dir='ltr'><strong>servivit</strong></span> 
     </span>
     <span class='ocr_line' id='line_1_50' title="bbox 111 2501 1760 2577; baseline 0.005 -18"><span class='ocrx_word' id='word_1_390' title='bbox 111 2520 410 2577; x_wconf 84' lang='lat' dir='ltr'><strong>prosperaquocunqne</strong></span> <span class='ocrx_word' id='word_1_391' title='bbox 434 2504 505 2557; x_wconf 86' lang='lat' dir='ltr'><strong>ieris.</strong></span> <span class='ocrx_word' id='word_1_392' title='bbox 530 2503 649 2568; x_wconf 83' lang='lat' dir='ltr'><strong>halaam,</strong></span> <span class='ocrx_word' id='word_1_393' title='bbox 666 2502 711 2571; x_wconf 86' lang='lat' dir='ltr'><strong>qui</strong></span> <span class='ocrx_word' id='word_1_394' title='bbox 726 2501 818 2575; x_wconf 90' lang='lat' dir='ltr'><strong>lingua</strong></span> <span class='ocrx_word' id='word_1_395' title='bbox 840 2504 910 2556; x_wconf 88' lang='lat' dir='ltr'><strong>llra·</strong></span> <span class='ocrx_word' id='word_1_396' title='bbox 964 2504 1101 2559; x_wconf 87' lang='lat' dir='ltr'><strong>sicutmos</strong></span> <span class='ocrx_word' id='word_1_397' title='bbox 1120 2511 1160 2559; x_wconf 85' lang='lat' dir='ltr'><strong>est</strong></span> <span class='ocrx_word' id='word_1_398' title='bbox 1182 2505 1330 2561; x_wconf 88' lang='lat' dir='ltr'><strong>amicorum</strong></span> <span class='ocrx_word' id='word_1_399' title='bbox 1358 2522 1407 2576; x_wconf 89' lang='lat' dir='ltr'><strong>per</strong></span> <span class='ocrx_word' id='word_1_400' title='bbox 1420 2516 1481 2563; x_wconf 88' lang='lat' dir='ltr'><strong>octo</strong></span> <span class='ocrx_word' id='word_1_401' title='bbox 1495 2508 1562 2577; x_wconf 82' lang='lat' dir='ltr'><strong>dies,</strong></span> <span class='ocrx_word' id='word_1_402' title='bbox 1591 2517 1618 2565; x_wconf 89' lang='lat' dir='ltr'><strong>et</strong></span> <span class='ocrx_word' id='word_1_403' title='bbox 1644 2512 1760 2567; x_wconf 86' lang='lat' dir='ltr'><strong>ostendit</strong></span> 
     </span>
     <span class='ocr_line' id='line_1_51' title="bbox 112 2592 1760 2671; baseline 0.001 -15"><span class='ocrx_word' id='word_1_404' title='bbox 112 2603 444 2658; x_wconf 87' lang='lat' dir='ltr'><strong>bicavocaturLucaman</strong></span> <span class='ocrx_word' id='word_1_405' title='bbox 463 2602 531 2671; x_wconf 85' lang='grc'>(18),</span> <span class='ocrx_word' id='word_1_406' title='bbox 547 2596 745 2654; x_wconf 80' lang='lat' dir='ltr'><strong>dixitliliosao</strong></span> <span class='ocrx_word' id='word_1_407' title='bbox 764 2618 769 2652; x_wconf 90' lang='lat'>:</span> <span class='ocrx_word' id='word_1_408' title='bbox 788 2598 847 2665; x_wconf 84' lang='lat' dir='ltr'><strong>Fili,</strong></span> <span class='ocrx_word' id='word_1_409' title='bbox 877 2615 910 2653; x_wconf 79' lang='lat' dir='ltr'><strong>ne</strong></span> <span class='ocrx_word' id='word_1_410' title='bbox 964 2592 989 2647; x_wconf 92' lang='lat' dir='ltr'><strong>ei</strong></span> <span class='ocrx_word' id='word_1_411' title='bbox 1005 2600 1103 2648; x_wconf 83' lang='lat' dir='ltr'><strong>&#39;omnes</strong></span> <span class='ocrx_word' id='word_1_412' title='bbox 1122 2594 1255 2649; x_wconf 85' lang='lat' dir='ltr'><strong>nrancrias</strong></span> <span class='ocrx_word' id='word_1_413' title='bbox 1278 2603 1371 2650; x_wconf 88' lang='lat' dir='ltr'><strong>cantus</strong></span> <span class='ocrx_word' id='word_1_414' title='bbox 1399 2612 1465 2665; x_wconf 83' lang='lat' dir='ltr'><strong>quas</strong></span> <span class='ocrx_word' id='word_1_415' title='bbox 1482 2597 1599 2653; x_wconf 88' lang='lat' dir='ltr'><strong>habebat</strong></span> <span class='ocrx_word' id='word_1_416' title='bbox 1623 2600 1649 2653; x_wconf 92' lang='lat' dir='ltr'><strong>in</strong></span> <span class='ocrx_word' id='word_1_417' title='bbox 1677 2600 1760 2657; x_wconf 83' lang='lat' dir='ltr'><strong>‹lomo</strong></span> 
     </span>
     <span class='ocr_line' id='line_1_52' title="bbox 112 2687 1758 2765; baseline 0.004 -19"><span class='ocrx_word' id='word_1_418' title='bbox 112 2691 146 2746; x_wconf 87' lang='lat' dir='ltr'><strong>sit</strong></span> <span class='ocrx_word' id='word_1_419' title='bbox 162 2690 274 2746; x_wconf 88' lang='lat' dir='ltr'><strong>lonniea</strong></span> <span class='ocrx_word' id='word_1_420' title='bbox 290 2689 436 2761; x_wconf 77' lang='lat' dir='ltr'><strong>sapientIor</strong></span> <span class='ocrx_word' id='word_1_421' title='bbox 455 2697 489 2754; x_wconf 91' lang='lat' dir='ltr'><strong>te,</strong></span> <span class='ocrx_word' id='word_1_422' title='bbox 507 2704 567 2757; x_wconf 84' lang='lat' dir='ltr'><strong>quae</strong></span> <span class='ocrx_word' id='word_1_423' title='bbox 589 2693 737 2759; x_wconf 83' lang='lat' dir='ltr'><strong>congregat</strong></span> <span class='ocrx_word' id='word_1_424' title='bbox 764 2687 791 2740; x_wconf 95' lang='lat' dir='ltr'><strong>in</strong></span> <span class='ocrx_word' id='word_1_425' title='bbox 819 2694 911 2742; x_wconf 78' lang='lat' dir='ltr'><strong>aestate</strong></span> <span class='ocrx_word' id='word_1_426' title='bbox 962 2705 1020 2744; x_wconf 91' lang='lat' dir='ltr'><strong>sua.</strong></span> <span class='ocrx_word' id='word_1_427' title='bbox 1038 2689 1129 2743; x_wconf 85' lang='lat' dir='ltr'><strong>Finitis</strong></span> <span class='ocrx_word' id='word_1_428' title='bbox 1144 2697 1204 2745; x_wconf 91' lang='lat' dir='ltr'><strong>octo</strong></span> <span class='ocrx_word' id='word_1_429' title='bbox 1218 2690 1313 2745; x_wconf 88' lang='lat' dir='ltr'><strong>diebos</strong></span> <span class='ocrx_word' id='word_1_430' title='bbox 1338 2690 1487 2748; x_wconf 90' lang='lat' dir='ltr'><strong>infirmatus</strong></span> <span class='ocrx_word' id='word_1_431' title='bbox 1515 2703 1564 2763; x_wconf 87' lang='lat' dir='ltr'><strong>est,</strong></span> <span class='ocrx_word' id='word_1_432' title='bbox 1580 2696 1652 2765; x_wconf 73' lang='lat' dir='ltr'><strong>‹pnod</strong></span> <span class='ocrx_word' id='word_1_433' title='bbox 1680 2698 1758 2753; x_wconf 86' lang='lat' dir='ltr'><strong>valde</strong></span> 
     </span>
     <span class='ocr_line' id='line_1_53' title="bbox 113 2777 1760 2856; baseline 0.007 -13"><span class='ocrx_word' id='word_1_434' title='bbox 113 2789 184 2843; x_wconf 88' lang='lat' dir='ltr'><strong>ande</strong></span> <span class='ocrx_word' id='word_1_435' title='bbox 197 2789 269 2844; x_wconf 91' lang='lat' dir='ltr'><strong>vivat</strong></span> <span class='ocrx_word' id='word_1_436' title='bbox 282 2787 309 2841; x_wconf 91' lang='lat' dir='ltr'><strong>in</strong></span> <span class='ocrx_word' id='word_1_437' title='bbox 325 2790 414 2842; x_wconf 83' lang='lat' dir='ltr'><strong>hieme</strong></span> <span class='ocrx_word' id='word_1_438' title='bbox 429 2786 498 2853; x_wconf 86' lang='lat' dir='ltr'><strong>.Fili‚</strong></span> <span class='ocrx_word' id='word_1_439' title='bbox 515 2802 549 2840; x_wconf 87' lang='lat' dir='ltr'><strong>ae</strong></span> <span class='ocrx_word' id='word_1_440' title='bbox 559 2785 689 2856; x_wconf 89' lang='lat' dir='ltr'><strong>sitgallus</strong></span> <span class='ocrx_word' id='word_1_441' title='bbox 703 2783 860 2856; x_wconf 85' lang='lat' dir='ltr'><strong>vigilantior</strong></span> <span class='ocrx_word' id='word_1_442' title='bbox 875 2792 910 2851; x_wconf 83' lang='lat' dir='ltr'><strong>tc,</strong></span> <span class='ocrx_word' id='word_1_443' title='bbox 964 2777 1083 2849; x_wconf 64' lang='lat' dir='ltr'><strong>ssffll&#39;iief</strong></span> <span class='ocrx_word' id='word_1_444' title='bbox 1096 2778 1221 2832; x_wconf 67' lang='lat' dir='ltr'><strong>d⁰ml¹¹¹¹⁵</strong></span> <span class='ocrx_word' id='word_1_445' title='bbox 1235 2779 1269 2834; x_wconf 66' lang='lat' dir='ltr'><strong>de</strong></span> <span class='ocrx_word' id='word_1_446' title='bbox 1279 2779 1366 2835; x_wconf 67' lang='lat' dir='ltr'><strong>³⁰¹i⁰⁰</strong></span> <span class='ocrx_word' id='word_1_447' title='bbox 1381 2796 1429 2836; x_wconf 69' lang='lat'><strong>⁸1¹⁰</strong></span> <span class='ocrx_word' id='word_1_448' title='bbox 1444 2781 1541 2850; x_wconf 64' lang='lat' dir='ltr'><strong>serens,</strong></span> <span class='ocrx_word' id='word_1_449' title='bbox 1557 2784 1654 2839; x_wconf 59' lang='lat' dir='ltr'><strong>accivit</strong></span> <span class='ocrx_word' id='word_1_450' title='bbox 1666 2800 1760 2841; x_wconf 75' lang='lat' dir='ltr'><strong>⁰¹¹¹ss⁰⁸</strong></span> 
     </span>
     <span class='ocr_line' id='line_1_54' title="bbox 113 2866 1757 2947; baseline 0.005 -26"><span class='ocrx_word' id='word_1_451' title='bbox 113 2877 201 2947; x_wconf 75' lang='lat' dir='ltr'><strong>quiin</strong></span> <span class='ocrx_word' id='word_1_452' title='bbox 217 2876 353 2931; x_wconf 76' lang='lat' dir='ltr'><strong>matutinis</strong></span> <span class='ocrx_word' id='word_1_453' title='bbox 376 2875 481 2947; x_wconf 81' lang='lat' dir='ltr'><strong>vigilat,</strong></span> <span class='ocrx_word' id='word_1_454' title='bbox 511 2882 537 2928; x_wconf 91' lang='lat' dir='ltr'><strong>et</strong></span> <span class='ocrx_word' id='word_1_455' title='bbox 555 2882 581 2927; x_wconf 93' lang='lat' dir='ltr'><strong>tu</strong></span> <span class='ocrx_word' id='word_1_456' title='bbox 607 2872 718 2928; x_wconf 92' lang='lat' dir='ltr'><strong>dormis.</strong></span> <span class='ocrx_word' id='word_1_457' title='bbox 735 2872 794 2940; x_wconf 86' lang='lat' dir='ltr'><strong>Fili,</strong></span> <span class='ocrx_word' id='word_1_458' title='bbox 824 2889 857 2927; x_wconf 90' lang='lat' dir='ltr'><strong>ne</strong></span> <span class='ocrx_word' id='word_1_459' title='bbox 878 2872 913 2928; x_wconf 85' lang='lat' dir='ltr'><strong>sit</strong></span> <span class='ocrx_word' id='word_1_460' title='bbox 965 2866 1757 2943; x_wconf 79' lang='lat' dir='ltr'><strong>medIcosAEgyptiaeosutamicumviderentlledieivero,</strong></span> 
     </span>
     <span class='ocr_line' id='line_1_55' title="bbox 113 2955 1759 3037; baseline 0.004 -26"><span class='ocrx_word' id='word_1_461' title='bbox 113 2965 202 3037; x_wconf 71' lang='lat' dir='ltr'><strong>gallus</strong></span> <span class='ocrx_word' id='word_1_462' title='bbox 216 2965 311 3020; x_wconf 82' lang='lat' dir='ltr'><strong>sortior</strong></span> <span class='ocrx_word' id='word_1_463' title='bbox 325 2973 360 3031; x_wconf 86' lang='lat' dir='ltr'><strong>te,</strong></span> <span class='ocrx_word' id='word_1_464' title='bbox 371 2964 415 3033; x_wconf 89' lang='lat' dir='ltr'><strong>qui</strong></span> <span class='ocrx_word' id='word_1_465' title='bbox 425 2962 553 3032; x_wconf 86' lang='lat' dir='ltr'><strong>justificat</strong></span> <span class='ocrx_word' id='word_1_466' title='bbox 566 2961 660 3017; x_wconf 87' lang='lat' dir='ltr'><strong>docem</strong></span> <span class='ocrx_word' id='word_1_467' title='bbox 689 2977 866 3029; x_wconf 85' lang='lat' dir='ltr'><strong>uxoressuas,</strong></span> <span class='ocrx_word' id='word_1_468' title='bbox 884 2968 910 3015; x_wconf 95' lang='lat' dir='ltr'><strong>tu</strong></span> <span class='ocrx_word' id='word_1_469' title='bbox 967 2955 1075 3025; x_wconf 89' lang='lat' dir='ltr'><strong>palpato</strong></span> <span class='ocrx_word' id='word_1_470' title='bbox 1092 2955 1167 3026; x_wconf 84' lang='lat' dir='ltr'><strong>pulsu</strong></span> <span class='ocrx_word' id='word_1_471' title='bbox 1188 2955 1282 3010; x_wconf 89' lang='lat' dir='ltr'><strong>iterum</strong></span> <span class='ocrx_word' id='word_1_472' title='bbox 1309 2956 1443 3011; x_wconf 91' lang='lat' dir='ltr'><strong>etiterum</strong></span> <span class='ocrx_word' id='word_1_473' title='bbox 1458 2967 1577 3030; x_wconf 84' lang='lat' dir='ltr'><strong>respecta</strong></span> <span class='ocrx_word' id='word_1_474' title='bbox 1593 2960 1677 3027; x_wconf 90' lang='lat' dir='ltr'><strong>urina,</strong></span> <span class='ocrx_word' id='word_1_475' title='bbox 1699 2962 1759 3017; x_wconf 92' lang='lat' dir='ltr'><strong>nul·</strong></span> 
     </span>
     <span class='ocr_line' id='line_1_56' title="bbox 112 3043 1760 3124; baseline 0.007 -16"><span class='ocrx_word' id='word_1_476' title='bbox 112 3053 198 3108; x_wconf 88' lang='lat' dir='ltr'><strong>solam</strong></span> <span class='ocrx_word' id='word_1_477' title='bbox 214 3052 346 3124; x_wconf 82' lang='lat' dir='ltr'><strong>castigare</strong></span> <span class='ocrx_word' id='word_1_478' title='bbox 370 3067 424 3106; x_wconf 93' lang='lat' dir='ltr'><strong>non</strong></span> <span class='ocrx_word' id='word_1_479' title='bbox 448 3058 533 3121; x_wconf 87' lang='lat' dir='ltr'><strong>potes.</strong></span> <span class='ocrx_word' id='word_1_480' title='bbox 550 3049 609 3117; x_wconf 86' lang='lat' dir='ltr'><strong>Fili,</strong></span> <span class='ocrx_word' id='word_1_481' title='bbox 634 3065 668 3103; x_wconf 91' lang='lat' dir='ltr'><strong>ne</strong></span> <span class='ocrx_word' id='word_1_482' title='bbox 678 3049 711 3102; x_wconf 92' lang='lat' dir='ltr'><strong>sit</strong></span> <span class='ocrx_word' id='word_1_483' title='bbox 734 3049 808 3104; x_wconf 85' lang='lat' dir='ltr'><strong>canis</strong></span> <span class='ocrx_word' id='word_1_484' title='bbox 831 3048 911 3104; x_wconf 90' lang='lat' dir='ltr'><strong>corde</strong></span> <span class='ocrx_word' id='word_1_485' title='bbox 926 3048 950 3112; x_wconf 90' lang='lat' dir='ltr'>C</span> <span class='ocrx_word' id='word_1_486' title='bbox 966 3044 1018 3098; x_wconf 69' lang='lat' dir='ltr'><strong>lam</strong></span> <span class='ocrx_word' id='word_1_487' title='bbox 1040 3043 1066 3097; x_wconf 72' lang='lat' dir='ltr'><strong>in</strong></span> <span class='ocrx_word' id='word_1_488' title='bbox 1081 3058 1113 3097; x_wconf 73' lang='lat'><strong>⁰⁰</strong></span> <span class='ocrx_word' id='word_1_489' title='bbox 1140 3053 1325 3115; x_wconf 55' lang='lat' dir='ltr'><strong>⁰⁰8¹¹⁰l¹t¹fflfll</strong></span> <span class='ocrx_word' id='word_1_490' title='bbox 1347 3043 1538 3114; x_wconf 60' lang='lat' dir='ltr'><strong>issfiffflifflleffls</strong></span> <span class='ocrx_word' id='word_1_491' title='bbox 1567 3057 1592 3104; x_wconf 72' lang='lat'><strong>0¹</strong></span> <span class='ocrx_word' id='word_1_492' title='bbox 1620 3050 1684 3119; x_wconf 62' lang='lat' dir='ltr'><strong>‘lull</strong></span> <span class='ocrx_word' id='word_1_493' title='bbox 1712 3066 1760 3121; x_wconf 60' lang='lat' dir='ltr'><strong>Pes</strong></span> 
     </span>
    </p>
   </div>
   <div class='ocr_carea' id='block_1_17' title="bbox 112 3137 911 3473">
    <p class='ocr_par' dir='ltr' id='par_1_17' title="bbox 112 3137 911 3473">
     <span class='ocr_line' id='line_1_57' title="bbox 114 3137 911 3210; baseline -0.006 -14"><span class='ocrx_word' id='word_1_494' title='bbox 114 3142 276 3206; x_wconf 84' lang='lat' dir='ltr'><strong>nohilimtc,</strong></span> <span class='ocrx_word' id='word_1_495' title='bbox 292 3141 338 3210; x_wconf 85' lang='lat' dir='ltr'><strong>qtri</strong></span> <span class='ocrx_word' id='word_1_496' title='bbox 367 3139 568 3194; x_wconf 79' lang='lat' dir='ltr'><strong>benefactomm</strong></span> <span class='ocrx_word' id='word_1_497' title='bbox 597 3154 705 3193; x_wconf 78' lang='lat' dir='ltr'><strong>suonam</strong></span> <span class='ocrx_word' id='word_1_498' title='bbox 734 3153 786 3192; x_wconf 95' lang='lat' dir='ltr'><strong>non</strong></span> <span class='ocrx_word' id='word_1_499' title='bbox 810 3137 911 3192; x_wconf 91' lang='lat' dir='ltr'><strong>oblivi-</strong></span> 
     </span>
     <span class='ocr_line' id='line_1_58' title="bbox 113 3225 906 3285; baseline -0.004 -2"><span class='ocrx_word' id='word_1_500' title='bbox 113 3230 216 3285; x_wconf 84' lang='lat' dir='ltr'><strong>scitur:</strong></span> <span class='ocrx_word' id='word_1_501' title='bbox 235 3238 261 3285; x_wconf 93' lang='lat' dir='ltr'><strong>tu</strong></span> <span class='ocrx_word' id='word_1_502' title='bbox 276 3237 364 3284; x_wconf 81' lang='lat' dir='ltr'><strong>autern</strong></span> <span class='ocrx_word' id='word_1_503' title='bbox 381 3227 583 3282; x_wconf 80' lang='lat' dir='ltr'><strong>benefactorum</strong></span> <span class='ocrx_word' id='word_1_504' title='bbox 599 3235 704 3281; x_wconf 90' lang='lat' dir='ltr'><strong>tuorum</strong></span> <span class='ocrx_word' id='word_1_505' title='bbox 728 3225 906 3281; x_wconf 90' lang='lat' dir='ltr'><strong>oblivisceris.</strong></span> 
     </span>
     <span class='ocr_line' id='line_1_59' title="bbox 112 3314 909 3387; baseline -0.008 -13"><span class='ocrx_word' id='word_1_506' title='bbox 112 3318 174 3386; x_wconf 84' lang='lat' dir='ltr'><strong>Fih,</strong></span> <span class='ocrx_word' id='word_1_507' title='bbox 192 3334 226 3372; x_wconf 90' lang='lat' dir='ltr'><strong>ne</strong></span> <span class='ocrx_word' id='word_1_508' title='bbox 241 3317 362 3372; x_wconf 85' lang='lat' dir='ltr'><strong>videatur</strong></span> <span class='ocrx_word' id='word_1_509' title='bbox 377 3317 422 3370; x_wconf 92' lang='lat' dir='ltr'><strong>tibi</strong></span> <span class='ocrx_word' id='word_1_510' title='bbox 438 3331 533 3387; x_wconf 87' lang='lat' dir='ltr'><strong>pamm</strong></span> <span class='ocrx_word' id='word_1_511' title='bbox 549 3331 630 3368; x_wconf 89' lang='lat' dir='ltr'><strong>unum</strong></span> <span class='ocrx_word' id='word_1_512' title='bbox 647 3315 747 3369; x_wconf 89' lang='lat' dir='ltr'><strong>habere</strong></span> <span class='ocrx_word' id='word_1_513' title='bbox 761 3314 909 3384; x_wconf 81' lang='lat' dir='ltr'><strong>immicum,</strong></span> 
     </span>
     <span class='ocr_line' id='line_1_60' title="bbox 113 3403 768 3473; baseline -0.009 -10"><span class='ocrx_word' id='word_1_514' title='bbox 113 3408 156 3463; x_wconf 88' lang='lat' dir='ltr'><strong>vel</strong></span> <span class='ocrx_word' id='word_1_515' title='bbox 173 3406 285 3461; x_wconf 90' lang='lat' dir='ltr'><strong>nimium</strong></span> <span class='ocrx_word' id='word_1_516' title='bbox 301 3406 374 3461; x_wconf 88' lang='lat' dir='ltr'><strong>mille</strong></span> <span class='ocrx_word' id='word_1_517' title='bbox 384 3405 484 3460; x_wconf 88' lang='lat' dir='ltr'><strong>habere</strong></span> <span class='ocrx_word' id='word_1_518' title='bbox 499 3404 601 3459; x_wconf 90' lang='lat' dir='ltr'><strong>amicos</strong></span> <span class='ocrx_word' id='word_1_519' title='bbox 617 3419 624 3473; x_wconf 88' lang='lat'>;</span> <span class='ocrx_word' id='word_1_520' title='bbox 640 3403 699 3459; x_wconf 89' lang='lat' dir='ltr'><strong>dico</strong></span> <span class='ocrx_word' id='word_1_521' title='bbox 711 3403 768 3458; x_wconf 92' lang='lat' dir='ltr'><strong>tibi.</strong></span> 
     </span>
    </p>
   </div>
   <div class='ocr_carea' id='block_1_18' title="bbox 370 3562 653 3621">
    <p class='ocr_par' dir='ltr' id='par_1_18' title="bbox 370 3562 653 3621">
     <span class='ocr_line' id='line_1_61' title="bbox 370 3562 653 3621; baseline -0.021 0"><span class='ocrx_word' id='word_1_522' title='bbox 370 3565 504 3621; x_wconf 65' lang='lat' dir='ltr'><strong>alnoth</strong></span> <span class='ocrx_word' id='word_1_523' title='bbox 538 3562 653 3618; x_wconf 80' lang='lat' dir='ltr'><strong>rutha.</strong></span> 
     </span>
    </p>
   </div>
   <div class='ocr_carea' id='block_1_19' title="bbox 113 3672 913 4196">
    <p class='ocr_par' dir='ltr' id='par_1_19' title="bbox 113 3672 913 4196">
     <span class='ocr_line' id='line_1_62' title="bbox 149 3672 910 3741; baseline -0.008 -10"><span class='ocrx_word' id='word_1_524' title='bbox 149 3676 235 3732; x_wconf 89' lang='lat' dir='ltr'><strong>llrabs</strong></span> <span class='ocrx_word' id='word_1_525' title='bbox 249 3675 403 3741; x_wconf 89' lang='lat' dir='ltr'><strong>morituras,</strong></span> <span class='ocrx_word' id='word_1_526' title='bbox 416 3682 512 3729; x_wconf 81' lang='lat' dir='ltr'><strong>vocato</strong></span> <span class='ocrx_word' id='word_1_527' title='bbox 527 3673 582 3727; x_wconf 89' lang='lat' dir='ltr'><strong>lilio</strong></span> <span class='ocrx_word' id='word_1_528' title='bbox 591 3688 650 3740; x_wconf 88' lang='lat' dir='ltr'><strong>suo,</strong></span> <span class='ocrx_word' id='word_1_529' title='bbox 663 3672 746 3727; x_wconf 90' lang='lat' dir='ltr'><strong>dixit:</strong></span> <span class='ocrx_word' id='word_1_530' title='bbox 764 3694 774 3720; x_wconf 73' lang='lat' dir='ltr'><strong>a</strong></span> <span class='ocrx_word' id='word_1_531' title='bbox 788 3673 847 3740; x_wconf 89' lang='lat' dir='ltr'><strong>Dic,</strong></span> <span class='ocrx_word' id='word_1_532' title='bbox 864 3672 910 3739; x_wconf 88' lang='lat' dir='ltr'><strong>lili,</strong></span> 
     </span>
     <span class='ocr_line' id='line_1_63' title="bbox 114 3760 913 3833; baseline -0.005 -14"><span class='ocrx_word' id='word_1_533' title='bbox 114 3773 179 3833; x_wconf 89' lang='lat' dir='ltr'><strong>quot</strong></span> <span class='ocrx_word' id='word_1_534' title='bbox 194 3763 251 3832; x_wconf 91' lang='lat' dir='ltr'><strong>tibi,</strong></span> <span class='ocrx_word' id='word_1_535' title='bbox 268 3763 332 3817; x_wconf 90' lang='lat' dir='ltr'><strong>dnm</strong></span> <span class='ocrx_word' id='word_1_536' title='bbox 348 3762 448 3827; x_wconf 90' lang='lat' dir='ltr'><strong>vixisti,</strong></span> <span class='ocrx_word' id='word_1_537' title='bbox 459 3760 614 3831; x_wconf 83' lang='lat' dir='ltr'><strong>acquisieris</strong></span> <span class='ocrx_word' id='word_1_538' title='bbox 621 3761 723 3815; x_wconf 90' lang='lat' dir='ltr'><strong>amieos</strong></span> <span class='ocrx_word' id='word_1_539' title='bbox 737 3762 751 3813; x_wconf 80' lang='lat' dir='ltr'><strong>t</strong></span> <span class='ocrx_word' id='word_1_540' title='bbox 768 3784 779 3807; x_wconf 69' lang='grc' dir='ltr'><strong>ιι</strong></span> <span class='ocrx_word' id='word_1_541' title='bbox 794 3760 913 3830; x_wconf 85' lang='lat' dir='ltr'><strong>hespon-</strong></span> 
     </span>
     <span class='ocr_line' id='line_1_64' title="bbox 113 3848 913 3918; baseline -0.008 -10"><span class='ocrx_word' id='word_1_542' title='bbox 113 3853 182 3908; x_wconf 90' lang='lat' dir='ltr'><strong>dens</strong></span> <span class='ocrx_word' id='word_1_543' title='bbox 197 3850 266 3906; x_wconf 86' lang='lat' dir='ltr'><strong>tilius</strong></span> <span class='ocrx_word' id='word_1_544' title='bbox 289 3851 378 3906; x_wconf 84' lang='lat' dir='ltr'><strong>dixit:</strong></span> <span class='ocrx_word' id='word_1_545' title='bbox 399 3876 409 3897; x_wconf 72' lang='grc' dir='ltr'><strong>ιι</strong></span> <span class='ocrx_word' id='word_1_546' title='bbox 426 3852 550 3915; x_wconf 88' lang='lat' dir='ltr'><strong>Centum,</strong></span> <span class='ocrx_word' id='word_1_547' title='bbox 581 3855 610 3902; x_wconf 90' lang='lat' dir='ltr'><strong>ut</strong></span> <span class='ocrx_word' id='word_1_548' title='bbox 635 3848 759 3916; x_wconf 92' lang='lat' dir='ltr'><strong>arbitror,</strong></span> <span class='ocrx_word' id='word_1_549' title='bbox 783 3848 913 3918; x_wconf 86' lang='lat' dir='ltr'><strong>acquisivi</strong></span> 
     </span>
     <span class='ocr_line' id='line_1_65' title="bbox 114 3938 913 4012; baseline -0.005 -15"><span class='ocrx_word' id='word_1_550' title='bbox 114 3941 227 3997; x_wconf 84' lang='lat' dir='ltr'><strong>amicos.</strong></span> <span class='ocrx_word' id='word_1_551' title='bbox 246 3964 257 3988; x_wconf 75' lang='lat' dir='ltr'><strong>a</strong></span> <span class='ocrx_word' id='word_1_552' title='bbox 275 3940 348 3995; x_wconf 88' lang='lat' dir='ltr'><strong>Dixit</strong></span> <span class='ocrx_word' id='word_1_553' title='bbox 367 3947 452 4012; x_wconf 91' lang='lat' dir='ltr'><strong>pater,</strong></span> <span class='ocrx_word' id='word_1_554' title='bbox 467 3963 478 3987; x_wconf 72' lang='lat' dir='ltr'><strong>i</strong></span> <span class='ocrx_word' id='word_1_555' title='bbox 495 3938 558 4008; x_wconf 90' lang='lat' dir='ltr'><strong>qnia</strong></span> <span class='ocrx_word' id='word_1_556' title='bbox 576 3938 754 4009; x_wconf 88' lang='lat' dir='ltr'><strong>philosophus</strong></span> <span class='ocrx_word' id='word_1_557' title='bbox 766 3938 835 3991; x_wconf 88' lang='lat' dir='ltr'><strong>dlxit</strong></span> <span class='ocrx_word' id='word_1_558' title='bbox 851 3957 856 3992; x_wconf 90' lang='lat'><strong>:</strong></span> <span class='ocrx_word' id='word_1_559' title='bbox 873 3939 913 3993; x_wconf 89' lang='lat' dir='ltr'><strong>Ne</strong></span> 
     </span>
     <span class='ocr_line' id='line_1_66' title="bbox 117 4033 913 4106; baseline -0.005 -14"><span class='ocrx_word' id='word_1_560' title='bbox 117 4037 210 4092; x_wconf 87' lang='lat' dir='ltr'><strong>laudes</strong></span> <span class='ocrx_word' id='word_1_561' title='bbox 224 4037 340 4091; x_wconf 79' lang='lat' dir='ltr'><strong>anticum</strong></span> <span class='ocrx_word' id='word_1_562' title='bbox 357 4035 443 4091; x_wconf 89' lang='lat' dir='ltr'><strong>donec</strong></span> <span class='ocrx_word' id='word_1_563' title='bbox 458 4034 614 4106; x_wconf 85' lang='lat' dir='ltr'><strong>probaveris</strong></span> <span class='ocrx_word' id='word_1_564' title='bbox 628 4050 700 4089; x_wconf 90' lang='lat' dir='ltr'><strong>eum.</strong></span> <span class='ocrx_word' id='word_1_565' title='bbox 717 4033 777 4105; x_wconf 85' lang='lat' dir='ltr'><strong>Ego</strong></span> <span class='ocrx_word' id='word_1_566' title='bbox 805 4033 913 4103; x_wconf 87' lang='lat' dir='ltr'><strong>quidem</strong></span> 
     </span>
     <span class='ocr_line' id='line_1_67' title="bbox 115 4121 913 4196; baseline -0.004 -16"><span class='ocrx_word' id='word_1_567' title='bbox 115 4126 191 4196; x_wconf 89' lang='lat' dir='ltr'><strong>prior</strong></span> <span class='ocrx_word' id='word_1_568' title='bbox 204 4134 360 4191; x_wconf 85' lang='lat' dir='ltr'><strong>natussum,</strong></span> <span class='ocrx_word' id='word_1_569' title='bbox 376 4131 403 4178; x_wconf 94' lang='lat' dir='ltr'><strong>et</strong></span> <span class='ocrx_word' id='word_1_570' title='bbox 415 4124 494 4177; x_wconf 88' lang='lat' dir='ltr'><strong>unius</strong></span> <span class='ocrx_word' id='word_1_571' title='bbox 506 4121 700 4177; x_wconf 85' lang='lat' dir='ltr'><strong>dimidietatem</strong></span> <span class='ocrx_word' id='word_1_572' title='bbox 716 4122 762 4177; x_wconf 89' lang='lat' dir='ltr'><strong>vix</strong></span> <span class='ocrx_word' id='word_1_573' title='bbox 785 4122 850 4177; x_wconf 90' lang='lat' dir='ltr'><strong>mihi</strong></span> <span class='ocrx_word' id='word_1_574' title='bbox 865 4138 913 4177; x_wconf 89' lang='lat' dir='ltr'><strong>ac-</strong></span> 
     </span>
    </p>
   </div>
   <div class='ocr_carea' id='block_1_20' title="bbox 964 3131 1763 3830">
    <p class='ocr_par' dir='ltr' id='par_1_20' title="bbox 964 3131 1763 3830">
     <span class='ocr_line' id='line_1_68' title="bbox 964 3131 1761 3205; baseline 0.009 -19"><span class='ocrx_word' id='word_1_575' title='bbox 964 3134 1034 3187; x_wconf 91' lang='lat' dir='ltr'><strong>banc</strong></span> <span class='ocrx_word' id='word_1_576' title='bbox 1048 3131 1214 3202; x_wconf 88' lang='lat' dir='ltr'><strong>corporalem</strong></span> <span class='ocrx_word' id='word_1_577' title='bbox 1242 3141 1426 3204; x_wconf 86' lang='lat' dir='ltr'><strong>cognoverunt</strong></span> <span class='ocrx_word' id='word_1_578' title='bbox 1440 3133 1631 3205; x_wconf 82' lang='lat' dir='ltr'><strong>infirmitatem,</strong></span> <span class='ocrx_word' id='word_1_579' title='bbox 1661 3139 1761 3193; x_wconf 85' lang='lat' dir='ltr'><strong>amoris</strong></span> 
     </span>
     <span class='ocr_line' id='line_1_69' title="bbox 965 3219 1760 3294; baseline 0.011 -21"><span class='ocrx_word' id='word_1_580' title='bbox 965 3219 1052 3273; x_wconf 89' lang='lat' dir='ltr'><strong>sciunt</strong></span> <span class='ocrx_word' id='word_1_581' title='bbox 1065 3234 1124 3274; x_wconf 79' lang='lat' dir='ltr'><strong>esse</strong></span> <span class='ocrx_word' id='word_1_582' title='bbox 1134 3220 1297 3290; x_wconf 86' lang='lat' dir='ltr'><strong>passionem.</strong></span> <span class='ocrx_word' id='word_1_583' title='bbox 1314 3221 1371 3276; x_wconf 88' lang='lat' dir='ltr'><strong>lloc</strong></span> <span class='ocrx_word' id='word_1_584' title='bbox 1386 3223 1488 3294; x_wconf 88' lang='lat' dir='ltr'><strong>agnito,</strong></span> <span class='ocrx_word' id='word_1_585' title='bbox 1504 3223 1629 3279; x_wconf 88' lang='lat' dir='ltr'><strong>dominas</strong></span> <span class='ocrx_word' id='word_1_586' title='bbox 1638 3227 1711 3281; x_wconf 84' lang='lat' dir='ltr'><strong>venit</strong></span> <span class='ocrx_word' id='word_1_587' title='bbox 1725 3226 1760 3282; x_wconf 91' lang='lat' dir='ltr'><strong>ad</strong></span> 
     </span>
     <span class='ocr_line' id='line_1_70' title="bbox 965 3308 1761 3379; baseline 0.01 -17"><span class='ocrx_word' id='word_1_588' title='bbox 965 3324 1026 3363; x_wconf 90' lang='lat' dir='ltr'><strong>eum</strong></span> <span class='ocrx_word' id='word_1_589' title='bbox 1042 3315 1068 3362; x_wconf 90' lang='lat' dir='ltr'><strong>et</strong></span> <span class='ocrx_word' id='word_1_590' title='bbox 1082 3308 1205 3377; x_wconf 74' lang='lat' dir='ltr'><strong>quaesivit</strong></span> <span class='ocrx_word' id='word_1_591' title='bbox 1232 3309 1253 3363; x_wconf 94' lang='lat' dir='ltr'><strong>si</strong></span> <span class='ocrx_word' id='word_1_592' title='bbox 1269 3325 1321 3379; x_wconf 84' lang='lat' dir='ltr'><strong>qna</strong></span> <span class='ocrx_word' id='word_1_593' title='bbox 1336 3319 1403 3365; x_wconf 84' lang='lat' dir='ltr'><strong>esset</strong></span> <span class='ocrx_word' id='word_1_594' title='bbox 1429 3311 1526 3367; x_wconf 90' lang='lat' dir='ltr'><strong>mulier</strong></span> <span class='ocrx_word' id='word_1_595' title='bbox 1552 3313 1579 3367; x_wconf 88' lang='lat' dir='ltr'><strong>ln</strong></span> <span class='ocrx_word' id='word_1_596' title='bbox 1604 3313 1685 3369; x_wconf 93' lang='lat' dir='ltr'><strong>domo</strong></span> <span class='ocrx_word' id='word_1_597' title='bbox 1712 3331 1761 3371; x_wconf 89' lang='lat' dir='ltr'><strong>sna</strong></span> 
     </span>
     <span class='ocr_line' id='line_1_71' title="bbox 966 3404 1761 3480; baseline 0.009 -20"><span class='ocrx_word' id='word_1_598' title='bbox 966 3421 1046 3474; x_wconf 84' lang='lat' dir='ltr'><strong>qnam</strong></span> <span class='ocrx_word' id='word_1_599' title='bbox 1061 3404 1195 3477; x_wconf 86' lang='lat' dir='ltr'><strong>diligeret.</strong></span> <span class='ocrx_word' id='word_1_600' title='bbox 1211 3405 1253 3460; x_wconf 76' lang='lat' dir='ltr'><strong>Aa</strong></span> <span class='ocrx_word' id='word_1_601' title='bbox 1269 3408 1318 3463; x_wconf 90' lang='lat' dir='ltr'><strong>hoc</strong></span> <span class='ocrx_word' id='word_1_602' title='bbox 1332 3424 1406 3480; x_wconf 84' lang='lat' dir='ltr'><strong>aegcr</strong></span> <span class='ocrx_word' id='word_1_603' title='bbox 1422 3428 1427 3463; x_wconf 95' lang='lat'><strong>:</strong></span> <span class='ocrx_word' id='word_1_604' title='bbox 1445 3407 1562 3465; x_wconf 89' lang='lat' dir='ltr'><strong>Ostende</strong></span> <span class='ocrx_word' id='word_1_605' title='bbox 1577 3410 1643 3465; x_wconf 93' lang='lat' dir='ltr'><strong>mihi</strong></span> <span class='ocrx_word' id='word_1_606' title='bbox 1667 3426 1761 3467; x_wconf 82' lang='lat' dir='ltr'><strong>ornnes</strong></span> 
     </span>
     <span class='ocr_line' id='line_1_72' title="bbox 966 3487 1762 3557; baseline 0.013 -16"><span class='ocrx_word' id='word_1_607' title='bbox 966 3487 1062 3544; x_wconf 90' lang='lat' dir='ltr'><strong>domus</strong></span> <span class='ocrx_word' id='word_1_608' title='bbox 1077 3498 1128 3544; x_wconf 85' lang='lat' dir='ltr'><strong>tuae</strong></span> <span class='ocrx_word' id='word_1_609' title='bbox 1143 3489 1277 3557; x_wconf 86' lang='lat' dir='ltr'><strong>mulieres,</strong></span> <span class='ocrx_word' id='word_1_610' title='bbox 1304 3492 1366 3546; x_wconf 89' lang='lat' dir='ltr'><strong>etsi</strong></span> <span class='ocrx_word' id='word_1_611' title='bbox 1395 3493 1461 3548; x_wconf 82' lang='lat' dir='ltr'><strong>torte</strong></span> <span class='ocrx_word' id='word_1_612' title='bbox 1476 3493 1546 3548; x_wconf 92' lang='lat' dir='ltr'><strong>inter</strong></span> <span class='ocrx_word' id='word_1_613' title='bbox 1572 3496 1695 3550; x_wconf 89' lang='lat' dir='ltr'><strong>eashanc</strong></span> <span class='ocrx_word' id='word_1_614' title='bbox 1722 3496 1762 3551; x_wconf 91' lang='lat' dir='ltr'><strong>vi·</strong></span> 
     </span>
     <span class='ocr_line' id='line_1_73' title="bbox 966 3575 1763 3649; baseline 0.013 -19"><span class='ocrx_word' id='word_1_615' title='bbox 966 3575 1041 3643; x_wconf 86' lang='lat' dir='ltr'><strong>dero,</strong></span> <span class='ocrx_word' id='word_1_616' title='bbox 1058 3577 1106 3632; x_wconf 91' lang='lat' dir='ltr'><strong>tibi</strong></span> <span class='ocrx_word' id='word_1_617' title='bbox 1118 3578 1267 3634; x_wconf 89' lang='lat' dir='ltr'><strong>ostendam.</strong></span> <span class='ocrx_word' id='word_1_618' title='bbox 1289 3577 1349 3648; x_wconf 83' lang='lat' dir='ltr'><strong>Quo</strong></span> <span class='ocrx_word' id='word_1_619' title='bbox 1378 3582 1479 3649; x_wconf 72' lang='lat' dir='ltr'><strong>audito,</strong></span> <span class='ocrx_word' id='word_1_620' title='bbox 1508 3583 1626 3638; x_wconf 84' lang='lat' dir='ltr'><strong>ostendit</strong></span> <span class='ocrx_word' id='word_1_621' title='bbox 1648 3584 1672 3638; x_wconf 89' lang='lat' dir='ltr'><strong>ei</strong></span> <span class='ocrx_word' id='word_1_622' title='bbox 1700 3600 1763 3640; x_wconf 85' lang='lat' dir='ltr'><strong>ean-</strong></span> 
     </span>
     <span class='ocr_line' id='line_1_74' title="bbox 967 3665 1763 3743; baseline 0.009 -23"><span class='ocrx_word' id='word_1_623' title='bbox 967 3665 1073 3721; x_wconf 87' lang='lat' dir='ltr'><strong>tatrices</strong></span> <span class='ocrx_word' id='word_1_624' title='bbox 1083 3673 1110 3720; x_wconf 88' lang='lat' dir='ltr'><strong>et</strong></span> <span class='ocrx_word' id='word_1_625' title='bbox 1124 3666 1284 3738; x_wconf 81' lang='lat' dir='ltr'><strong>pedisequas</strong></span> <span class='ocrx_word' id='word_1_626' title='bbox 1298 3684 1410 3738; x_wconf 86' lang='lat' dir='ltr'><strong>quarum</strong></span> <span class='ocrx_word' id='word_1_627' title='bbox 1435 3671 1508 3726; x_wconf 91' lang='lat' dir='ltr'><strong>nulla</strong></span> <span class='ocrx_word' id='word_1_628' title='bbox 1522 3671 1545 3725; x_wconf 91' lang='lat' dir='ltr'><strong>ei</strong></span> <span class='ocrx_word' id='word_1_629' title='bbox 1561 3672 1670 3743; x_wconf 85' lang='lat' dir='ltr'><strong>placuit.</strong></span> <span class='ocrx_word' id='word_1_630' title='bbox 1698 3673 1763 3728; x_wconf 91' lang='lat' dir='ltr'><strong>Post</strong></span> 
     </span>
     <span class='ocr_line' id='line_1_75' title="bbox 967 3755 1763 3830; baseline 0.013 -23"><span class='ocrx_word' id='word_1_631' title='bbox 967 3756 1027 3824; x_wconf 87' lang='lat' dir='ltr'><strong>hoe,</strong></span> <span class='ocrx_word' id='word_1_632' title='bbox 1051 3755 1167 3810; x_wconf 90' lang='lat' dir='ltr'><strong>ostendit</strong></span> <span class='ocrx_word' id='word_1_633' title='bbox 1194 3771 1289 3811; x_wconf 87' lang='lat' dir='ltr'><strong>omnes</strong></span> <span class='ocrx_word' id='word_1_634' title='bbox 1325 3756 1403 3826; x_wconf 86' lang='lat' dir='ltr'><strong>filias,</strong></span> <span class='ocrx_word' id='word_1_635' title='bbox 1433 3760 1481 3814; x_wconf 88' lang='lat' dir='ltr'><strong>has</strong></span> <span class='ocrx_word' id='word_1_636' title='bbox 1509 3775 1615 3830; x_wconf 84' lang='lat' dir='ltr'><strong>quoquc</strong></span> <span class='ocrx_word' id='word_1_637' title='bbox 1642 3761 1709 3815; x_wconf 88' lang='lat' dir='ltr'><strong>sicut</strong></span> <span class='ocrx_word' id='word_1_638' title='bbox 1737 3771 1763 3817; x_wconf 92' lang='lat' dir='ltr'><strong>et</strong></span> 
     </span>
    </p>
   </div>
   <div class='ocr_carea' id='block_1_21' title="bbox 966 3852 1763 4102">
    <p class='ocr_par' dir='ltr' id='par_1_21' title="bbox 966 3852 1763 4102">
     <span class='ocr_line' id='line_1_76' title="bbox 966 3852 1763 3928; baseline 0.009 -22"><span class='ocrx_word' id='word_1_639' title='bbox 966 3859 1077 3907; x_wconf 75' lang='lat' dir='ltr'><strong>ceteras</strong></span> <span class='ocrx_word' id='word_1_640' title='bbox 1104 3852 1214 3907; x_wconf 91' lang='lat' dir='ltr'><strong>omnino</strong></span> <span class='ocrx_word' id='word_1_641' title='bbox 1244 3854 1341 3922; x_wconf 88' lang='lat' dir='ltr'><strong>repulit</strong></span> <span class='ocrx_word' id='word_1_642' title='bbox 1364 3861 1443 3924; x_wconf 83' lang='lat' dir='ltr'><strong>atque</strong></span> <span class='ocrx_word' id='word_1_643' title='bbox 1468 3857 1615 3928; x_wconf 86' lang='lat' dir='ltr'><strong>negglexit.</strong></span> <span class='ocrx_word' id='word_1_644' title='bbox 1640 3857 1763 3913; x_wconf 84' lang='lat' dir='ltr'><strong>ilabebat</strong></span> 
     </span>
     <span class='ocr_line' id='line_1_77' title="bbox 966 3939 1763 4015; baseline 0.009 -21"><span class='ocrx_word' id='word_1_645' title='bbox 966 3947 1055 3994; x_wconf 86' lang='lat' dir='ltr'><strong>autem</strong></span> <span class='ocrx_word' id='word_1_646' title='bbox 1070 3939 1195 3995; x_wconf 83' lang='lat' dir='ltr'><strong>dontinus</strong></span> <span class='ocrx_word' id='word_1_647' title='bbox 1209 3941 1354 4010; x_wconf 89' lang='lat' dir='ltr'><strong>quamdam</strong></span> <span class='ocrx_word' id='word_1_648' title='bbox 1370 3943 1487 3998; x_wconf 91' lang='lat' dir='ltr'><strong>nobilem</strong></span> <span class='ocrx_word' id='word_1_649' title='bbox 1505 3945 1621 4015; x_wconf 90' lang='lat' dir='ltr'><strong>puellam</strong></span> <span class='ocrx_word' id='word_1_650' title='bbox 1639 3945 1665 3999; x_wconf 93' lang='lat' dir='ltr'><strong>in</strong></span> <span class='ocrx_word' id='word_1_651' title='bbox 1680 3945 1763 4001; x_wconf 89' lang='lat' dir='ltr'><strong>domo</strong></span> 
     </span>
     <span class='ocr_line' id='line_1_78' title="bbox 967 4029 1763 4102; baseline 0.006 -20"><span class='ocrx_word' id='word_1_652' title='bbox 967 4045 1015 4083; x_wconf 90' lang='lat' dir='ltr'><strong>sua</strong></span> <span class='ocrx_word' id='word_1_653' title='bbox 1029 4044 1109 4097; x_wconf 86' lang='lat' dir='ltr'><strong>quam</strong></span> <span class='ocrx_word' id='word_1_654' title='bbox 1123 4029 1228 4099; x_wconf 89' lang='lat' dir='ltr'><strong>jamdin</strong></span> <span class='ocrx_word' id='word_1_655' title='bbox 1256 4030 1416 4084; x_wconf 86' lang='lat' dir='ltr'><strong>educaverat</strong></span> <span class='ocrx_word' id='word_1_656' title='bbox 1443 4038 1469 4084; x_wconf 92' lang='lat' dir='ltr'><strong>ut</strong></span> <span class='ocrx_word' id='word_1_657' title='bbox 1485 4047 1544 4085; x_wconf 92' lang='lat' dir='ltr'><strong>cam</strong></span> <span class='ocrx_word' id='word_1_658' title='bbox 1574 4033 1708 4102; x_wconf 88' lang='lat' dir='ltr'><strong>acciperet</strong></span> <span class='ocrx_word' id='word_1_659' title='bbox 1734 4033 1763 4087; x_wconf 93' lang='lat' dir='ltr'><strong>in</strong></span> 
     </span>
    </p>
   </div>
   <div class='ocr_carea' id='block_1_22' title="bbox 967 4127 1761 4201">
    <p class='ocr_par' dir='ltr' id='par_1_22' title="bbox 967 4127 1761 4201">
     <span class='ocr_line' id='line_1_79' title="bbox 967 4127 1761 4201; baseline 0.009 -22"><span class='ocrx_word' id='word_1_660' title='bbox 967 4141 1089 4189; x_wconf 86' lang='lat' dir='ltr'><strong>uxorem,</strong></span> <span class='ocrx_word' id='word_1_661' title='bbox 1118 4141 1199 4195; x_wconf 85' lang='lat' dir='ltr'><strong>qnam</strong></span> <span class='ocrx_word' id='word_1_662' title='bbox 1215 4135 1240 4180; x_wconf 91' lang='lat' dir='ltr'><strong>et</strong></span> <span class='ocrx_word' id='word_1_663' title='bbox 1254 4127 1369 4181; x_wconf 92' lang='lat' dir='ltr'><strong>ostendit</strong></span> <span class='ocrx_word' id='word_1_664' title='bbox 1390 4127 1424 4182; x_wconf 80' lang='lat' dir='ltr'><strong>ci,</strong></span> <span class='ocrx_word' id='word_1_665' title='bbox 1445 4128 1527 4200; x_wconf 83' lang='lat' dir='ltr'><strong>AEgcr</strong></span> <span class='ocrx_word' id='word_1_666' title='bbox 1552 4145 1627 4198; x_wconf 89' lang='lat' dir='ltr'><strong>vero,</strong></span> <span class='ocrx_word' id='word_1_667' title='bbox 1653 4138 1761 4201; x_wconf 84' lang='lat' dir='ltr'><strong>aspecta</strong></span> 
     </span>
    </p>
   </div>
   <div class='ocr_carea' id='block_1_23' title="bbox 116 4210 1759 4285">
    <p class='ocr_par' dir='ltr' id='par_1_23' title="bbox 116 4210 1759 4285">
     <span class='ocr_line' id='line_1_80' title="bbox 116 4210 1759 4285; baseline 0.004 -17"><span class='ocrx_word' id='word_1_668' title='bbox 116 4214 215 4285; x_wconf 81' lang='lat' dir='ltr'><strong>qirisivi</strong></span> <span class='ocrx_word' id='word_1_669' title='bbox 231 4228 238 4281; x_wconf 89' lang='grc'>;</span> <span class='ocrx_word' id='word_1_670' title='bbox 256 4222 282 4268; x_wconf 94' lang='lat' dir='ltr'><strong>tu</strong></span> <span class='ocrx_word' id='word_1_671' title='bbox 297 4229 362 4285; x_wconf 87' lang='lat' dir='ltr'><strong>ergo</strong></span> <span class='ocrx_word' id='word_1_672' title='bbox 391 4219 497 4267; x_wconf 90' lang='lat' dir='ltr'><strong>centurn</strong></span> <span class='ocrx_word' id='word_1_673' title='bbox 518 4210 653 4281; x_wconf 89' lang='lat' dir='ltr'><strong>quomodo</strong></span> <span class='ocrx_word' id='word_1_674' title='bbox 677 4210 724 4265; x_wconf 92' lang='lat' dir='ltr'><strong>tibi</strong></span> <span class='ocrx_word' id='word_1_675' title='bbox 753 4211 914 4280; x_wconf 79' lang='lat' dir='ltr'><strong>acquisisttt</strong></span> <span class='ocrx_word' id='word_1_676' title='bbox 969 4215 1028 4280; x_wconf 87' lang='lat' dir='ltr'><strong>bac,</strong></span> <span class='ocrx_word' id='word_1_677' title='bbox 1045 4214 1081 4268; x_wconf 87' lang='lat' dir='ltr'><strong>ait</strong></span> <span class='ocrx_word' id='word_1_678' title='bbox 1098 4233 1103 4268; x_wconf 93' lang='lat'>:</span> <span class='ocrx_word' id='word_1_679' title='bbox 1120 4213 1161 4268; x_wconf 86' lang='lat' dir='ltr'><strong>Ex</strong></span> <span class='ocrx_word' id='word_1_680' title='bbox 1176 4216 1225 4269; x_wconf 91' lang='lat' dir='ltr'><strong>hac</strong></span> <span class='ocrx_word' id='word_1_681' title='bbox 1240 4221 1278 4269; x_wconf 88' lang='lat' dir='ltr'><strong>cst</strong></span> <span class='ocrx_word' id='word_1_682' title='bbox 1289 4215 1353 4269; x_wconf 92' lang='lat' dir='ltr'><strong>mihi</strong></span> <span class='ocrx_word' id='word_1_683' title='bbox 1370 4216 1447 4280; x_wconf 93' lang='lat' dir='ltr'><strong>mori,</strong></span> <span class='ocrx_word' id='word_1_684' title='bbox 1464 4224 1490 4270; x_wconf 90' lang='lat' dir='ltr'><strong>et</strong></span> <span class='ocrx_word' id='word_1_685' title='bbox 1505 4217 1532 4271; x_wconf 84' lang='lat' dir='ltr'><strong>In</strong></span> <span class='ocrx_word' id='word_1_686' title='bbox 1542 4220 1592 4272; x_wconf 78' lang='lat' dir='ltr'><strong>hae</strong></span> <span class='ocrx_word' id='word_1_687' title='bbox 1616 4235 1675 4273; x_wconf 93' lang='lat' dir='ltr'><strong>mca</strong></span> <span class='ocrx_word' id='word_1_688' title='bbox 1691 4219 1759 4275; x_wconf 90' lang='lat' dir='ltr'><strong>vita.</strong></span> 
     </span>
    </p>
   </div>
   <div class='ocr_carea' id='block_1_24' title="bbox 116 4299 1768 4473">
    <p class='ocr_par' dir='ltr' id='par_1_24' title="bbox 116 4299 1768 4473">
     <span class='ocr_line' id='line_1_81' title="bbox 116 4299 1765 4388; baseline 0.002 -30"><span class='ocrx_word' id='word_1_689' title='bbox 116 4303 191 4358; x_wconf 85' lang='lat' dir='ltr'><strong>Vade</strong></span> <span class='ocrx_word' id='word_1_690' title='bbox 206 4303 287 4375; x_wconf 87' lang='lat' dir='ltr'><strong>igitur</strong></span> <span class='ocrx_word' id='word_1_691' title='bbox 314 4301 544 4373; x_wconf 81' lang='lat' dir='ltr'><strong>probareomncs.</strong></span> <span class='ocrx_word' id='word_1_692' title='bbox 576 4308 602 4354; x_wconf 90' lang='lat' dir='ltr'><strong>ut</strong></span> <span class='ocrx_word' id='word_1_693' title='bbox 630 4314 780 4371; x_wconf 85' lang='lat' dir='ltr'><strong>cognoscas</strong></span> <span class='ocrx_word' id='word_1_694' title='bbox 806 4299 828 4352; x_wconf 88' lang='lat' dir='ltr'><strong>si</strong></span> <span class='ocrx_word' id='word_1_695' title='bbox 856 4299 916 4368; x_wconf 84' lang='lat' dir='ltr'><strong>qnia</strong></span> <span class='ocrx_word' id='word_1_696' title='bbox 968 4308 1028 4378; x_wconf 77' lang='lat' dir='ltr'><strong>Quo</strong></span> <span class='ocrx_word' id='word_1_697' title='bbox 1043 4309 1143 4377; x_wconf 75' lang='lat' dir='ltr'><strong>audito,</strong></span> <span class='ocrx_word' id='word_1_698' title='bbox 1172 4309 1246 4365; x_wconf 68' lang='lat' dir='ltr'><strong>&lt;ladit</strong></span> <span class='ocrx_word' id='word_1_699' title='bbox 1272 4311 1389 4379; x_wconf 70' lang='lat' dir='ltr'><strong>puellam</strong></span> <span class='ocrx_word' id='word_1_700' title='bbox 1420 4312 1446 4365; x_wconf 79' lang='lat' dir='ltr'><strong>in</strong></span> <span class='ocrx_word' id='word_1_701' title='bbox 1463 4328 1574 4368; x_wconf 71' lang='lat' dir='ltr'><strong>uxorem</strong></span> <span class='ocrx_word' id='word_1_702' title='bbox 1602 4330 1676 4388; x_wconf 72' lang='lat' dir='ltr'><strong>aegro</strong></span> <span class='ocrx_word' id='word_1_703' title='bbox 1703 4330 1765 4371; x_wconf 69' lang='lat' dir='ltr'><strong>cum</strong></span> 
     </span>
     <span class='ocr_line' id='line_1_82' title="bbox 116 4395 1768 4473; baseline 0.002 -17"><span class='ocrx_word' id='word_1_704' title='bbox 116 4401 257 4456; x_wconf 92' lang='lat' dir='ltr'><strong>hominnm</strong></span> <span class='ocrx_word' id='word_1_705' title='bbox 273 4399 319 4453; x_wconf 92' lang='lat' dir='ltr'><strong>tibi</strong></span> <span class='ocrx_word' id='word_1_706' title='bbox 349 4398 547 4469; x_wconf 71' lang='lat' dir='ltr'><strong>perlectnserit</strong></span> <span class='ocrx_word' id='word_1_707' title='bbox 564 4397 675 4451; x_wconf 89' lang='lat' dir='ltr'><strong>amicus.</strong></span> <span class='ocrx_word' id='word_1_708' title='bbox 696 4395 795 4450; x_wconf 73' lang='lat' dir='ltr'><strong>»Dicit</strong></span> <span class='ocrx_word' id='word_1_709' title='bbox 821 4395 891 4451; x_wconf 86' lang='lat' dir='ltr'><strong>lilius</strong></span> <span class='ocrx_word' id='word_1_710' title='bbox 907 4415 913 4450; x_wconf 93' lang='lat'>:</span> <span class='ocrx_word' id='word_1_711' title='bbox 930 4398 1096 4469; x_wconf 75' lang='lat' dir='ltr'><strong>nomnibus</strong></span> <span class='ocrx_word' id='word_1_712' title='bbox 1111 4414 1171 4468; x_wconf 74' lang='lat' dir='ltr'><strong>qure</strong></span> <span class='ocrx_word' id='word_1_713' title='bbox 1185 4407 1315 4454; x_wconf 87' lang='lat' dir='ltr'><strong>eratcnm</strong></span> <span class='ocrx_word' id='word_1_714' title='bbox 1331 4416 1364 4455; x_wconf 88' lang='lat' dir='ltr'><strong>ea</strong></span> <span class='ocrx_word' id='word_1_715' title='bbox 1379 4408 1544 4472; x_wconf 82' lang='lat' dir='ltr'><strong>accepturus,</strong></span> <span class='ocrx_word' id='word_1_716' title='bbox 1583 4410 1610 4457; x_wconf 89' lang='lat' dir='ltr'><strong>et</strong></span> <span class='ocrx_word' id='word_1_717' title='bbox 1636 4411 1768 4473; x_wconf 69' lang='lat' dir='ltr'><strong>praeterea</strong></span> 
     </span>
    </p>
   </div>
   <div class='ocr_carea' id='block_1_25' title="bbox 116 4493 919 5630">
    <p class='ocr_par' dir='ltr' id='par_1_25' title="bbox 116 4493 919 5630">
     <span class='ocr_line' id='line_1_83' title="bbox 119 4493 916 4566; baseline -0.004 -15"><span class='ocrx_word' id='word_1_718' title='bbox 119 4521 130 4547; x_wconf 72' lang='grc' dir='ltr'>ι</span> <span class='ocrx_word' id='word_1_719' title='bbox 148 4496 441 4566; x_wconf 83' lang='lat' dir='ltr'><strong>Qtrovnorloconsulis‘?</strong></span> <span class='ocrx_word' id='word_1_720' title='bbox 460 4518 470 4544; x_wconf 79' lang='grc' dir='ltr'>ι</span> <span class='ocrx_word' id='word_1_721' title='bbox 487 4494 637 4566; x_wconf 83' lang='lat' dir='ltr'><strong>DIcitpater</strong></span> <span class='ocrx_word' id='word_1_722' title='bbox 653 4513 659 4548; x_wconf 92' lang='lat'>:</span> <span class='ocrx_word' id='word_1_723' title='bbox 678 4493 820 4548; x_wconf 67' lang='lat' dir='ltr'><strong>illitulum</strong></span> <span class='ocrx_word' id='word_1_724' title='bbox 831 4493 916 4548; x_wconf 89' lang='lat' dir='ltr'><strong>inter·</strong></span> 
     </span>
     <span class='ocr_line' id='line_1_84' title="bbox 117 4583 914 4652; baseline -0.004 -11"><span class='ocrx_word' id='word_1_725' title='bbox 117 4588 215 4642; x_wconf 84' lang='lat' dir='ltr'><strong>lectum</strong></span> <span class='ocrx_word' id='word_1_726' title='bbox 244 4592 271 4640; x_wconf 91' lang='lat' dir='ltr'><strong>et</strong></span> <span class='ocrx_word' id='word_1_727' title='bbox 299 4585 430 4639; x_wconf 80' lang='lat' dir='ltr'><strong>frustatim</strong></span> <span class='ocrx_word' id='word_1_728' title='bbox 454 4583 649 4638; x_wconf 84' lang='lat' dir='ltr'><strong>comminutum</strong></span> <span class='ocrx_word' id='word_1_729' title='bbox 665 4583 692 4636; x_wconf 90' lang='lat' dir='ltr'><strong>in</strong></span> <span class='ocrx_word' id='word_1_730' title='bbox 706 4598 784 4637; x_wconf 88' lang='lat' dir='ltr'><strong>sacco</strong></span> <span class='ocrx_word' id='word_1_731' title='bbox 804 4597 914 4652; x_wconf 88' lang='lat' dir='ltr'><strong>repone,</strong></span> 
     </span>
     <span class='ocr_line' id='line_1_85' title="bbox 116 4670 914 4743; baseline -0.008 -12"><span class='ocrx_word' id='word_1_732' title='bbox 116 4676 153 4731; x_wconf 90' lang='lat' dir='ltr'><strong>ita</strong></span> <span class='ocrx_word' id='word_1_733' title='bbox 167 4682 195 4729; x_wconf 94' lang='lat' dir='ltr'><strong>ut</strong></span> <span class='ocrx_word' id='word_1_734' title='bbox 204 4690 296 4729; x_wconf 88' lang='lat' dir='ltr'><strong>saccas</strong></span> <span class='ocrx_word' id='word_1_735' title='bbox 310 4673 458 4728; x_wconf 83' lang='lat' dir='ltr'><strong>lorinsecus</strong></span> <span class='ocrx_word' id='word_1_736' title='bbox 472 4672 604 4743; x_wconf 89' lang='lat' dir='ltr'><strong>sanguino</strong></span> <span class='ocrx_word' id='word_1_737' title='bbox 621 4670 735 4725; x_wconf 87' lang='lat' dir='ltr'><strong>inlectus</strong></span> <span class='ocrx_word' id='word_1_738' title='bbox 749 4671 794 4738; x_wconf 86' lang='lat' dir='ltr'><strong>sit,</strong></span> <span class='ocrx_word' id='word_1_739' title='bbox 813 4678 914 4725; x_wconf 89' lang='lat' dir='ltr'><strong>etcum</strong></span> 
     </span>
     <span class='ocr_line' id='line_1_86' title="bbox 117 4758 914 4829; baseline -0.009 -9"><span class='ocrx_word' id='word_1_740' title='bbox 117 4764 152 4820; x_wconf 86' lang='lat' dir='ltr'><strong>ad</strong></span> <span class='ocrx_word' id='word_1_741' title='bbox 167 4764 283 4818; x_wconf 89' lang='lat' dir='ltr'><strong>amicum</strong></span> <span class='ocrx_word' id='word_1_742' title='bbox 311 4761 425 4829; x_wconf 82' lang='lat' dir='ltr'><strong>veneris,</strong></span> <span class='ocrx_word' id='word_1_743' title='bbox 447 4761 489 4815; x_wconf 90' lang='lat' dir='ltr'><strong>dic</strong></span> <span class='ocrx_word' id='word_1_744' title='bbox 513 4761 537 4815; x_wconf 89' lang='lat' dir='ltr'><strong>ei</strong></span> <span class='ocrx_word' id='word_1_745' title='bbox 554 4760 727 4828; x_wconf 79' lang='lat' dir='ltr'><strong>thomicem,</strong></span> <span class='ocrx_word' id='word_1_746' title='bbox 756 4762 837 4815; x_wconf 88' lang='lat' dir='ltr'><strong>chare</strong></span> <span class='ocrx_word' id='word_1_747' title='bbox 865 4758 914 4825; x_wconf 92' lang='lat' dir='ltr'><strong>mi,</strong></span> 
     </span>
     <span class='ocr_line' id='line_1_87' title="bbox 118 4848 915 4921; baseline -0.005 -14"><span class='ocrx_word' id='word_1_748' title='bbox 118 4853 186 4907; x_wconf 89' lang='lat' dir='ltr'><strong>lorto</strong></span> <span class='ocrx_word' id='word_1_749' title='bbox 215 4849 347 4916; x_wconf 79' lang='lat' dir='ltr'><strong>interfeci,</strong></span> <span class='ocrx_word' id='word_1_750' title='bbox 376 4865 442 4921; x_wconf 86' lang='lat' dir='ltr'><strong>rogo</strong></span> <span class='ocrx_word' id='word_1_751' title='bbox 472 4857 496 4903; x_wconf 94' lang='lat' dir='ltr'><strong>te</strong></span> <span class='ocrx_word' id='word_1_752' title='bbox 521 4857 549 4903; x_wconf 93' lang='lat' dir='ltr'><strong>nt</strong></span> <span class='ocrx_word' id='word_1_753' title='bbox 569 4864 630 4903; x_wconf 90' lang='lat' dir='ltr'><strong>eum</strong></span> <span class='ocrx_word' id='word_1_754' title='bbox 658 4856 761 4903; x_wconf 86' lang='lat' dir='ltr'><strong>secreto</strong></span> <span class='ocrx_word' id='word_1_755' title='bbox 789 4848 915 4919; x_wconf 87' lang='lat' dir='ltr'><strong>sepelias,</strong></span> 
     </span>
     <span class='ocr_line' id='line_1_88' title="bbox 117 4936 917 5006; baseline -0.006 -11"><span class='ocrx_word' id='word_1_756' title='bbox 117 4955 200 4995; x_wconf 91' lang='lat' dir='ltr'><strong>nemo</strong></span> <span class='ocrx_word' id='word_1_757' title='bbox 214 4939 286 4994; x_wconf 90' lang='lat' dir='ltr'><strong>enim</strong></span> <span class='ocrx_word' id='word_1_758' title='bbox 302 4946 327 4992; x_wconf 93' lang='lat' dir='ltr'><strong>te</strong></span> <span class='ocrx_word' id='word_1_759' title='bbox 342 4945 494 5006; x_wconf 87' lang='lat' dir='ltr'><strong>suspectum</strong></span> <span class='ocrx_word' id='word_1_760' title='bbox 515 4936 634 5004; x_wconf 88' lang='lat' dir='ltr'><strong>habebit,</strong></span> <span class='ocrx_word' id='word_1_761' title='bbox 649 4936 740 5005; x_wconf 86' lang='lat' dir='ltr'><strong>sleque</strong></span> <span class='ocrx_word' id='word_1_762' title='bbox 753 4952 797 4990; x_wconf 92' lang='lat' dir='ltr'><strong>mc</strong></span> <span class='ocrx_word' id='word_1_763' title='bbox 811 4936 917 4990; x_wconf 83' lang='lat' dir='ltr'><strong>salvare</strong></span> 
     </span>
     <span class='ocr_line' id='line_1_89' title="bbox 118 5023 917 5099; baseline -0.006 -16"><span class='ocrx_word' id='word_1_764' title='bbox 118 5028 229 5099; x_wconf 87' lang='lat' dir='ltr'><strong>poteris.</strong></span> <span class='ocrx_word' id='word_1_765' title='bbox 248 5050 258 5074; x_wconf 81' lang='lat' dir='ltr'><strong>n</strong></span> <span class='ocrx_word' id='word_1_766' title='bbox 276 5026 359 5081; x_wconf 84' lang='lat' dir='ltr'><strong>Filius</strong></span> <span class='ocrx_word' id='word_1_767' title='bbox 374 5025 436 5080; x_wconf 88' lang='lat' dir='ltr'><strong>lecit</strong></span> <span class='ocrx_word' id='word_1_768' title='bbox 450 5025 517 5079; x_wconf 91' lang='lat' dir='ltr'><strong>sicut</strong></span> <span class='ocrx_word' id='word_1_769' title='bbox 543 5032 618 5094; x_wconf 86' lang='lat' dir='ltr'><strong>pater</strong></span> <span class='ocrx_word' id='word_1_770' title='bbox 632 5023 783 5094; x_wconf 87' lang='lat' dir='ltr'><strong>imperavit.</strong></span> <span class='ocrx_word' id='word_1_771' title='bbox 814 5024 917 5079; x_wconf 88' lang='lat' dir='ltr'><strong>Primus</strong></span> 
     </span>
     <span class='ocr_line' id='line_1_90' title="bbox 119 5113 916 5185; baseline -0.009 -13"><span class='ocrx_word' id='word_1_772' title='bbox 119 5117 223 5173; x_wconf 88' lang='lat' dir='ltr'><strong>amicas</strong></span> <span class='ocrx_word' id='word_1_773' title='bbox 237 5115 271 5170; x_wconf 89' lang='lat' dir='ltr'><strong>ad</strong></span> <span class='ocrx_word' id='word_1_774' title='bbox 281 5131 361 5185; x_wconf 86' lang='lat' dir='ltr'><strong>quem</strong></span> <span class='ocrx_word' id='word_1_775' title='bbox 377 5115 459 5181; x_wconf 88' lang='lat' dir='ltr'><strong>venit,</strong></span> <span class='ocrx_word' id='word_1_776' title='bbox 475 5113 565 5167; x_wconf 84' lang='lat' dir='ltr'><strong>dixit:</strong></span> <span class='ocrx_word' id='word_1_777' title='bbox 586 5136 596 5159; x_wconf 77' lang='lat' dir='ltr'><strong>n</strong></span> <span class='ocrx_word' id='word_1_778' title='bbox 615 5113 759 5166; x_wconf 88' lang='lat' dir='ltr'><strong>Fertecum</strong></span> <span class='ocrx_word' id='word_1_779' title='bbox 781 5118 916 5166; x_wconf 89' lang='lat' dir='ltr'><strong>mortuum</strong></span> 
     </span>
     <span class='ocr_line' id='line_1_91' title="bbox 119 5200 917 5277; baseline -0.008 -16"><span class='ocrx_word' id='word_1_780' title='bbox 119 5221 201 5277; x_wconf 91' lang='lat' dir='ltr'><strong>super</strong></span> <span class='ocrx_word' id='word_1_781' title='bbox 213 5204 312 5259; x_wconf 92' lang='lat' dir='ltr'><strong>collum</strong></span> <span class='ocrx_word' id='word_1_782' title='bbox 329 5211 402 5257; x_wconf 74' lang='lat' dir='ltr'><strong>mum</strong></span> <span class='ocrx_word' id='word_1_783' title='bbox 418 5217 426 5265; x_wconf 75' lang='grc' dir='ltr'><strong>ς</strong></span> <span class='ocrx_word' id='word_1_784' title='bbox 442 5202 510 5257; x_wconf 91' lang='lat' dir='ltr'><strong>sicut</strong></span> <span class='ocrx_word' id='word_1_785' title='bbox 524 5201 609 5256; x_wconf 82' lang='lat' dir='ltr'><strong>iecisti</strong></span> <span class='ocrx_word' id='word_1_786' title='bbox 630 5200 740 5266; x_wconf 90' lang='lat' dir='ltr'><strong>malum,</strong></span> <span class='ocrx_word' id='word_1_787' title='bbox 758 5206 848 5271; x_wconf 89' lang='lat' dir='ltr'><strong>patere</strong></span> <span class='ocrx_word' id='word_1_788' title='bbox 875 5216 917 5255; x_wconf 88' lang='lat' dir='ltr'><strong>se·</strong></span> 
     </span>
     <span class='ocr_line' id='line_1_92' title="bbox 120 5288 917 5358; baseline -0.006 -9"><span class='ocrx_word' id='word_1_789' title='bbox 120 5292 309 5358; x_wconf 84' lang='lat' dir='ltr'><strong>tisIactionem,</strong></span> <span class='ocrx_word' id='word_1_790' title='bbox 325 5290 353 5345; x_wconf 85' lang='lat' dir='ltr'><strong>ln</strong></span> <span class='ocrx_word' id='word_1_791' title='bbox 366 5290 477 5345; x_wconf 92' lang='lat' dir='ltr'><strong>domum</strong></span> <span class='ocrx_word' id='word_1_792' title='bbox 501 5305 588 5344; x_wconf 90' lang='lat' dir='ltr'><strong>meam</strong></span> <span class='ocrx_word' id='word_1_793' title='bbox 604 5305 657 5343; x_wconf 92' lang='lat' dir='ltr'><strong>non</strong></span> <span class='ocrx_word' id='word_1_794' title='bbox 673 5288 803 5343; x_wconf 86' lang='lat' dir='ltr'><strong>introibis.</strong></span> <span class='ocrx_word' id='word_1_795' title='bbox 820 5312 832 5337; x_wconf 73' lang='lat' dir='ltr'><strong>i</strong></span> <span class='ocrx_word' id='word_1_796' title='bbox 849 5289 917 5344; x_wconf 87' lang='lat' dir='ltr'><strong>Cum</strong></span> 
     </span>
     <span class='ocr_line' id='line_1_93' title="bbox 119 5377 918 5451; baseline -0.006 -13"><span class='ocrx_word' id='word_1_797' title='bbox 119 5390 210 5439; x_wconf 88' lang='lat' dir='ltr'><strong>autem</strong></span> <span class='ocrx_word' id='word_1_798' title='bbox 239 5396 287 5451; x_wconf 92' lang='lat' dir='ltr'><strong>per</strong></span> <span class='ocrx_word' id='word_1_799' title='bbox 312 5378 433 5451; x_wconf 86' lang='lat' dir='ltr'><strong>singulos</strong></span> <span class='ocrx_word' id='word_1_800' title='bbox 461 5378 499 5432; x_wconf 87' lang='lat' dir='ltr'><strong>sic</strong></span> <span class='ocrx_word' id='word_1_801' title='bbox 528 5377 642 5445; x_wconf 61' lang='lat' dir='ltr'><strong>leciffiet,</strong></span> <span class='ocrx_word' id='word_1_802' title='bbox 668 5377 765 5433; x_wconf 88' lang='lat' dir='ltr'><strong>eodem</strong></span> <span class='ocrx_word' id='word_1_803' title='bbox 788 5392 918 5448; x_wconf 88' lang='lat' dir='ltr'><strong>responso</strong></span> 
     </span>
     <span class='ocr_line' id='line_1_94' title="bbox 119 5464 919 5539; baseline -0.008 -13"><span class='ocrx_word' id='word_1_804' title='bbox 119 5485 216 5527; x_wconf 88' lang='lat' dir='ltr'><strong>omnes</strong></span> <span class='ocrx_word' id='word_1_805' title='bbox 229 5467 433 5539; x_wconf 86' lang='lat' dir='ltr'><strong>responderunt.</strong></span> <span class='ocrx_word' id='word_1_806' title='bbox 448 5465 489 5520; x_wconf 77' lang='lat' dir='ltr'><strong>hd</strong></span> <span class='ocrx_word' id='word_1_807' title='bbox 505 5473 608 5536; x_wconf 83' lang='lat' dir='ltr'><strong>patrem</strong></span> <span class='ocrx_word' id='word_1_808' title='bbox 622 5465 739 5534; x_wconf 83' lang='lat' dir='ltr'><strong>rediens,</strong></span> <span class='ocrx_word' id='word_1_809' title='bbox 754 5464 919 5521; x_wconf 87' lang='lat' dir='ltr'><strong>renuntiavit</strong></span> 
     </span>
     <span class='ocr_line' id='line_1_95' title="bbox 120 5552 919 5630; baseline -0.004 -19"><span class='ocrx_word' id='word_1_810' title='bbox 120 5574 182 5630; x_wconf 76' lang='lat' dir='ltr'><strong>quae</strong></span> <span class='ocrx_word' id='word_1_811' title='bbox 197 5556 306 5613; x_wconf 83' lang='lat' dir='ltr'><strong>lecerat</strong></span> <span class='ocrx_word' id='word_1_812' title='bbox 322 5554 395 5610; x_wconf 85' lang='lat' dir='ltr'><strong>Ihxit</strong></span> <span class='ocrx_word' id='word_1_813' title='bbox 409 5561 484 5626; x_wconf 87' lang='lat' dir='ltr'><strong>pater</strong></span> <span class='ocrx_word' id='word_1_814' title='bbox 499 5573 505 5609; x_wconf 95' lang='lat'><strong>:</strong></span> <span class='ocrx_word' id='word_1_815' title='bbox 522 5554 641 5627; x_wconf 84' lang='lat' dir='ltr'><strong>Contigit</strong></span> <span class='ocrx_word' id='word_1_816' title='bbox 654 5554 703 5611; x_wconf 91' lang='lat' dir='ltr'><strong>tibi</strong></span> <span class='ocrx_word' id='word_1_817' title='bbox 716 5562 745 5611; x_wconf 92' lang='lat' dir='ltr'><strong>at</strong></span> <span class='ocrx_word' id='word_1_818' title='bbox 760 5552 829 5609; x_wconf 80' lang='lat' dir='ltr'><strong>dixit</strong></span> <span class='ocrx_word' id='word_1_819' title='bbox 854 5552 919 5626; x_wconf 90' lang='lat' dir='ltr'><strong>phi·</strong></span> 
     </span>
    </p>
   </div>
   <div class='ocr_carea' id='block_1_26' title="bbox 159 5706 379 5783">
    <p class='ocr_par' dir='ltr' id='par_1_26' title="bbox 159 5706 379 5783">
     <span class='ocr_line' id='line_1_96' title="bbox 159 5706 379 5783; baseline -0.023 -18"><span class='ocrx_word' id='word_1_820' title='bbox 159 5706 379 5783; x_wconf 60' lang='lat' dir='ltr'><strong>(tamaium.</strong></span> 
     </span>
    </p>
   </div>
   <div class='ocr_carea' id='block_1_27' title="bbox 970 4486 1768 4563">
    <p class='ocr_par' dir='ltr' id='par_1_27' title="bbox 970 4486 1768 4563">
     <span class='ocr_line' id='line_1_97' title="bbox 970 4486 1768 4563; baseline 0.009 -22"><span class='ocrx_word' id='word_1_821' title='bbox 970 4486 1044 4541; x_wconf 92' lang='lat' dir='ltr'><strong>dedit</strong></span> <span class='ocrx_word' id='word_1_822' title='bbox 1058 4487 1082 4541; x_wconf 93' lang='lat' dir='ltr'><strong>ei</strong></span> <span class='ocrx_word' id='word_1_823' title='bbox 1098 4503 1158 4557; x_wconf 83' lang='lat' dir='ltr'><strong>quae</strong></span> <span class='ocrx_word' id='word_1_824' title='bbox 1174 4495 1231 4543; x_wconf 90' lang='lat' dir='ltr'><strong>erat</strong></span> <span class='ocrx_word' id='word_1_825' title='bbox 1256 4487 1365 4543; x_wconf 85' lang='lat' dir='ltr'><strong>daturus</strong></span> <span class='ocrx_word' id='word_1_826' title='bbox 1383 4489 1481 4558; x_wconf 76' lang='lat' dir='ltr'><strong>puellae</strong></span> <span class='ocrx_word' id='word_1_827' title='bbox 1508 4491 1605 4547; x_wconf 89' lang='lat' dir='ltr'><strong>sicam</strong></span> <span class='ocrx_word' id='word_1_828' title='bbox 1634 4492 1768 4563; x_wconf 72' lang='lat' dir='ltr'><strong>acciperet</strong></span> 
     </span>
    </p>
   </div>
   <div class='ocr_carea' id='block_1_28' title="bbox 970 4584 1768 5369">
    <p class='ocr_par' dir='ltr' id='par_1_28' title="bbox 970 4584 1768 5369">
     <span class='ocr_line' id='line_1_98' title="bbox 970 4584 1768 4659; baseline 0.008 -20"><span class='ocrx_word' id='word_1_829' title='bbox 970 4584 998 4639; x_wconf 88' lang='lat' dir='ltr'><strong>ia</strong></span> <span class='ocrx_word' id='word_1_830' title='bbox 1014 4600 1137 4641; x_wconf 86' lang='lat' dir='ltr'><strong>uxorem.</strong></span> <span class='ocrx_word' id='word_1_831' title='bbox 1154 4585 1201 4640; x_wconf 93' lang='lat' dir='ltr'><strong>llis</strong></span> <span class='ocrx_word' id='word_1_832' title='bbox 1214 4585 1365 4657; x_wconf 88' lang='lat' dir='ltr'><strong>completis,</strong></span> <span class='ocrx_word' id='word_1_833' title='bbox 1381 4594 1490 4658; x_wconf 89' lang='lat' dir='ltr'><strong>accepta</strong></span> <span class='ocrx_word' id='word_1_834' title='bbox 1513 4604 1598 4645; x_wconf 83' lang='lat' dir='ltr'><strong>uxore</strong></span> <span class='ocrx_word' id='word_1_835' title='bbox 1611 4597 1638 4643; x_wconf 86' lang='lat' dir='ltr'><strong>et</strong></span> <span class='ocrx_word' id='word_1_836' title='bbox 1651 4589 1692 4644; x_wconf 92' lang='lat' dir='ltr'><strong>his</strong></span> <span class='ocrx_word' id='word_1_837' title='bbox 1707 4605 1768 4659; x_wconf 81' lang='lat' dir='ltr'><strong>quae</strong></span> 
     </span>
     <span class='ocr_line' id='line_1_99' title="bbox 970 4676 1768 4747; baseline 0.006 -20"><span class='ocrx_word' id='word_1_838' title='bbox 970 4688 1126 4728; x_wconf 89' lang='lat' dir='ltr'><strong>cumaxore</strong></span> <span class='ocrx_word' id='word_1_839' title='bbox 1145 4680 1293 4744; x_wconf 85' lang='lat' dir='ltr'><strong>acceperat,</strong></span> <span class='ocrx_word' id='word_1_840' title='bbox 1322 4681 1349 4728; x_wconf 89' lang='lat' dir='ltr'><strong>et</strong></span> <span class='ocrx_word' id='word_1_841' title='bbox 1377 4676 1559 4747; x_wconf 89' lang='lat' dir='ltr'><strong>negotiatione</strong></span> <span class='ocrx_word' id='word_1_842' title='bbox 1584 4676 1664 4743; x_wconf 83' lang='lat' dir='ltr'><strong>facta,</strong></span> <span class='ocrx_word' id='word_1_843' title='bbox 1688 4677 1768 4732; x_wconf 89' lang='lat' dir='ltr'><strong>rediit</strong></span> 
     </span>
     <span class='ocr_line' id='line_1_100' title="bbox 971 4761 1768 4838; baseline 0.009 -23"><span class='ocrx_word' id='word_1_844' title='bbox 971 4761 998 4816; x_wconf 92' lang='lat' dir='ltr'><strong>in</strong></span> <span class='ocrx_word' id='word_1_845' title='bbox 1022 4761 1149 4832; x_wconf 80' lang='lat' dir='ltr'><strong>paulam.</strong></span> <span class='ocrx_word' id='word_1_846' title='bbox 1178 4762 1297 4834; x_wconf 86' lang='lat' dir='ltr'><strong>Contigit</strong></span> <span class='ocrx_word' id='word_1_847' title='bbox 1311 4770 1401 4817; x_wconf 85' lang='lat' dir='ltr'><strong>autem</strong></span> <span class='ocrx_word' id='word_1_848' title='bbox 1430 4770 1491 4835; x_wconf 92' lang='lat' dir='ltr'><strong>post</strong></span> <span class='ocrx_word' id='word_1_849' title='bbox 1515 4766 1565 4819; x_wconf 90' lang='lat' dir='ltr'><strong>hoc</strong></span> <span class='ocrx_word' id='word_1_850' title='bbox 1596 4764 1768 4838; x_wconf 71' lang='lat' dir='ltr'><strong>AEgpptiacus</strong></span> 
     </span>
     <span class='ocr_line' id='line_1_101' title="bbox 971 4849 1766 4924; baseline 0.008 -20"><span class='ocrx_word' id='word_1_851' title='bbox 971 4850 1063 4905; x_wconf 90' lang='lat' dir='ltr'><strong>omnia</strong></span> <span class='ocrx_word' id='word_1_852' title='bbox 1076 4865 1123 4904; x_wconf 92' lang='lat' dir='ltr'><strong>sua</strong></span> <span class='ocrx_word' id='word_1_853' title='bbox 1146 4850 1236 4904; x_wconf 88' lang='lat' dir='ltr'><strong>multis</strong></span> <span class='ocrx_word' id='word_1_854' title='bbox 1250 4849 1338 4904; x_wconf 92' lang='lat' dir='ltr'><strong>modis</strong></span> <span class='ocrx_word' id='word_1_855' title='bbox 1352 4852 1494 4916; x_wconf 87' lang='lat' dir='ltr'><strong>amitteret,</strong></span> <span class='ocrx_word' id='word_1_856' title='bbox 1524 4860 1550 4906; x_wconf 91' lang='lat' dir='ltr'><strong>et</strong></span> <span class='ocrx_word' id='word_1_857' title='bbox 1578 4869 1681 4924; x_wconf 90' lang='lat' dir='ltr'><strong>pauper</strong></span> <span class='ocrx_word' id='word_1_858' title='bbox 1698 4853 1766 4911; x_wconf 82' lang='lat' dir='ltr'><strong>effc-</strong></span> 
     </span>
     <span class='ocr_line' id='line_1_102' title="bbox 971 4937 1767 5009; baseline 0.006 -16"><span class='ocrx_word' id='word_1_859' title='bbox 971 4945 1028 4993; x_wconf 90' lang='lat' dir='ltr'><strong>ctus</strong></span> <span class='ocrx_word' id='word_1_860' title='bbox 1042 4938 1171 5009; x_wconf 86' lang='lat' dir='ltr'><strong>cogitavit</strong></span> <span class='ocrx_word' id='word_1_861' title='bbox 1185 4937 1255 5008; x_wconf 88' lang='lat' dir='ltr'><strong>apud</strong></span> <span class='ocrx_word' id='word_1_862' title='bbox 1271 4954 1300 4992; x_wconf 90' lang='lat' dir='ltr'><strong>se</strong></span> <span class='ocrx_word' id='word_1_863' title='bbox 1314 4938 1384 5006; x_wconf 83' lang='lat' dir='ltr'><strong>quod</strong></span> <span class='ocrx_word' id='word_1_864' title='bbox 1400 4938 1449 4992; x_wconf 90' lang='lat' dir='ltr'><strong>iret</strong></span> <span class='ocrx_word' id='word_1_865' title='bbox 1464 4939 1579 4993; x_wconf 85' lang='lat' dir='ltr'><strong>Baldach</strong></span> <span class='ocrx_word' id='word_1_866' title='bbox 1592 4940 1626 4994; x_wconf 89' lang='lat' dir='ltr'><strong>ad</strong></span> <span class='ocrx_word' id='word_1_867' title='bbox 1649 4942 1767 4998; x_wconf 91' lang='lat' dir='ltr'><strong>amicum</strong></span> 
     </span>
     <span class='ocr_line' id='line_1_103' title="bbox 971 5024 1768 5095; baseline 0.01 -16"><span class='ocrx_word' id='word_1_868' title='bbox 971 5042 1048 5080; x_wconf 90' lang='lat' dir='ltr'><strong>suum</strong></span> <span class='ocrx_word' id='word_1_869' title='bbox 1064 5040 1143 5095; x_wconf 89' lang='lat' dir='ltr'><strong>quem</strong></span> <span class='ocrx_word' id='word_1_870' title='bbox 1173 5025 1208 5080; x_wconf 93' lang='lat' dir='ltr'><strong>ibi</strong></span> <span class='ocrx_word' id='word_1_871' title='bbox 1239 5024 1354 5080; x_wconf 89' lang='lat' dir='ltr'><strong>habebat</strong></span> <span class='ocrx_word' id='word_1_872' title='bbox 1382 5034 1410 5081; x_wconf 91' lang='lat' dir='ltr'><strong>nt</strong></span> <span class='ocrx_word' id='word_1_873' title='bbox 1437 5026 1478 5080; x_wconf 92' lang='lat' dir='ltr'><strong>sui</strong></span> <span class='ocrx_word' id='word_1_874' title='bbox 1506 5027 1689 5084; x_wconf 87' lang='lat' dir='ltr'><strong>misereretur.</strong></span> <span class='ocrx_word' id='word_1_875' title='bbox 1714 5030 1768 5088; x_wconf 89' lang='lat' dir='ltr'><strong>lter</strong></span> 
     </span>
     <span class='ocr_line' id='line_1_104' title="bbox 971 5113 1766 5187; baseline 0.006 -17"><span class='ocrx_word' id='word_1_876' title='bbox 971 5131 1037 5186; x_wconf 85' lang='lat' dir='ltr'><strong>ergo</strong></span> <span class='ocrx_word' id='word_1_877' title='bbox 1070 5114 1157 5168; x_wconf 88' lang='lat' dir='ltr'><strong>nudus</strong></span> <span class='ocrx_word' id='word_1_878' title='bbox 1184 5121 1211 5168; x_wconf 91' lang='lat' dir='ltr'><strong>et</strong></span> <span class='ocrx_word' id='word_1_879' title='bbox 1238 5113 1362 5169; x_wconf 80' lang='lat' dir='ltr'><strong>famelius</strong></span> <span class='ocrx_word' id='word_1_880' title='bbox 1390 5114 1510 5184; x_wconf 87' lang='lat' dir='ltr'><strong>arripuit,</strong></span> <span class='ocrx_word' id='word_1_881' title='bbox 1540 5124 1620 5187; x_wconf 67' lang='lat' dir='ltr'><strong>ahane</strong></span> <span class='ocrx_word' id='word_1_882' title='bbox 1648 5119 1766 5178; x_wconf 79' lang='lat' dir='ltr'><strong>baldach</strong></span> 
     </span>
     <span class='ocr_line' id='line_1_105' title="bbox 972 5200 1767 5275; baseline 0.009 -17"><span class='ocrx_word' id='word_1_883' title='bbox 972 5204 1131 5272; x_wconf 87' lang='lat' dir='ltr'><strong>intempeste</strong></span> <span class='ocrx_word' id='word_1_884' title='bbox 1146 5200 1232 5255; x_wconf 89' lang='lat' dir='ltr'><strong>noctis</strong></span> <span class='ocrx_word' id='word_1_885' title='bbox 1245 5201 1351 5257; x_wconf 88' lang='lat' dir='ltr'><strong>silentio</strong></span> <span class='ocrx_word' id='word_1_886' title='bbox 1367 5203 1498 5273; x_wconf 81' lang='lat' dir='ltr'><strong>pervenit,</strong></span> <span class='ocrx_word' id='word_1_887' title='bbox 1526 5205 1713 5275; x_wconf 89' lang='lat' dir='ltr'><strong>pudorautem</strong></span> <span class='ocrx_word' id='word_1_888' title='bbox 1741 5209 1767 5265; x_wconf 91' lang='lat' dir='ltr'><strong>ei</strong></span> 
     </span>
     <span class='ocr_line' id='line_1_106' title="bbox 971 5288 1768 5369; baseline 0.009 -22"><span class='ocrx_word' id='word_1_889' title='bbox 971 5291 1096 5348; x_wconf 85' lang='lat' dir='ltr'><strong>obstabat</strong></span> <span class='ocrx_word' id='word_1_890' title='bbox 1109 5306 1142 5343; x_wconf 91' lang='lat' dir='ltr'><strong>ne</strong></span> <span class='ocrx_word' id='word_1_891' title='bbox 1166 5288 1278 5345; x_wconf 91' lang='lat' dir='ltr'><strong>domum</strong></span> <span class='ocrx_word' id='word_1_892' title='bbox 1291 5289 1371 5345; x_wconf 86' lang='lat' dir='ltr'><strong>amici</strong></span> <span class='ocrx_word' id='word_1_893' title='bbox 1385 5291 1480 5361; x_wconf 82' lang='lat' dir='ltr'><strong>adiret,</strong></span> <span class='ocrx_word' id='word_1_894' title='bbox 1496 5308 1531 5349; x_wconf 89' lang='lat' dir='ltr'><strong>nc</strong></span> <span class='ocrx_word' id='word_1_895' title='bbox 1545 5294 1614 5350; x_wconf 85' lang='lat' dir='ltr'><strong>sorte</strong></span> <span class='ocrx_word' id='word_1_896' title='bbox 1641 5296 1768 5369; x_wconf 86' lang='lat' dir='ltr'><strong>incogni-</strong></span> 
     </span>
    </p>
   </div>
   <div class='ocr_carea' id='block_1_29' title="bbox 972 5376 1768 5619">
    <p class='ocr_par' dir='ltr' id='par_1_29' title="bbox 972 5376 1768 5619">
     <span class='ocr_line' id='line_1_107' title="bbox 972 5376 1766 5454; baseline 0.009 -21"><span class='ocrx_word' id='word_1_897' title='bbox 972 5386 1015 5434; x_wconf 88' lang='lat' dir='ltr'><strong>tus</strong></span> <span class='ocrx_word' id='word_1_898' title='bbox 1041 5378 1088 5433; x_wconf 90' lang='lat' dir='ltr'><strong>tali</strong></span> <span class='ocrx_word' id='word_1_899' title='bbox 1116 5384 1237 5448; x_wconf 89' lang='lat' dir='ltr'><strong>ternpore</strong></span> <span class='ocrx_word' id='word_1_900' title='bbox 1259 5376 1449 5448; x_wconf 83' lang='lat' dir='ltr'><strong>expelleretur,</strong></span> <span class='ocrx_word' id='word_1_901' title='bbox 1464 5380 1594 5453; x_wconf 87' lang='lat' dir='ltr'><strong>templum</strong></span> <span class='ocrx_word' id='word_1_902' title='bbox 1604 5398 1668 5439; x_wconf 89' lang='lat' dir='ltr'><strong>vero</strong></span> <span class='ocrx_word' id='word_1_903' title='bbox 1678 5385 1766 5454; x_wconf 90' lang='lat' dir='ltr'><strong>quod-</strong></span> 
     </span>
     <span class='ocr_line' id='line_1_108' title="bbox 972 5458 1767 5535; baseline 0.008 -18"><span class='ocrx_word' id='word_1_904' title='bbox 972 5462 1036 5518; x_wconf 87' lang='lat' dir='ltr'><strong>dam</strong></span> <span class='ocrx_word' id='word_1_905' title='bbox 1051 5460 1158 5517; x_wconf 86' lang='lat' dir='ltr'><strong>intravit</strong></span> <span class='ocrx_word' id='word_1_906' title='bbox 1171 5468 1200 5516; x_wconf 91' lang='lat' dir='ltr'><strong>ut</strong></span> <span class='ocrx_word' id='word_1_907' title='bbox 1223 5458 1325 5515; x_wconf 85' lang='lat' dir='ltr'><strong>ibidem</strong></span> <span class='ocrx_word' id='word_1_908' title='bbox 1353 5472 1531 5535; x_wconf 81' lang='lat' dir='ltr'><strong>pernoctaret.</strong></span> <span class='ocrx_word' id='word_1_909' title='bbox 1560 5464 1624 5533; x_wconf 84' lang='lat' dir='ltr'><strong>Sed,</strong></span> <span class='ocrx_word' id='word_1_910' title='bbox 1653 5482 1714 5522; x_wconf 91' lang='lat' dir='ltr'><strong>eum</strong></span> <span class='ocrx_word' id='word_1_911' title='bbox 1729 5467 1767 5523; x_wconf 88' lang='lat' dir='ltr'><strong>ibi</strong></span> 
     </span>
     <span class='ocr_line' id='line_1_109' title="bbox 973 5544 1768 5619; baseline 0.005 -16"><span class='ocrx_word' id='word_1_912' title='bbox 973 5547 1069 5603; x_wconf 85' lang='lat' dir='ltr'><strong>anxius</strong></span> <span class='ocrx_word' id='word_1_913' title='bbox 1082 5544 1167 5601; x_wconf 88' lang='lat' dir='ltr'><strong>multa</strong></span> <span class='ocrx_word' id='word_1_914' title='bbox 1177 5544 1223 5601; x_wconf 87' lang='lat' dir='ltr'><strong>diu</strong></span> <span class='ocrx_word' id='word_1_915' title='bbox 1232 5560 1324 5601; x_wconf 84' lang='lat' dir='ltr'><strong>seeum</strong></span> <span class='ocrx_word' id='word_1_916' title='bbox 1335 5548 1465 5619; x_wconf 86' lang='lat' dir='ltr'><strong>volveret,</strong></span> <span class='ocrx_word' id='word_1_917' title='bbox 1480 5556 1621 5605; x_wconf 76' lang='lat' dir='ltr'><strong>occumunt</strong></span> <span class='ocrx_word' id='word_1_918' title='bbox 1648 5550 1699 5606; x_wconf 87' lang='lat' dir='ltr'><strong>sibi</strong></span> <span class='ocrx_word' id='word_1_919' title='bbox 1713 5550 1768 5610; x_wconf 87' lang='lat' dir='ltr'><strong>duo</strong></span> 
     </span>
    </p>
   </div>
   <div class='ocr_carea' id='block_1_30' title="bbox 0 0 1909 6038">
    <p class='ocr_par' dir='ltr' id='par_1_30' title="bbox 0 0 1909 6038">
     <span class='ocr_line' id='line_1_110' title="bbox 0 0 1909 6038; baseline 0 0"><span class='ocrx_word' id='word_1_920' title='bbox 0 0 1909 6038; x_wconf 95' lang='lat' dir='ltr'><strong> </strong></span> 
     </span>
    </p>
   </div>
  </div>
 </body>
</html>
