3780 6038
64 274 118 333 sat
577 274 872 335 nuttoutttortus
890 277 941 337 SS.
960 276 1117 337 Paruum.
1139 306 1174 319 —
1192 276 1256 334 tta.
1277 277 1298 334 l.
1666 281 1721 339 ³62

65 400 136 456 lum.
155 398 286 456 Decimus
300 398 408 474 gradus
432 408 474 457 εει
500 400 623 474 spiritale
647 400 788 475 gaudium,
813 417 864 473 per
876 401 904 464 Α
918 401 982 458 liori
997 401 1095 473 subjici
1110 401 1209 469 noluit,
1225 418 1298 460 nunc
1312 402 1475 460 necessitate
1490 401 1594 459 fortiori
1609 400 1721 474 subjici·

66 489 140 562 quod
155 487 318 562 pertingitur
341 489 376 544 ad
395 489 556 562 angelorum
584 489 804 547 contubernium.
835 492 866 545 ln
919 490 1184 563 tur,quiaprolecto
1206 497 1391 562 poenamtunc
1415 491 1536 547 charitas
1552 490 1628 547 iores
1654 490 1720 546 mit·

66 578 266 651 huncgradum
290 580 397 633 laelelur
426 578 551 634 homose
579 579 748 645 ascendisse,
766 580 787 634 εἰ
811 595 866 635 ⁰01¹
919 589 1143 657 tit(llcorrtr)‚
1175 590 1286 661 quando
1313 589 1512 660 subjectionem
1540 589 1719 646 voluntariam

66 667 170 740 gauter
185 667 477 740 supernarratas
492 683 546 723 noa
562 668 664 740 gaudet
692 684 775 739 super
788 668 867 724 ruina
919 675 991 735 tacit.
1009 676 1116 747 Quanto
1131 677 1219 751 magis
1241 681 1343 734 crescit
1371 678 1502 744 charitas,
1533 686 1608 734 tante
1630 680 1720 753 magis

65 755 178 819 inimici,
198 755 289 812 necde
301 756 381 811 malis
396 756 593 828 quaeeveniunt
608 756 671 811 aliis
687 776 693 817 ;
711 757 867 830 congaudet

65 854 158 900 autem
173 844 282 900 veritati
299 845 325 916 (l
339 846 399 902 Cor.
421 850 492 915 siu),
509 845 613 901 scilicet
628 845 753 901 omnibus
780 847 866 917 pestis

66 934 101 990 ed
116 934 250 990 honorem
275 933 385 999 Christi,
415 934 461 1005 qui
476 943 518 991 est
531 935 634 991 ueritas
649 944 675 990 ει
700 935 764 993 vitae
791 953 865 1007 prae-

65 1022 151 1078 mium
165 1029 191 1076 et
205 1021 317 1092 plenum
342 1021 462 1077 omnium
478 1023 617 1094 gaudium.
635 1025 713 1081 Unde
741 1024 865 1080 decimus

66 1110 172 1184 gradus
186 1110 292 1166 locatur
306 1108 474 1179 sufferentia,
490 1128 540 1183 per
561 1129 644 1173 cuam
659 1130 787 1184 supernae
801 1113 865 1185 glo·

65 1201 112 1256 rite
121 1199 284 1271 adipiscitur
308 1200 464 1256 eminentia.
494 1203 573 1258 Hunc
587 1203 706 1274 aratum
730 1202 864 1259 scandere

64 1289 176 1345 animus
190 1289 315 1361 arripiet,
331 1289 354 1344 si
369 1289 461 1346 omnia
482 1291 575 1346 muudi
589 1292 708 1347 adverse
720 1308 770 1362 pro
785 1292 862 1348 Chri-

65 1387 108 1434 sto
120 1377 226 1433 suffert.
244 1379 275 1432 ln
294 1378 347 1435 hoc
363 1378 449 1450 gradu
464 1380 615 1446 constituti,
632 1380 705 1435 beati
735 1380 864 1436 scribun-

62 1475 118 1534 tur,
144 1466 168 1522 si
183 1468 403 1536 persecutionem
423 1483 474 1537 pro
486 1467 590 1537 justitia
605 1469 757 1540 patiuntur,
788 1485 862 1541 quo·
896 1456 899 1461 ⁵

64 1557 137 1612 niam
152 1572 269 1628 regnum
284 1557 434 1612 sortiuntur
448 1557 513 1612 Dei.

101 1699 285 1758 Duodecimus
301 1701 403 1773 gradus
416 1701 515 1758 dicitur
530 1717 593 1757 esse
608 1699 687 1769 fides,
703 1719 763 1774 quae
777 1702 864 1758 homi-

64 1806 115 1845 nes
130 1788 208 1846 efficit
223 1789 330 1861 angelis
342 1790 483 1846 concives.
498 1791 551 1845 Per
565 1790 637 1847 bunc
652 1791 768 1862 gradum
781 1790 864 1848 liorno

64 1895 192 1951 gressum
207 1879 317 1951 premit,
336 1879 359 1933 si
386 1888 485 1935 cuncte
507 1879 541 1935 de
557 1880 614 1935 Deo
641 1887 667 1935 et
682 1888 783 1937 aterna
809 1880 865 1936 vite

64 1968 110 2040 pie
138 1968 211 2024 dicta
240 1968 284 2024 rel
307 1968 408 2040 scripte
423 1967 539 2024 fideliter
565 1968 660 2036 credit,
677 1968 740 2042 quia
754 1977 794 2025 est
808 1969 861 2024 im·

64 2056 199 2130 possibile
213 2056 272 2112 siue
293 2056 347 2113 side
361 2058 420 2113 Deo
448 2057 558 2128 placare
570 2058 661 2125 (ltebr.
677 2059 728 2127 at).
756 2058 863 2114 Tertius

63 2154 189 2211 decimus
201 2155 304 2228 gradus
320 2155 477 2210 annectitur
487 2172 565 2225 spes,
575 2170 639 2227 quur
655 2171 709 2211 non
724 2153 862 2211 confundit

62 2244 257 2316 praestolantes
268 2243 405 2315 spiritales
420 2261 478 2300 res.
503 2246 533 2299 ln
548 2244 621 2300 bunc
637 2245 752 2315 gradum
776 2245 863 2315 pedes

61 2348 143 2390 ruens
158 2340 253 2389 sancta
280 2332 363 2397 leuat,
392 2332 415 2388 si
431 2333 526 2388 omnia
542 2332 614 2390 bona
642 2333 677 2388 de
693 2333 780 2389 lutura
807 2333 863 2388 vita

62 2429 172 2493 sperat.
186 2421 307 2491 Quartus
320 2421 576 2493 decimussequitur
592 2422 794 2494 longanimitas,
811 2438 861 2493 per

62 2511 318 2584 quamimpetratur
346 2510 507 2583 angelorum
523 2511 674 2583 aequalitas.
704 2512 856 2583 lluucgra·

62 2598 129 2656 dum
144 2600 256 2672 quilibet
273 2599 408 2655 scandens
422 2601 621 2670 apprehendet,
638 2599 661 2654 si
675 2615 771 2655 omues
794 2616 861 2672 pro-

61 2689 209 2744 missiones
224 2688 274 2744 Ilei
288 2689 480 2762 equanimiter
494 2694 619 2757 sustinet,
636 2689 658 2743 si
674 2705 743 2744 onus
754 2688 862 2745 Domini

61 2787 166 2843 tamdiu
178 2787 291 2856 bajulat,
320 2804 463 2860 quousque
483 2788 542 2859 ipse
566 2788 689 2855 veniens,
702 2788 799 2862 jugum
827 2789 861 2844 de

61 2874 136 2934 collo
152 2877 211 2946 ejus
226 2876 361 2943 excutiat,
378 2885 404 2932 et
418 2893 480 2933 eum
497 2892 513 2933 a
528 2875 620 2934 labore
635 2892 754 2944 cessare,
784 2885 811 2933 et
833 2877 861 2932 iu

61 2965 156 3038 requie
171 2965 331 3023 recumbere
353 2966 447 3024 iaciat.
463 2964 580 3035 Quintus
607 2965 731 3021 decimus
759 2966 861 3034 gradus

59 3062 527 3135 ultimus,poniturpcrseveraotia,
540 3079 675 3136 perquam
683 3064 859 3134 paradisiace

918 775 1018 831 crescit
1043 775 1167 830 voluutas
1184 795 1191 839 ;
1206 785 1306 848 quanto
1346 777 1435 850 magis
1464 777 1561 833 crescit
1582 776 1718 843 voluntas,

918 868 993 919 tanto
1009 865 1098 937 magis
1122 865 1259 921 decrescit
1271 866 1431 931 necessitas,
1460 875 1486 921 et
1514 866 1569 934 J'am
1598 866 1719 936 perlecta

918 953 1052 1008 charitate
1080 961 1163 1021 eruat,
1180 954 1408 1009 adreverentiam
1425 954 1568 1009 meliora-m
1597 955 1719 1010 volunta·

918 1040 986 1111 rius,
1011 1057 1066 1097 nou
1109 1043 1185 1097 timet
1223 1042 1257 1097 ad
1286 1058 1391 1114 plenam
1431 1043 1571 1099 fortiorem
1599 1043 1713 1099 invitus.

918 1129 1054 1198 Quaeritur
1068 1129 1102 1186 de
1115 1130 1226 1186 Christo
1241 1131 1350 1186 homine
1365 1132 1502 1203 quamodo
1517 1131 1643 1187 timorem
1658 1132 1718 1188 Do·

917 1226 984 1282 mini
999 1228 1135 1295 babuerit,
1152 1228 1202 1284 sed
1219 1228 1298 1284 lucile
1314 1235 1356 1283 est
1366 1228 1553 1283 demonstrare
1581 1228 1717 1301 quomodo

916 1315 1071 1372 voluntarie
1086 1317 1169 1383 Patri,
1201 1318 1374 1389 inquantum
1400 1317 1551 1387 ipsehomo
1577 1323 1643 1383 erat,
1665 1316 1717 1373 sibi

916 1404 1063 1475 superiori,
1080 1405 1252 1475 subjiciebat,
1265 1413 1292 1462 et
1304 1413 1454 1476 spontanea
1469 1405 1623 1461 reverentia
1637 1405 1719 1462 cede-

915 1491 961 1548 bat
988 1493 1026 1548 illi
1055 1510 1136 1567 quem
1162 1495 1337 1566 superiorem
1363 1493 1559 1568 cognoscebat,
1589 1493 1683 1549 dicens
1708 1514 1714 1550 :

917 1612 929 1642 a
947 1592 1027 1647 Pater
1041 1592 1183 1662 majorne
1198 1602 1240 1649 est
1252 1594 1344 1659 (loco.
1361 1594 1437 1664 rur).
1458 1591 1626 1666 Sicutigitur
1642 1606 1719 1648 amor

915 1694 978 1736 curn
993 1679 1030 1736 sit
1044 1688 1135 1736 motus
1150 1682 1252 1737 mentis
1279 1680 1443 1736 naturaliter
1457 1697 1536 1747 unus,
1566 1680 1715 1737 secuudum

877 1758 903 1821 B
918 1767 1044 1825 diversas
1059 1768 1203 1842 qualitates
1217 1769 1328 1825 diversa
1343 1769 1453 1824 nomina
1470 1769 1590 1836 sortitur,
1606 1776 1634 1824 et
1646 1768 1716 1823 diei·

919 1873 962 1921 tur
973 1865 1124 1937 aliquando
1135 1866 1279 1938 cupiditas,
1296 1867 1406 1939 quando
1421 1866 1573 1923 scilicetad
1584 1866 1715 1921 mundum

918 1962 970 2024 est,
986 1955 1172 2027 quandovero
1192 1957 1227 2012 ad
1238 1956 1326 2012 Deum
1340 1956 1459 2012 ebaritas
1476 1955 1535 2011 :sic
1544 1954 1627 2011 timor
1653 1969 1715 2011 cum

917 2042 951 2098 sit
966 2050 1056 2098 motus
1067 2044 1166 2100 mentis
1179 2044 1341 2100 naturaliter
1355 2061 1435 2112 uuus,
1450 2044 1600 2100 secundum
1621 2043 1716 2099 diver·

917 2147 964 2187 sos
986 2140 1077 2187 tamen
1102 2140 1190 2188 motus
1218 2133 1343 2200 habetur,
1374 2133 1416 2189 rel
1435 2140 1574 2204 operatur,
1599 2131 1716 2189 diversis

916 2221 1073 2276 nominibus
1088 2221 1264 2294 significatur.
1288 2221 1486 2292 Quatuoraaue
1501 2222 1614 2278 timores
1635 2236 1715 2278 sacre

917 2310 1059 2381 Scriptura
1075 2310 1218 2379 disceruit,
1249 2313 1389 2378 servilem,
1414 2311 1592 2376 mundanum,
1621 2308 1714 2367 initia·

915 2397 979 2462 lem,
995 2397 1120 2455 lrlielem.
1139 2400 1254 2456 Servilia
1268 2401 1349 2457 timor
1363 2410 1404 2458 est
1414 2415 1463 2473 pro
1492 2398 1618 2456 critenda
1632 2414 1715 2471 poene

915 2494 1054 2552 abstinere
1068 2496 1177 2563 amulo,
1193 2506 1299 2554 retenta
1313 2499 1452 2555 voluntate
1465 2496 1549 2556 rnala.
1563 2496 1715 2553 blundeuus

915 2583 995 2638 timor
1008 2593 1049 2640 est
1063 2600 1115 2657 pro
1129 2585 1258 2642 erilande
1288 2603 1371 2658 poene
1397 2588 1535 2644 abstinere
1549 2602 1565 2641 a
1579 2586 1652 2643 bono
1667 2602 1715 2641 re-

914 2677 987 2727 tenta
1001 2677 1137 2730 voluntate
1153 2674 1237 2730 bona.
1271 2676 1384 2731 lnitialis
1399 2693 1468 2732 vero
1478 2677 1561 2731 timor
1583 2682 1634 2741 est,
1646 2690 1714 2745 pro·

914 2761 1041 2817 evitanda
1069 2778 1150 2833 puna
1174 2779 1235 2819 cum
1254 2780 1385 2835 perverse
1407 2780 1492 2836 opere
1507 2763 1587 2819 ctiam
1614 2777 1715 2834 pravas

914 2850 1094 2920 cogitationes
1103 2867 1238 2908 resecare.
1268 2853 1370 2908 Filialia
1385 2853 1514 2909 timorest
1538 2852 1610 2908 bono
1626 2849 1714 2905 lituri-

914 2953 957 3002 ter
979 2948 1129 3015 adhaerere,
1154 2949 1218 3020 quia
1243 2949 1310 3006 illud
1337 2951 1460 3006 amittere
1488 2950 1571 3007 nolis.
1604 2951 1642 3005 Er
1670 2947 1714 3003 his

915 3046 1034 3105 quatuor
1046 3037 1100 3093 duo
1115 3038 1261 3106 malisuut,
1278 3039 1304 3095 id
1319 3039 1474 3095 estservilis
1492 3047 1520 3094 et
1534 3038 1685 3093 mundanus
1704 3055 1711 3094 ι

59 3152 227 3208 ,moenqmqs
240 3153 384 3223 capiuntur
398 3161 476 3224 pm„
493 3152 619 3209 premia·
650 3154 679 3207 qn
694 3153 769 3209 hune
796 3170 857 3223 gra,
872 3117 897 3182 G
911 3125 966 3180 duo
981 3141 1044 3182 rero
1060 3126 1135 3196 boni,
1152 3127 1178 3183 id
1195 3137 1236 3184 est
1251 3128 1362 3183 initialis
1378 3136 1404 3184 et
1419 3128 1519 3184 filialis.
1549 3126 1661 3183 Seruilis
1674 3126 1712 3182 ti-

60 3238 128 3296 dum
142 3256 220 3296 mens
235 3242 289 3296 alta
304 3250 400 3311 petens
415 3258 444 3296 se
461 3241 620 3313 pervenisse
639 3242 821 3314 congaudeat,
837 3242 860 3298 si

60 3336 96 3392 de
112 3337 161 3391 Dei
176 3336 367 3394 misericordia
382 3353 519 3408 nunquam
533 3337 706 3409 desperanda
734 3338 855 3395 excidat.

63 3450 74 3474 ι
92 3425 146 3496 Qui
160 3426 233 3482 euim
249 3427 468 3497 perseveraverit
483 3443 572 3498 usque
587 3427 614 3480 iu
628 3425 720 3494 finem,
734 3427 778 3484 bic
800 3428 860 3483 sal·

61 3531 113 3571 rus
127 3516 178 3570 erit
192 3516 306 3584 (llottb.
316 3515 406 3586 surr).
425 3536 435 3565 ι
453 3514 506 3584 Qui
518 3531 569 3586 per
584 3516 635 3571 bos
650 3532 747 3571 omnes
757 3517 860 3588 gradus

60 3604 114 3659 rite
138 3603 261 3671 scandet,
285 3605 358 3660 huuc
386 3604 519 3659 Dominus
546 3604 666 3660 charitas
694 3604 720 3660 in
748 3605 860 3662 cellaria

60 3702 173 3748 aeternae
186 3691 341 3749 dulcedinis
357 3692 523 3748 introducet.
539 3693 604 3748 llaec
628 3693 712 3760 scala,
728 3694 859 3750 clrarissi-

60 3781 109 3848 mi,
139 3797 188 3853 per
216 3781 342 3835 timorem
370 3781 492 3852 erigitur,
509 3797 655 3853 perquem
682 3782 801 3839 charites
823 3785 858 3840 ad

60 3885 199 3925 summum
214 3869 340 3935 deducta,
356 3868 416 3939 ipsa
426 3878 455 3924 ut
470 3869 542 3925 lilius
557 3871 585 3925 ln
600 3871 786 3927 haereditatem
806 3874 859 3929 Do·

60 3958 127 4013 mini
139 3956 329 4014 introducitur.
346 3958 444 4013 Tumor
457 3974 522 4014 uero
538 3967 567 4013 ut
580 3975 678 4014 sertus
693 3958 769 4017 iores
778 3961 858 4031 ejici-

59 4057 106 4104 tur
118 4050 128 4115 (
138 4048 239 4104 trouu.
256 4048 305 4117 rr).
319 4046 465 4103 Sciendum
490 4056 582 4103 autem
597 4048 670 4119 quod
685 4049 739 4105 duo
768 4060 858 4108 motus

60 4142 128 4192 sunt
151 4134 252 4201 cordis,
276 4135 377 4206 quibus
405 4135 496 4190 anima
520 4136 688 4193 rationaliter
714 4138 748 4194 ad
776 4155 858 4195 omne

59 4223 133 4296 quod
161 4223 233 4290 lacit,
263 4224 400 4296 agendum
429 4224 588 4295 impellitur.
618 4226 693 4282 Unus
708 4235 749 4281 est
764 4228 855 4296 timor,

58 4322 129 4376 alter
143 4337 233 4379 amor.
249 4322 313 4378 llaec
328 4321 393 4387 altro,
404 4337 464 4378 cum
483 4322 639 4389 banasam,
656 4339 737 4380 omne
756 4323 857 4380 bouum

58 4411 191 4469 efficiunt.
223 4410 416 4467 Partimorem
445 4411 520 4466 enim
544 4411 613 4466 mala
641 4421 857 4483 caventur;per

57 4517 178 4557 amorem
195 4500 775 4568 bonaererceutur.Cumuutemmalasuut,
792 4519 852 4559 om·

57 4590 136 4646 nium
151 4589 285 4645 malorum
312 4604 395 4643 rrausa
412 4589 538 4644 existunt.
566 4591 617 4645 l'er
631 4591 757 4647 timorem
782 4592 855 4647 enim

56 4679 158 4737 malum
186 4693 202 4733 a
219 4677 292 4734 bono
303 4677 436 4733 receditur
451 4693 458 4743 ;
475 4694 524 4748 per
537 4694 658 4733 amorem
675 4696 739 4735 vero
753 4681 855 4736 malurn

57 4767 132 4825 suala
147 4774 349 4839 perpetrantur.
366 4765 437 4821 Sunt
453 4783 520 4839 ergo
534 4767 588 4823 duo
603 4768 661 4823 ltaec
675 4769 750 4840 quasi
769 4779 856 4841 postte

58 4857 130 4918 dure,
160 4872 212 4927 per
239 4871 320 4927 quarn
336 4863 458 4910 merset
485 4856 538 4909 rita
566 4857 767 4928 ingrediuntur.
783 4861 856 4915 llors

58 4945 180 5018 quidem,
204 4960 267 5001 cum
295 4943 502 5015 aperiunturad
532 4944 630 4999 maluur
648 4965 655 5012 ·,
672 4945 726 5001 vita
753 4955 854 5014 autem,

57 5050 121 5092 cum
133 5034 167 5090 ad
182 5033 282 5090 bouum
298 5040 460 5089 reserantur.

264 5187 301 5240 lle
317 5187 418 5242 timore
432 5187 460 5239 ct
475 5197 571 5239 umora
584 5184 647 5240 Dei.

94 5310 187 5368 Timor
200 5317 240 5366 eet
255 5308 371 5366 ellectus
386 5308 485 5364 mentis
500 5307 573 5382 quod
588 5316 713 5365 movetur
728 5317 754 5364 ut
770 5328 855 5381 supe·

57 5400 124 5457 riori
138 5403 217 5456 cedat
232 5414 239 5454 ι
254 5413 347 5455 amore
362 5397 435 5453 euim
461 5398 578 5465 accedit,
610 5398 707 5455 timore
735 5400 849 5457 recedit.

56 5491 86 5548 Si
101 5491 128 5544 in
140 5488 245 5558 justitie
259 5485 423 5560 perstitisset
446 5486 539 5557 horno,
564 5504 597 5543 ex
623 5488 762 5547 voluntate
785 5490 854 5545 sub-

53 5580 189 5649 jiceretur
202 5575 307 5633 meliori
318 5590 405 5641 :nnuc
420 5584 512 5631 autem
542 5592 576 5633 ex
599 5578 761 5636 necessitate
785 5579 853 5635 eub-

51 5663 154 5743 p‘icitur
168 5664 289 5725 fortiori.
308 5665 373 5722 llaec
392 5672 434 5721 est
449 5679 533 5737 pmue
555 5665 602 5722 illa
616 5665 730 5736 timoris,
755 5684 788 5725 er
799 5684 854 5742 que

51 5752 339 5824 semdbucmluatur,
355 5752 466 5828 quando
480 5752 527 5828 qul
550 5754 689 5815 voluntate
702 5756 780 5832 prius
794 5772 854 5816 rue·

914 3229 975 3269 mor
990 3230 1098 3284 paenam
1114 3232 1175 3288 que
1190 3216 1225 3271 ab
1240 3217 1396 3274 hominibus
1406 3217 1521 3274 inlertur
1535 3215 1631 3271 metuit
1647 3234 1652 3270 :
1669 3215 1712 3270 id·

913 3301 986 3358 circo
997 3304 1021 3358 ei
1036 3304 1136 3361 sullicit
1150 3318 1261 3362 cessare
1274 3321 1290 3360 a
1304 3305 1377 3361 malo
1392 3321 1485 3377 opere,
1502 3305 1565 3378 quia
1591 3304 1626 3359 ad
1641 3319 1710 3360 ocu-

912 3390 969 3447 lum
985 3390 1130 3448 iamulatur
1146 3412 1154 3460 3
1170 3401 1197 3449 ει
1206 3402 1309 3450 reatum
1332 3394 1508 3451 couscientia
1523 3409 1577 3449 nou
1605 3394 1710 3463 metuit,

914 3479 1071 3536 bominibus
1085 3483 1195 3553 placere
1224 3483 1329 3539 volens.
1353 3483 1505 3539 llundauus
1527 3497 1594 3538 vero
1620 3481 1710 3550 timor,

913 3568 1071 3625 homiuibus
1086 3569 1196 3641 plaeere
1224 3587 1277 3627 uon
1307 3588 1443 3644 quaerens,
1457 3580 1546 3627 tamen
1565 3570 1711 3642 displicere

913 3666 1047 3724 metuens,
1057 3659 1147 3731 etipse
1155 3659 1263 3732 llnqens
1275 3662 1347 3735 quod
1359 3677 1413 3717 noa
1425 3669 1466 3718 est
1478 3670 1585 3731 ;tamen
1596 3660 1710 3717 mendax

912 3754 941 3811 iu
955 3758 1084 3830 neganda
1116 3761 1229 3816 ueritate
1257 3775 1339 3832 quam
1369 3759 1448 3815 taltax
1473 3758 1500 3813 iu
1528 3758 1643 3814 talsitate
1670 3766 1710 3812 te·

912 3846 1013 3917 gentle,
1032 3854 1058 3902 et
1072 3855 1189 3920 uterque
1208 3848 1235 3902 in
1259 3849 1371 3903 veritate
1388 3846 1500 3903 offendit
1516 3864 1522 3901 :
1537 3848 1616 3913 alter,
1646 3845 1710 3917 quia

913 3934 1008 3990 timide
1023 3944 1107 4008 negat
1122 3938 1195 4008 quod
1207 3940 1249 3991 est
1266 3952 1272 4005 ;
1289 3937 1370 4005 alter,
1394 3936 1458 4008 quia
1472 3951 1605 4007 peruerse
1631 3934 1710 3989 sileat

912 4033 1050 4103 quodnon
1065 4043 1119 4090 est.
1154 4035 1267 4090 loitialis
1282 4049 1348 4088 vero
1376 4033 1541 4105 timor,quie
1569 4047 1630 4088 eam
1656 4047 1708 4103 qua

912 4121 989 4176 Deus
999 4124 1182 4178 comminatur
1196 4138 1314 4193 paenam,
1326 4121 1465 4178 declinare
1480 4122 1589 4194 satagit,
1600 4135 1707 4191 nequa-

912 4232 992 4288 quam
1008 4217 1059 4273 sibi
1073 4216 1198 4274 subicere
1213 4217 1299 4289 uidet,
1315 4218 1386 4273 utab
1397 4218 1489 4275 illicite
1503 4233 1533 4273 se
1547 4216 1708 4289 operatione

911 4314 1056 4383 contineat,
1075 4316 1139 4387 quie
1153 4315 1179 4371 ei
1193 4316 1238 4388 qui
1252 4331 1302 4372 cor
1316 4316 1446 4382 intuetur,
1470 4332 1524 4372 noa
1535 4322 1577 4372 εει
1592 4315 1658 4370 εειίε
1672 4313 1707 4370 ad

910 4401 1100 4472 probationem
1118 4404 1141 4459 si
1162 4405 1294 4462 innocens
1321 4405 1401 4461 luerit
1428 4406 1510 4470 actio,
1542 4404 1594 4460 nisi
1622 4404 1707 4460 etiam

870 4473 898 4535 D
914 4489 973 4562 ipsa
988 4493 1080 4548 cordis
1095 4493 1226 4565 cogitatio
1237 4504 1302 4552 aute
1313 4495 1371 4566 ejus
1381 4495 1476 4551 oculos
1491 4495 1597 4551 sincera
1624 4501 1706 4565 atquc

909 4589 1049 4661 impolluta
1064 4599 1201 4662 appareat.
1217 4591 1288 4662 Quia
1299 4610 1370 4666 ergo
1385 4592 1424 4648 illi
1439 4593 1584 4665 displicere
1613 4590 1707 4646 metuit

909 4679 956 4750 qui
971 4679 1044 4734 videt
1060 4686 1156 4743 totum.
1171 4681 1206 4735 ad
1226 4680 1378 4751 perlectam
1406 4681 1589 4739 innocentiam
1613 4695 1705 4736 coram

909 4792 943 4832 eo
957 4793 1073 4833 necessa
1101 4793 1163 4835 csse
1187 4779 1354 4847 consideret,
1384 4789 1412 4835 ut
1426 4779 1538 4835 mundet
1554 4786 1649 4843 totum,
1678 4784 1705 4832 et

909 4872 1034 4930 ideoiste
1062 4874 1388 4947 timorinitialisdicitur,
1413 4877 1477 4949 quie
1505 4876 1557 4931 sub
1576 4876 1627 4931 ltoc
1655 4891 1705 4947 per

908 4971 1235 5042 bonamvoluntateor,ct
1250 4974 1355 5030 rirtutis
1379 4974 1483 5029 initium
1492 4972 1702 5045 capitetlruem.

908 5074 1032 5131 Necdum
1047 5084 1135 5132 tamen
1150 5075 1282 5145 perfectio
1298 5082 1349 5141 est,
1365 5077 1428 5148 quia
1443 5076 1506 5131 dum
1523 5074 1696 5147 aliudagitur
1797 5100 1800 5105 ·

909 5179 936 5228 et
950 5171 1023 5228 aliud
1039 5172 1198 5239 intenditur,
1214 5172 1306 5245 ipsum
1321 5172 1411 5230 adbuc
1425 5181 1537 5244 propter
1556 5188 1586 5228 εε
1601 5173 1703 5228 bonum

908 5284 963 5326 non
978 5269 1127 5325 amittatur.
1146 5269 1222 5328 Tunc
1247 5270 1353 5327 accedit
1367 5270 1498 5337 ebaritas,
1523 5270 1639 5327 ctintrat
1655 5286 1705 5341 per

908 5366 1037 5422 timorem
1047 5367 1138 5423 istum.
1153 5366 1288 5431 Quidum
1302 5377 1436 5425 monstrat
1456 5369 1529 5441 quod
1543 5369 1637 5444 lugere
1651 5371 1704 5427 de-

908 5464 1023 5522 beamus
1037 5464 1200 5538 periculum‚
1216 5466 1419 5539 quodammodo
1433 5475 1562 5539 appetere
1586 5476 1613 5526 et
1627 5468 1703 5525 desi-

908 5563 1006 5620 derare
1022 5562 1087 5620 iacit
1102 5564 1268 5635 praesidium.
1280 5562 1418 5621 Convertit
1446 5581 1495 5622 cor
1508 5566 1542 5621 ad
1553 5568 1650 5631 Deum,
1676 5572 1705 5619 ut

908 5659 1113 5735 quodammodo
1123 5662 1157 5719 de
1172 5663 1232 5737 ipso
1249 5661 1488 5739 lugietedipsum,
1503 5664 1556 5722 boc
1582 5672 1624 5719 est
1638 5662 1702 5717 dum

906 5765 986 5818 cavet
1009 5758 1113 5817 bebere
1139 5758 1250 5833 batum,
1276 5760 1384 5820 studeat
1406 5762 1509 5821 babere
1536 5758 1702 5832 propitium·
