<?xml version="1.0" encoding="UTF-8"?>
<!DOCTYPE html PUBLIC "-//W3C//DTD XHTML 1.0 Transitional//EN"
    "http://www.w3.org/TR/xhtml1/DTD/xhtml1-transitional.dtd">
<html xmlns="http://www.w3.org/1999/xhtml" xml:lang="en" lang="en">
 <head>
  <title>
</title>
<meta http-equiv="Content-Type" content="text/html;charset=utf-8" />
  <meta name='ocr-system' content='tesseract 3.04.00' />
  <meta name='ocr-capabilities' content='ocr_page ocr_carea ocr_par ocr_line ocrx_word'/>
</head>
<body>
  <div class='ocr_page' id='page_1' title='image "./patrologiaecurs60unkngoog_0276.png"; bbox 0 0 3780 6038; ppageno 0'>
   <div class='ocr_carea' id='block_1_1' title="bbox 67 178 119 234">
    <p class='ocr_par' dir='ltr' id='par_1_1' title="bbox 67 178 119 234">
     <span class='ocr_line' id='line_1_1' title="bbox 67 178 119 234; baseline -0.019 0"><span class='ocrx_word' id='word_1_1' title='bbox 67 178 119 234; x_wconf 79' lang='lat' dir='ltr'><strong>tlt</strong></span> 
     </span>
    </p>
   </div>
   <div class='ocr_carea' id='block_1_2' title="bbox 789 178 948 237">
    <p class='ocr_par' dir='ltr' id='par_1_2' title="bbox 789 178 948 237">
     <span class='ocr_line' id='line_1_2' title="bbox 789 178 948 237; baseline -0.006 -2"><span class='ocrx_word' id='word_1_2' title='bbox 789 178 948 237; x_wconf 76' lang='lat' dir='ltr'><strong>Dttnoet.</strong></span> 
     </span>
    </p>
   </div>
   <div class='ocr_carea' id='block_1_3' title="bbox 1672 189 1725 247">
    <p class='ocr_par' dir='ltr' id='par_1_3' title="bbox 1672 189 1725 247">
     <span class='ocr_line' id='line_1_3' title="bbox 1672 189 1725 247; baseline -0.038 0"><span class='ocrx_word' id='word_1_3' title='bbox 1672 189 1725 247; x_wconf 77' lang='lat' dir='ltr'><strong>5i2</strong></span> 
     </span>
    </p>
   </div>
   <div class='ocr_carea' id='block_1_4' title="bbox 67 300 1722 383">
    <p class='ocr_par' dir='ltr' id='par_1_4' title="bbox 67 300 1722 383">
     <span class='ocr_line' id='line_1_4' title="bbox 67 300 1722 383; baseline 0.007 -25"><span class='ocrx_word' id='word_1_4' title='bbox 67 300 153 358; x_wconf 90' lang='lat' dir='ltr'><strong>multa</strong></span> <span class='ocrx_word' id='word_1_5' title='bbox 168 308 196 358; x_wconf 94' lang='lat' dir='ltr'><strong>et</strong></span> <span class='ocrx_word' id='word_1_6' title='bbox 209 302 303 375; x_wconf 79' lang='lat' dir='ltr'><strong>granis</strong></span> <span class='ocrx_word' id='word_1_7' title='bbox 316 302 460 360; x_wconf 78' lang='lat' dir='ltr'>sementia.</span> <span class='ocrx_word' id='word_1_8' title='bbox 475 303 510 358; x_wconf 84' lang='lat' dir='ltr'><strong>Et</strong></span> <span class='ocrx_word' id='word_1_9' title='bbox 524 300 549 357; x_wconf 89' lang='lat' dir='ltr'><strong>si</strong></span> <span class='ocrx_word' id='word_1_10' title='bbox 564 301 615 357; x_wconf 89' lang='lat' dir='ltr'><strong>snb</strong></span> <span class='ocrx_word' id='word_1_11' title='bbox 630 316 685 359; x_wconf 89' lang='lat' dir='ltr'><strong>uuo</strong></span> <span class='ocrx_word' id='word_1_12' title='bbox 709 309 794 358; x_wconf 86' lang='lat' dir='ltr'><strong>totam</strong></span> <span class='ocrx_word' id='word_1_13' title='bbox 816 320 867 360; x_wconf 84' lang='lat' dir='ltr'><strong>ve·</strong></span> <span class='ocrx_word' id='word_1_14' title='bbox 881 305 909 366; x_wconf 83' lang='grc' dir='ltr'>Α</span> <span class='ocrx_word' id='word_1_15' title='bbox 923 303 958 359; x_wconf 86' lang='lat' dir='ltr'><strong>ite</strong></span> <span class='ocrx_word' id='word_1_16' title='bbox 974 311 1067 375; x_wconf 89' lang='lat' dir='ltr'><strong>postea</strong></span> <span class='ocrx_word' id='word_1_17' title='bbox 1080 305 1191 377; x_wconf 85' lang='lat' dir='ltr'><strong>lactum,</strong></span> <span class='ocrx_word' id='word_1_18' title='bbox 1208 306 1271 365; x_wconf 90' lang='lat' dir='ltr'><strong>licet</strong></span> <span class='ocrx_word' id='word_1_19' title='bbox 1286 309 1429 383; x_wconf 72' lang='lat' dir='ltr'><strong>Scriptura</strong></span> <span class='ocrx_word' id='word_1_20' title='bbox 1443 317 1560 379; x_wconf 89' lang='lat' dir='ltr'><strong>tacente,</strong></span> <span class='ocrx_word' id='word_1_21' title='bbox 1586 328 1642 369; x_wconf 91' lang='lat' dir='ltr'><strong>non</strong></span> <span class='ocrx_word' id='word_1_22' title='bbox 1667 313 1722 370; x_wconf 91' lang='lat' dir='ltr'><strong>du-</strong></span> 
     </span>
    </p>
   </div>
   <div class='ocr_carea' id='block_1_5' title="bbox 66 389 870 638">
    <p class='ocr_par' dir='ltr' id='par_1_5' title="bbox 66 389 870 638">
     <span class='ocr_line' id='line_1_5' title="bbox 66 389 869 464; baseline 0.002 -18"><span class='ocrx_word' id='word_1_23' title='bbox 66 391 151 447; x_wconf 90' lang='lat' dir='ltr'><strong>limua</strong></span> <span class='ocrx_word' id='word_1_24' title='bbox 175 392 342 449; x_wconf 72' lang='lat' dir='ltr'><strong>concludere</strong></span> <span class='ocrx_word' id='word_1_25' title='bbox 361 394 494 448; x_wconf 89' lang='lat' dir='ltr'><strong>rationem</strong></span> <span class='ocrx_word' id='word_1_26' title='bbox 516 389 630 459; x_wconf 87' lang='lat' dir='ltr'><strong>judicio,</strong></span> <span class='ocrx_word' id='word_1_27' title='bbox 655 392 794 464; x_wconf 86' lang='lat' dir='ltr'><strong>multaque</strong></span> <span class='ocrx_word' id='word_1_28' title='bbox 817 394 869 448; x_wconf 90' lang='lat' dir='ltr'><strong>sub</strong></span> 
     </span>
     <span class='ocr_line' id='line_1_6' title="bbox 66 480 870 552; baseline 0.002 -16"><span class='ocrx_word' id='word_1_29' title='bbox 66 497 123 537; x_wconf 91' lang='lat' dir='ltr'><strong>uno</strong></span> <span class='ocrx_word' id='word_1_30' title='bbox 138 482 370 552; x_wconf 80' lang='lat' dir='ltr'><strong>comprehendere</strong></span> <span class='ocrx_word' id='word_1_31' title='bbox 396 481 486 548; x_wconf 88' lang='lat' dir='ltr'><strong>titulo,</strong></span> <span class='ocrx_word' id='word_1_32' title='bbox 506 495 568 536; x_wconf 90' lang='lat' dir='ltr'><strong>cum</strong></span> <span class='ocrx_word' id='word_1_33' title='bbox 591 480 700 552; x_wconf 88' lang='lat' dir='ltr'><strong>singula</strong></span> <span class='ocrx_word' id='word_1_34' title='bbox 728 481 870 538; x_wconf 84' lang='lat' dir='ltr'><strong>elucidare</strong></span> 
     </span>
     <span class='ocr_line' id='line_1_7' title="bbox 66 569 869 638; baseline 0.001 -13"><span class='ocrx_word' id='word_1_35' title='bbox 66 570 232 638; x_wconf 87' lang='lat' dir='ltr'><strong>debeamus,</strong></span> <span class='ocrx_word' id='word_1_36' title='bbox 248 570 375 626; x_wconf 90' lang='lat' dir='ltr'><strong>omnibus</strong></span> <span class='ocrx_word' id='word_1_37' title='bbox 390 570 540 625; x_wconf 83' lang='lat' dir='ltr'><strong>indiscrete</strong></span> <span class='ocrx_word' id='word_1_38' title='bbox 554 569 716 637; x_wconf 86' lang='lat' dir='ltr'><strong>commistis,</strong></span> <span class='ocrx_word' id='word_1_39' title='bbox 739 571 869 627; x_wconf 87' lang='lat' dir='ltr'><strong>ubscuri-</strong></span> 
     </span>
    </p>
   </div>
   <div class='ocr_carea' id='block_1_6' title="bbox 63 666 869 1448">
    <p class='ocr_par' dir='ltr' id='par_1_6' title="bbox 64 666 869 1092">
     <span class='ocr_line' id='line_1_8' title="bbox 67 666 869 741; baseline 0.002 -19"><span class='ocrx_word' id='word_1_40' title='bbox 67 671 153 723; x_wconf 90' lang='lat' dir='ltr'><strong>tatem</strong></span> <span class='ocrx_word' id='word_1_41' title='bbox 169 666 319 723; x_wconf 83' lang='lat' dir='ltr'><strong>inferimus.</strong></span> <span class='ocrx_word' id='word_1_42' title='bbox 334 666 412 723; x_wconf 88' lang='lat' dir='ltr'><strong>Unde</strong></span> <span class='ocrx_word' id='word_1_43' title='bbox 428 670 450 721; x_wconf 92' lang='lat' dir='ltr'><strong>si</strong></span> <span class='ocrx_word' id='word_1_44' title='bbox 467 667 566 722; x_wconf 91' lang='lat' dir='ltr'><strong>bonum</strong></span> <span class='ocrx_word' id='word_1_45' title='bbox 582 667 630 722; x_wconf 87' lang='lat' dir='ltr'><strong>tibi</strong></span> <span class='ocrx_word' id='word_1_46' title='bbox 645 668 762 736; x_wconf 87' lang='lat' dir='ltr'><strong>videtur,</strong></span> <span class='ocrx_word' id='word_1_47' title='bbox 773 669 869 741; x_wconf 88' lang='lat' dir='ltr'><strong>singu·</strong></span> 
     </span>
     <span class='ocr_line' id='line_1_9' title="bbox 65 755 867 826; baseline 0.002 -16"><span class='ocrx_word' id='word_1_48' title='bbox 65 755 101 810; x_wconf 90' lang='lat' dir='ltr'><strong>lis</strong></span> <span class='ocrx_word' id='word_1_49' title='bbox 117 756 233 811; x_wconf 90' lang='lat' dir='ltr'><strong>rationis</strong></span> <span class='ocrx_word' id='word_1_50' title='bbox 258 756 403 810; x_wconf 89' lang='lat' dir='ltr'><strong>sententiis</strong></span> <span class='ocrx_word' id='word_1_51' title='bbox 426 756 551 823; x_wconf 78' lang='lat' dir='ltr'><strong>singulos</strong></span> <span class='ocrx_word' id='word_1_52' title='bbox 575 756 743 811; x_wconf 84' lang='lat' dir='ltr'><strong>ascribamus</strong></span> <span class='ocrx_word' id='word_1_53' title='bbox 764 756 867 826; x_wconf 90' lang='lat' dir='ltr'><strong>titulos,</strong></span> 
     </span>
     <span class='ocr_line' id='line_1_10' title="bbox 64 844 869 917; baseline 0.001 -17"><span class='ocrx_word' id='word_1_54' title='bbox 64 852 105 911; x_wconf 88' lang='lat' dir='ltr'><strong>ut,</strong></span> <span class='ocrx_word' id='word_1_55' title='bbox 121 859 288 917; x_wconf 91' lang='lat' dir='ltr'><strong>unoquoque</strong></span> <span class='ocrx_word' id='word_1_56' title='bbox 303 844 409 899; x_wconf 89' lang='lat' dir='ltr'><strong>alterna</strong></span> <span class='ocrx_word' id='word_1_57' title='bbox 423 844 560 899; x_wconf 87' lang='lat' dir='ltr'><strong>sermonis</strong></span> <span class='ocrx_word' id='word_1_58' title='bbox 576 844 869 913; x_wconf 67' lang='lat' dir='ltr'><strong>rationeuiacusso,ag</strong></span> 
     </span>
     <span class='ocr_line' id='line_1_11' title="bbox 64 931 869 1005; baseline 0.004 -17"><span class='ocrx_word' id='word_1_59' title='bbox 64 933 152 988; x_wconf 84' lang='lat' dir='ltr'><strong>alium</strong></span> <span class='ocrx_word' id='word_1_60' title='bbox 167 932 313 988; x_wconf 90' lang='lat' dir='ltr'><strong>ordinatim</strong></span> <span class='ocrx_word' id='word_1_61' title='bbox 342 932 518 1002; x_wconf 89' lang='lat' dir='ltr'><strong>accedamus,</strong></span> <span class='ocrx_word' id='word_1_62' title='bbox 546 940 576 987; x_wconf 91' lang='lat' dir='ltr'><strong>ut</strong></span> <span class='ocrx_word' id='word_1_63' title='bbox 605 931 645 988; x_wconf 89' lang='lat' dir='ltr'><strong>sic</strong></span> <span class='ocrx_word' id='word_1_64' title='bbox 671 935 749 1005; x_wconf 89' lang='lat' dir='ltr'><strong>operi</strong></span> <span class='ocrx_word' id='word_1_65' title='bbox 776 943 869 992; x_wconf 91' lang='lat' dir='ltr'><strong>nostro</strong></span> 
     </span>
     <span class='ocr_line' id='line_1_12' title="bbox 64 1020 583 1092; baseline -0.004 -15"><span class='ocrx_word' id='word_1_66' title='bbox 64 1036 220 1092; x_wconf 86' lang='lat' dir='ltr'><strong>congruum</strong></span> <span class='ocrx_word' id='word_1_67' title='bbox 236 1021 381 1076; x_wconf 90' lang='lat' dir='ltr'><strong>terminum</strong></span> <span class='ocrx_word' id='word_1_68' title='bbox 396 1020 583 1091; x_wconf 86' lang='lat' dir='ltr'><strong>imponamus.</strong></span> 
     </span>
    </p>

    <p class='ocr_par' dir='ltr' id='par_1_7' title="bbox 63 1107 869 1448">
     <span class='ocr_line' id='line_1_13' title="bbox 100 1107 869 1183; baseline 0.008 -20"><span class='ocrx_word' id='word_1_69' title='bbox 100 1111 225 1165; x_wconf 82' lang='lat' dir='ltr'><strong>Pnruus.</strong></span> <span class='ocrx_word' id='word_1_70' title='bbox 242 1107 320 1178; x_wconf 80' lang='lat' dir='ltr'><strong>Quod</strong></span> <span class='ocrx_word' id='word_1_71' title='bbox 335 1124 352 1164; x_wconf 88' lang='lat' dir='ltr'><strong>a</strong></span> <span class='ocrx_word' id='word_1_72' title='bbox 368 1118 393 1164; x_wconf 91' lang='lat' dir='ltr'><strong>te</strong></span> <span class='ocrx_word' id='word_1_73' title='bbox 410 1109 593 1165; x_wconf 87' lang='lat' dir='ltr'><strong>benedictum</strong></span> <span class='ocrx_word' id='word_1_74' title='bbox 608 1110 825 1183; x_wconf 86' lang='lat' dir='ltr'><strong>estperficiatur,</strong></span> <span class='ocrx_word' id='word_1_75' title='bbox 841 1119 869 1169; x_wconf 89' lang='lat' dir='ltr'><strong>et</strong></span> 
     </span>
     <span class='ocr_line' id='line_1_14' title="bbox 65 1197 867 1272; baseline 0.004 -20"><span class='ocrx_word' id='word_1_76' title='bbox 65 1197 141 1269; x_wconf 86' lang='lat' dir='ltr'><strong>quod</strong></span> <span class='ocrx_word' id='word_1_77' title='bbox 156 1198 238 1269; x_wconf 86' lang='lat' dir='ltr'><strong>digne</strong></span> <span class='ocrx_word' id='word_1_78' title='bbox 247 1197 368 1254; x_wconf 89' lang='lat' dir='ltr'><strong>consulis</strong></span> <span class='ocrx_word' id='word_1_79' title='bbox 375 1197 554 1269; x_wconf 89' lang='lat' dir='ltr'><strong>compleatur.</strong></span> <span class='ocrx_word' id='word_1_80' title='bbox 567 1198 688 1271; x_wconf 80' lang='lat' dir='ltr'><strong>Singulis</strong></span> <span class='ocrx_word' id='word_1_81' title='bbox 699 1200 790 1272; x_wconf 88' lang='lat' dir='ltr'><strong>itaque</strong></span> <span class='ocrx_word' id='word_1_82' title='bbox 801 1217 867 1257; x_wconf 90' lang='lat' dir='ltr'><strong>sen·</strong></span> 
     </span>
     <span class='ocr_line' id='line_1_15' title="bbox 63 1285 867 1359; baseline 0.005 -18"><span class='ocrx_word' id='word_1_83' title='bbox 63 1286 159 1341; x_wconf 91' lang='lat' dir='ltr'><strong>tentiis</strong></span> <span class='ocrx_word' id='word_1_84' title='bbox 175 1285 260 1343; x_wconf 87' lang='lat' dir='ltr'><strong>titulis</strong></span> <span class='ocrx_word' id='word_1_85' title='bbox 274 1286 331 1341; x_wconf 90' lang='lat' dir='ltr'><strong>suis</strong></span> <span class='ocrx_word' id='word_1_86' title='bbox 346 1287 488 1357; x_wconf 87' lang='lat' dir='ltr'><strong>appositis,</strong></span> <span class='ocrx_word' id='word_1_87' title='bbox 511 1288 545 1342; x_wconf 80' lang='lat' dir='ltr'><strong>tle</strong></span> <span class='ocrx_word' id='word_1_88' title='bbox 568 1304 622 1359; x_wconf 86' lang='lat' dir='ltr'><strong>quo</strong></span> <span class='ocrx_word' id='word_1_89' title='bbox 646 1290 722 1358; x_wconf 91' lang='lat' dir='ltr'><strong>prius</strong></span> <span class='ocrx_word' id='word_1_90' title='bbox 748 1290 867 1345; x_wconf 80' lang='lat' dir='ltr'><strong>uolueris</strong></span> 
     </span>
     <span class='ocr_line' id='line_1_16' title="bbox 63 1375 714 1448; baseline 0.005 -19"><span class='ocrx_word' id='word_1_91' title='bbox 63 1390 171 1447; x_wconf 76' lang='lat' dir='ltr'><strong>quaere,</strong></span> <span class='ocrx_word' id='word_1_92' title='bbox 189 1375 318 1448; x_wconf 90' lang='lat' dir='ltr'><strong>quoniam</strong></span> <span class='ocrx_word' id='word_1_93' title='bbox 331 1385 444 1447; x_wconf 90' lang='lat' dir='ltr'><strong>paratus</strong></span> <span class='ocrx_word' id='word_1_94' title='bbox 459 1391 518 1430; x_wconf 90' lang='lat' dir='ltr'><strong>sum</strong></span> <span class='ocrx_word' id='word_1_95' title='bbox 533 1377 714 1448; x_wconf 89' lang='lat' dir='ltr'><strong>respondere.</strong></span> 
     </span>
    </p>
   </div>
   <div class='ocr_carea' id='block_1_7' title="bbox 316 1552 615 1609">
    <p class='ocr_par' dir='ltr' id='par_1_8' title="bbox 316 1552 615 1609">
     <span class='ocr_line' id='line_1_17' title="bbox 316 1552 615 1609; baseline 0 -2"><span class='ocrx_word' id='word_1_96' title='bbox 316 1552 462 1609; x_wconf 86' lang='lat' dir='ltr'><strong>TITULUS</strong></span> <span class='ocrx_word' id='word_1_97' title='bbox 474 1552 615 1609; x_wconf 84' lang='lat' dir='ltr'><strong>l‘lllllUS.</strong></span> 
     </span>
    </p>
   </div>
   <div class='ocr_carea' id='block_1_8' title="bbox 65 1675 864 1847">
    <p class='ocr_par' dir='ltr' id='par_1_9' title="bbox 65 1675 864 1847">
     <span class='ocr_line' id='line_1_18' title="bbox 65 1675 864 1749; baseline 0.005 -20"><span class='ocrx_word' id='word_1_98' title='bbox 65 1675 380 1749; x_wconf 76' lang='lat' dir='ltr'><strong>(tetenditquodludoei</strong></span> <span class='ocrx_word' id='word_1_99' title='bbox 395 1678 476 1732; x_wconf 83' lang='lat' dir='ltr'><strong>verbe</strong></span> <span class='ocrx_word' id='word_1_100' title='bbox 490 1677 693 1747; x_wconf 77' lang='lat' dir='ltr'><strong>propinaturum</strong></span> <span class='ocrx_word' id='word_1_101' title='bbox 703 1679 864 1734; x_wconf 79' lang='lat' dir='ltr'><strong>carnaliter</strong></span> 
     </span>
     <span class='ocr_line' id='line_1_19' title="bbox 195 1774 741 1847; baseline -0.002 -18"><span class='ocrx_word' id='word_1_102' title='bbox 195 1774 376 1845; x_wconf 80' lang='lat' dir='ltr'><strong>intelligunt,</strong></span> <span class='ocrx_word' id='word_1_103' title='bbox 401 1778 430 1829; x_wconf 87' lang='lat' dir='ltr'><strong>et</strong></span> <span class='ocrx_word' id='word_1_104' title='bbox 442 1790 475 1829; x_wconf 85' lang='lat' dir='ltr'><strong>en</strong></span> <span class='ocrx_word' id='word_1_105' title='bbox 490 1775 564 1844; x_wconf 80' lang='lat' dir='ltr'><strong>sclao</strong></span> <span class='ocrx_word' id='word_1_106' title='bbox 580 1779 741 1847; x_wconf 70' lang='lat' dir='ltr'><strong>exponant.</strong></span> 
     </span>
    </p>
   </div>
   <div class='ocr_carea' id='block_1_9' title="bbox 60 1896 866 2500">
    <p class='ocr_par' dir='ltr' id='par_1_10' title="bbox 60 1896 866 2500">
     <span class='ocr_line' id='line_1_20' title="bbox 101 1896 866 1971; baseline 0.005 -20"><span class='ocrx_word' id='word_1_107' title='bbox 101 1897 230 1954; x_wconf 81' lang='lat' dir='ltr'><strong>llorses.</strong></span> <span class='ocrx_word' id='word_1_108' title='bbox 253 1896 376 1952; x_wconf 88' lang='lat' dir='ltr'><strong>Primum</strong></span> <span class='ocrx_word' id='word_1_109' title='bbox 405 1897 446 1953; x_wconf 90' lang='lat' dir='ltr'><strong>sie</strong></span> <span class='ocrx_word' id='word_1_110' title='bbox 472 1898 646 1953; x_wconf 78' lang='lat' dir='ltr'><strong>instituemus</strong></span> <span class='ocrx_word' id='word_1_111' title='bbox 675 1897 791 1963; x_wconf 89' lang='lat' dir='ltr'><strong>titulum,</strong></span> <span class='ocrx_word' id='word_1_112' title='bbox 820 1900 866 1971; x_wconf 91' lang='lat' dir='ltr'><strong>qui</strong></span> 
     </span>
     <span class='ocr_line' id='line_1_21' title="bbox 67 1986 866 2056; baseline 0.003 -15"><span class='ocrx_word' id='word_1_113' title='bbox 67 1986 209 2041; x_wconf 82' lang='lat' dir='ltr'><strong>continent</strong></span> <span class='ocrx_word' id='word_1_114' title='bbox 224 1986 355 2053; x_wconf 88' lang='lat' dir='ltr'><strong>rationes,</strong></span> <span class='ocrx_word' id='word_1_115' title='bbox 368 1986 467 2056; x_wconf 75' lang='lat' dir='ltr'><strong>quilius</strong></span> <span class='ocrx_word' id='word_1_116' title='bbox 478 1987 504 2039; x_wconf 91' lang='lat' dir='ltr'><strong>in</strong></span> <span class='ocrx_word' id='word_1_117' title='bbox 515 2002 567 2042; x_wconf 89' lang='lat' dir='ltr'><strong>nos</strong></span> <span class='ocrx_word' id='word_1_118' title='bbox 580 1997 607 2041; x_wconf 93' lang='lat' dir='ltr'><strong>et</strong></span> <span class='ocrx_word' id='word_1_119' title='bbox 619 1988 646 2041; x_wconf 93' lang='lat' dir='ltr'><strong>in</strong></span> <span class='ocrx_word' id='word_1_120' title='bbox 664 1996 772 2043; x_wconf 90' lang='lat' dir='ltr'><strong>nostros</strong></span> <span class='ocrx_word' id='word_1_121' title='bbox 787 1988 866 2043; x_wconf 89' lang='lat' dir='ltr'><strong>inve-</strong></span> 
     </span>
     <span class='ocr_line' id='line_1_22' title="bbox 66 2073 865 2146; baseline 0.008 -20"><span class='ocrx_word' id='word_1_122' title='bbox 66 2073 144 2127; x_wconf 91' lang='lat' dir='ltr'><strong>heris</strong></span> <span class='ocrx_word' id='word_1_123' title='bbox 159 2074 297 2141; x_wconf 87' lang='lat' dir='ltr'><strong>doctores,</strong></span> <span class='ocrx_word' id='word_1_124' title='bbox 310 2075 449 2145; x_wconf 90' lang='lat' dir='ltr'><strong>quodDeo</strong></span> <span class='ocrx_word' id='word_1_125' title='bbox 460 2074 564 2129; x_wconf 86' lang='lat' dir='ltr'><strong>scilicet</strong></span> <span class='ocrx_word' id='word_1_126' title='bbox 575 2090 675 2146; x_wconf 90' lang='lat' dir='ltr'><strong>corpus</strong></span> <span class='ocrx_word' id='word_1_127' title='bbox 697 2084 721 2131; x_wconf 93' lang='lat' dir='ltr'><strong>et</strong></span> <span class='ocrx_word' id='word_1_128' title='bbox 746 2075 865 2132; x_wconf 84' lang='lat' dir='ltr'><strong>sormam</strong></span> 
     </span>
     <span class='ocr_line' id='line_1_23' title="bbox 61 2161 865 2238; baseline 0.006 -22"><span class='ocrx_word' id='word_1_129' title='bbox 61 2161 238 2228; x_wconf 86' lang='lat' dir='ltr'><strong>ascribimus,</strong></span> <span class='ocrx_word' id='word_1_130' title='bbox 254 2163 353 2231; x_wconf 79' lang='lat' dir='ltr'><strong>eteius</strong></span> <span class='ocrx_word' id='word_1_131' title='bbox 386 2171 487 2218; x_wconf 82' lang='lat' dir='ltr'><strong>natrrrae</strong></span> <span class='ocrx_word' id='word_1_132' title='bbox 510 2163 572 2217; x_wconf 89' lang='lat' dir='ltr'><strong>talia</strong></span> <span class='ocrx_word' id='word_1_133' title='bbox 600 2165 773 2229; x_wconf 87' lang='lat' dir='ltr'><strong>adnotemus,</strong></span> <span class='ocrx_word' id='word_1_134' title='bbox 804 2182 865 2238; x_wconf 87' lang='lat' dir='ltr'><strong>qum</strong></span> 
     </span>
     <span class='ocr_line' id='line_1_24' title="bbox 61 2251 864 2327; baseline 0.009 -23"><span class='ocrx_word' id='word_1_135' title='bbox 61 2251 176 2305; x_wconf 88' lang='lat' dir='ltr'><strong>rationis</strong></span> <span class='ocrx_word' id='word_1_136' title='bbox 190 2251 292 2307; x_wconf 81' lang='lat' dir='ltr'><strong>ueritas</strong></span> <span class='ocrx_word' id='word_1_137' title='bbox 303 2252 444 2307; x_wconf 88' lang='lat' dir='ltr'><strong>abhorret.</strong></span> <span class='ocrx_word' id='word_1_138' title='bbox 466 2253 541 2307; x_wconf 88' lang='lat' dir='ltr'><strong>Hunc</strong></span> <span class='ocrx_word' id='word_1_139' title='bbox 556 2253 639 2323; x_wconf 89' lang='lat' dir='ltr'><strong>igitur</strong></span> <span class='ocrx_word' id='word_1_140' title='bbox 649 2268 705 2308; x_wconf 88' lang='lat' dir='ltr'><strong>rern</strong></span> <span class='ocrx_word' id='word_1_141' title='bbox 716 2254 864 2327; x_wconf 79' lang='lat' dir='ltr'><strong>diligenter</strong></span> 
     </span>
     <span class='ocr_line' id='line_1_25' title="bbox 62 2338 862 2412; baseline 0.009 -19"><span class='ocrx_word' id='word_1_142' title='bbox 62 2338 253 2407; x_wconf 87' lang='lat' dir='ltr'><strong>discutiemus,</strong></span> <span class='ocrx_word' id='word_1_143' title='bbox 270 2339 359 2396; x_wconf 91' lang='lat' dir='ltr'><strong>donee</strong></span> <span class='ocrx_word' id='word_1_144' title='bbox 379 2341 413 2395; x_wconf 92' lang='lat' dir='ltr'><strong>ad</strong></span> <span class='ocrx_word' id='word_1_145' title='bbox 437 2341 496 2409; x_wconf 84' lang='lat' dir='ltr'><strong>ejus</strong></span> <span class='ocrx_word' id='word_1_146' title='bbox 520 2341 675 2412; x_wconf 77' lang='lat' dir='ltr'><strong>indaginem</strong></span> <span class='ocrx_word' id='word_1_147' title='bbox 704 2344 808 2399; x_wconf 87' lang='lat' dir='ltr'><strong>ratione</strong></span> <span class='ocrx_word' id='word_1_148' title='bbox 836 2352 862 2400; x_wconf 90' lang='lat' dir='ltr'><strong>et</strong></span> 
     </span>
     <span class='ocr_line' id='line_1_26' title="bbox 60 2428 447 2500; baseline 0.003 -19"><span class='ocrx_word' id='word_1_149' title='bbox 60 2435 230 2499; x_wconf 89' lang='lat' dir='ltr'><strong>argumento</strong></span> <span class='ocrx_word' id='word_1_150' title='bbox 244 2428 447 2500; x_wconf 80' lang='lat' dir='ltr'><strong>perveniemus.</strong></span> 
     </span>
    </p>
   </div>
   <div class='ocr_carea' id='block_1_10' title="bbox 58 2526 859 2865">
    <p class='ocr_par' dir='ltr' id='par_1_11' title="bbox 97 2526 501 2583">
     <span class='ocr_line' id='line_1_27' title="bbox 97 2526 501 2583; baseline 0 -2"><span class='ocrx_word' id='word_1_151' title='bbox 97 2526 225 2581; x_wconf 82' lang='lat' dir='ltr'><strong>Pnrnus.</strong></span> <span class='ocrx_word' id='word_1_152' title='bbox 244 2527 349 2583; x_wconf 85' lang='lat' dir='ltr'><strong>Dictum</strong></span> <span class='ocrx_word' id='word_1_153' title='bbox 365 2526 501 2583; x_wconf 89' lang='lat' dir='ltr'><strong>collaudo.</strong></span> 
     </span>
    </p>

    <p class='ocr_par' dir='ltr' id='par_1_12' title="bbox 58 2614 859 2865">
     <span class='ocr_line' id='line_1_28' title="bbox 97 2614 859 2688; baseline 0.007 -19"><span class='ocrx_word' id='word_1_154' title='bbox 97 2615 224 2671; x_wconf 83' lang='lat' dir='ltr'><strong>lloxsns.</strong></span> <span class='ocrx_word' id='word_1_155' title='bbox 236 2614 266 2670; x_wconf 93' lang='lat' dir='ltr'><strong>ln</strong></span> <span class='ocrx_word' id='word_1_156' title='bbox 277 2616 370 2687; x_wconf 85' lang='lat' dir='ltr'><strong>primis</strong></span> <span class='ocrx_word' id='word_1_157' title='bbox 384 2616 476 2688; x_wconf 88' lang='lat' dir='ltr'><strong>itaque</strong></span> <span class='ocrx_word' id='word_1_158' title='bbox 491 2617 556 2671; x_wconf 80' lang='lat' dir='ltr'><strong>mitri</strong></span> <span class='ocrx_word' id='word_1_159' title='bbox 572 2619 638 2676; x_wconf 84' lang='lat' dir='ltr'><strong>volo</strong></span> <span class='ocrx_word' id='word_1_160' title='bbox 654 2619 792 2686; x_wconf 86' lang='lat' dir='ltr'><strong>ostendes,</strong></span> <span class='ocrx_word' id='word_1_161' title='bbox 813 2619 859 2674; x_wconf 89' lang='lat' dir='ltr'><strong>ubi</strong></span> 
     </span>
     <span class='ocr_line' id='line_1_29' title="bbox 60 2702 859 2776; baseline 0.009 -19"><span class='ocrx_word' id='word_1_162' title='bbox 60 2702 292 2759; x_wconf 85' lang='lat' dir='ltr'><strong>doctoreanostri</strong></span> <span class='ocrx_word' id='word_1_163' title='bbox 322 2706 407 2760; x_wconf 80' lang='lat' dir='ltr'><strong>Derim</strong></span> <span class='ocrx_word' id='word_1_164' title='bbox 436 2721 535 2776; x_wconf 90' lang='lat' dir='ltr'><strong>eorpus</strong></span> <span class='ocrx_word' id='word_1_165' title='bbox 562 2715 588 2762; x_wconf 93' lang='lat' dir='ltr'><strong>et</strong></span> <span class='ocrx_word' id='word_1_166' title='bbox 615 2708 730 2764; x_wconf 82' lang='lat' dir='ltr'><strong>sormam</strong></span> <span class='ocrx_word' id='word_1_167' title='bbox 759 2708 859 2765; x_wconf 84' lang='lat' dir='ltr'><strong>habere</strong></span> 
     </span>
     <span class='ocr_line' id='line_1_30' title="bbox 58 2790 821 2865; baseline 0.005 -19"><span class='ocrx_word' id='word_1_168' title='bbox 58 2790 197 2860; x_wconf 84' lang='lat' dir='ltr'><strong>dixerunt,</strong></span> <span class='ocrx_word' id='word_1_169' title='bbox 214 2801 241 2849; x_wconf 92' lang='lat' dir='ltr'><strong>et</strong></span> <span class='ocrx_word' id='word_1_170' title='bbox 256 2794 391 2865; x_wconf 89' lang='lat' dir='ltr'><strong>quomodo</strong></span> <span class='ocrx_word' id='word_1_171' title='bbox 406 2802 490 2865; x_wconf 88' lang='lat' dir='ltr'><strong>super</strong></span> <span class='ocrx_word' id='word_1_172' title='bbox 500 2796 551 2850; x_wconf 88' lang='lat' dir='ltr'><strong>hae</strong></span> <span class='ocrx_word' id='word_1_173' title='bbox 567 2812 596 2851; x_wconf 91' lang='lat' dir='ltr'><strong>re</strong></span> <span class='ocrx_word' id='word_1_174' title='bbox 611 2797 691 2852; x_wconf 88' lang='lat' dir='ltr'><strong>locuti</strong></span> <span class='ocrx_word' id='word_1_175' title='bbox 704 2797 821 2852; x_wconf 88' lang='lat' dir='ltr'><strong>luerunt.</strong></span> 
     </span>
    </p>
   </div>
   <div class='ocr_carea' id='block_1_11' title="bbox 96 2890 857 2965">
    <p class='ocr_par' dir='ltr' id='par_1_13' title="bbox 96 2890 857 2965">
     <span class='ocr_line' id='line_1_31' title="bbox 96 2890 857 2965; baseline 0.005 -21"><span class='ocrx_word' id='word_1_176' title='bbox 96 2890 215 2945; x_wconf 82' lang='lat' dir='ltr'><strong>Pmus.</strong></span> <span class='ocrx_word' id='word_1_177' title='bbox 232 2890 261 2945; x_wconf 90' lang='lat' dir='ltr'><strong>Si</strong></span> <span class='ocrx_word' id='word_1_178' title='bbox 275 2906 363 2946; x_wconf 87' lang='lat' dir='ltr'><strong>nosse</strong></span> <span class='ocrx_word' id='word_1_179' title='bbox 371 2891 447 2962; x_wconf 91' lang='lat' dir='ltr'><strong>cupis</strong></span> <span class='ocrx_word' id='word_1_180' title='bbox 458 2892 503 2946; x_wconf 85' lang='lat' dir='ltr'><strong>ubi</strong></span> <span class='ocrx_word' id='word_1_181' title='bbox 514 2894 643 2964; x_wconf 88' lang='lat' dir='ltr'><strong>scriptum</strong></span> <span class='ocrx_word' id='word_1_182' title='bbox 660 2893 703 2961; x_wconf 90' lang='lat' dir='ltr'><strong>sit,</strong></span> <span class='ocrx_word' id='word_1_183' title='bbox 720 2894 746 2949; x_wconf 91' lang='lat' dir='ltr'><strong>in</strong></span> <span class='ocrx_word' id='word_1_184' title='bbox 770 2894 857 2965; x_wconf 90' lang='lat' dir='ltr'><strong>prima</strong></span> 
     </span>
    </p>
   </div>
   <div class='ocr_carea' id='block_1_12' title="bbox 924 401 1724 846">
    <p class='ocr_par' dir='ltr' id='par_1_14' title="bbox 924 401 1724 846">
     <span class='ocr_line' id='line_1_32' title="bbox 926 401 1723 483; baseline 0.016 -27"><span class='ocrx_word' id='word_1_185' title='bbox 926 401 1053 471; x_wconf 89' lang='lat' dir='ltr'><strong>bitemus,</strong></span> <span class='ocrx_word' id='word_1_186' title='bbox 1070 420 1202 477; x_wconf 83' lang='lat' dir='ltr'><strong>rrrrsqunm</strong></span> <span class='ocrx_word' id='word_1_187' title='bbox 1219 412 1308 462; x_wconf 72' lang='lat' dir='ltr'><strong>tannen</strong></span> <span class='ocrx_word' id='word_1_188' title='bbox 1323 407 1366 463; x_wconf 87' lang='lat' dir='ltr'><strong>lex</strong></span> <span class='ocrx_word' id='word_1_189' title='bbox 1382 408 1504 464; x_wconf 89' lang='lat' dir='ltr'><strong>meminit</strong></span> <span class='ocrx_word' id='word_1_190' title='bbox 1519 409 1591 480; x_wconf 89' lang='lat' dir='ltr'><strong>quod</strong></span> <span class='ocrx_word' id='word_1_191' title='bbox 1613 412 1723 483; x_wconf 80' lang='lat' dir='ltr'><strong>lloyses</strong></span> 
     </span>
     <span class='ocr_line' id='line_1_33' title="bbox 924 490 1724 573; baseline 0.016 -29"><span class='ocrx_word' id='word_1_192' title='bbox 924 490 950 544; x_wconf 91' lang='lat' dir='ltr'><strong>in</strong></span> <span class='ocrx_word' id='word_1_193' title='bbox 966 495 1024 561; x_wconf 85' lang='lat' dir='ltr'><strong>ejus</strong></span> <span class='ocrx_word' id='word_1_194' title='bbox 1040 494 1235 563; x_wconf 73' lang='lat' dir='ltr'><strong>posterioribus</strong></span> <span class='ocrx_word' id='word_1_195' title='bbox 1249 496 1352 568; x_wconf 90' lang='lat' dir='ltr'><strong>aliquid</strong></span> <span class='ocrx_word' id='word_1_196' title='bbox 1367 497 1476 553; x_wconf 89' lang='lat' dir='ltr'><strong>viderit.</strong></span> <span class='ocrx_word' id='word_1_197' title='bbox 1494 496 1617 566; x_wconf 80' lang='lat' dir='ltr'><strong>Qualiter</strong></span> <span class='ocrx_word' id='word_1_198' title='bbox 1637 500 1724 573; x_wconf 88' lang='lat' dir='ltr'><strong>igitur</strong></span> 
     </span>
     <span class='ocr_line' id='line_1_34' title="bbox 924 581 1723 660; baseline 0.014 -24"><span class='ocrx_word' id='word_1_199' title='bbox 924 596 986 636; x_wconf 87' lang='lat' dir='ltr'><strong>curn</strong></span> <span class='ocrx_word' id='word_1_200' title='bbox 1001 581 1126 655; x_wconf 87' lang='lat' dir='ltr'><strong>corrigiae</strong></span> <span class='ocrx_word' id='word_1_201' title='bbox 1139 584 1251 649; x_wconf 90' lang='lat' dir='ltr'><strong>nodum,</strong></span> <span class='ocrx_word' id='word_1_202' title='bbox 1268 586 1341 657; x_wconf 91' lang='lat' dir='ltr'><strong>quod</strong></span> <span class='ocrx_word' id='word_1_203' title='bbox 1359 585 1417 641; x_wconf 91' lang='lat' dir='ltr'><strong>sine</strong></span> <span class='ocrx_word' id='word_1_204' title='bbox 1432 587 1489 642; x_wconf 90' lang='lat' dir='ltr'><strong>risu</strong></span> <span class='ocrx_word' id='word_1_205' title='bbox 1504 587 1548 642; x_wconf 88' lang='lat' dir='ltr'><strong>vix</strong></span> <span class='ocrx_word' id='word_1_206' title='bbox 1562 588 1616 644; x_wconf 94' lang='lat' dir='ltr'><strong>dici</strong></span> <span class='ocrx_word' id='word_1_207' title='bbox 1633 597 1723 660; x_wconf 87' lang='lat' dir='ltr'><strong>potest</strong></span> 
     </span>
     <span class='ocr_line' id='line_1_35' title="bbox 924 680 1722 757; baseline 0.015 -24"><span class='ocrx_word' id='word_1_208' title='bbox 924 680 1028 736; x_wconf 84' lang='lat' dir='ltr'><strong>vidisse</strong></span> <span class='ocrx_word' id='word_1_209' title='bbox 1043 681 1132 737; x_wconf 92' lang='lat' dir='ltr'><strong>dicitis</strong></span> <span class='ocrx_word' id='word_1_210' title='bbox 1142 683 1240 751; x_wconf 82' lang='lat' dir='ltr'><strong>litem,</strong></span> <span class='ocrx_word' id='word_1_211' title='bbox 1257 700 1319 740; x_wconf 89' lang='lat' dir='ltr'><strong>eum</strong></span> <span class='ocrx_word' id='word_1_212' title='bbox 1330 701 1380 755; x_wconf 91' lang='lat' dir='ltr'><strong>per</strong></span> <span class='ocrx_word' id='word_1_213' title='bbox 1393 685 1550 757; x_wconf 87' lang='lat' dir='ltr'><strong>posteriora</strong></span> <span class='ocrx_word' id='word_1_214' title='bbox 1563 703 1617 742; x_wconf 91' lang='lat' dir='ltr'><strong>non</strong></span> <span class='ocrx_word' id='word_1_215' title='bbox 1633 688 1722 745; x_wconf 86' lang='lat' dir='ltr'><strong>solum</strong></span> 
     </span>
     <span class='ocr_line' id='line_1_36' title="bbox 924 770 1723 846; baseline 0.01 -22"><span class='ocrx_word' id='word_1_216' title='bbox 924 770 1028 834; x_wconf 84' lang='lat' dir='ltr'><strong>cervix,</strong></span> <span class='ocrx_word' id='word_1_217' title='bbox 1046 770 1094 825; x_wconf 89' lang='lat' dir='ltr'><strong>sed</strong></span> <span class='ocrx_word' id='word_1_218' title='bbox 1110 771 1190 826; x_wconf 87' lang='lat' dir='ltr'><strong>etiem</strong></span> <span class='ocrx_word' id='word_1_219' title='bbox 1206 773 1332 844; x_wconf 85' lang='lat' dir='ltr'><strong>quaelibet</strong></span> <span class='ocrx_word' id='word_1_220' title='bbox 1347 775 1468 846; x_wconf 88' lang='lat' dir='ltr'><strong>corporis</strong></span> <span class='ocrx_word' id='word_1_221' title='bbox 1481 777 1723 845; x_wconf 88' lang='lat' dir='ltr'><strong>parseouvenieu·</strong></span> 
     </span>
    </p>
   </div>
   <div class='ocr_carea' id='block_1_13' title="bbox 924 859 1810 935">
    <p class='ocr_par' dir='ltr' id='par_1_15' title="bbox 924 859 1810 935">
     <span class='ocr_line' id='line_1_37' title="bbox 924 859 1810 935; baseline 0.01 -22"><span class='ocrx_word' id='word_1_222' title='bbox 924 861 976 914; x_wconf 92' lang='lat' dir='ltr'><strong>tius</strong></span> <span class='ocrx_word' id='word_1_223' title='bbox 991 859 1106 933; x_wconf 82' lang='lat' dir='ltr'><strong>intelligi</strong></span> <span class='ocrx_word' id='word_1_224' title='bbox 1121 862 1217 932; x_wconf 90' lang='lat' dir='ltr'><strong>possit,</strong></span> <span class='ocrx_word' id='word_1_225' title='bbox 1233 863 1285 918; x_wconf 87' lang='lat' dir='ltr'><strong>hoc</strong></span> <span class='ocrx_word' id='word_1_226' title='bbox 1300 863 1372 935; x_wconf 92' lang='lat' dir='ltr'><strong>quod</strong></span> <span class='ocrx_word' id='word_1_227' title='bbox 1388 878 1436 919; x_wconf 87' lang='lat' dir='ltr'><strong>vos</strong></span> <span class='ocrx_word' id='word_1_228' title='bbox 1451 865 1588 920; x_wconf 86' lang='lat' dir='ltr'><strong>cervicem</strong></span> <span class='ocrx_word' id='word_1_229' title='bbox 1598 881 1660 921; x_wconf 88' lang='lat' dir='ltr'><strong>eum</strong></span> <span class='ocrx_word' id='word_1_230' title='bbox 1676 866 1720 921; x_wconf 87' lang='lat' dir='ltr'><strong>vi·</strong></span> <span class='ocrx_word' id='word_1_231' title='bbox 1807 868 1810 873; x_wconf 87' lang='lat'>&#39;</span> 
     </span>
    </p>
   </div>
   <div class='ocr_carea' id='block_1_14' title="bbox 923 956 1721 1118">
    <p class='ocr_par' dir='ltr' id='par_1_16' title="bbox 923 956 1721 1118">
     <span class='ocr_line' id='line_1_38' title="bbox 923 956 1721 1035; baseline 0.016 -25"><span class='ocrx_word' id='word_1_232' title='bbox 923 956 997 1012; x_wconf 92' lang='lat' dir='ltr'><strong>disse</strong></span> <span class='ocrx_word' id='word_1_233' title='bbox 1012 958 1145 1026; x_wconf 88' lang='lat' dir='ltr'><strong>asseritis,</strong></span> <span class='ocrx_word' id='word_1_234' title='bbox 1162 975 1216 1015; x_wconf 91' lang='lat' dir='ltr'><strong>nou</strong></span> <span class='ocrx_word' id='word_1_235' title='bbox 1227 961 1330 1017; x_wconf 91' lang='lat' dir='ltr'><strong>ratione</strong></span> <span class='ocrx_word' id='word_1_236' title='bbox 1345 961 1388 1017; x_wconf 86' lang='lat' dir='ltr'><strong>vel</strong></span> <span class='ocrx_word' id='word_1_237' title='bbox 1404 960 1473 1035; x_wconf 88' lang='lat' dir='ltr'><strong>legis</strong></span> <span class='ocrx_word' id='word_1_238' title='bbox 1487 963 1657 1032; x_wconf 84' lang='lat' dir='ltr'><strong>auctoritate,</strong></span> <span class='ocrx_word' id='word_1_239' title='bbox 1670 965 1721 1023; x_wconf 90' lang='lat' dir='ltr'><strong>sed</strong></span> 
     </span>
     <span class='ocr_line' id='line_1_39' title="bbox 923 1045 1287 1118; baseline 0.016 -18"><span class='ocrx_word' id='word_1_240' title='bbox 923 1045 983 1102; x_wconf 89' lang='lat' dir='ltr'><strong>sola</strong></span> <span class='ocrx_word' id='word_1_241' title='bbox 997 1047 1121 1118; x_wconf 88' lang='lat' dir='ltr'><strong>probatis</strong></span> <span class='ocrx_word' id='word_1_242' title='bbox 1136 1048 1287 1106; x_wconf 87' lang='lat' dir='ltr'><strong>voluntate.</strong></span> 
     </span>
    </p>
   </div>
   <div class='ocr_carea' id='block_1_15' title="bbox 921 1154 1719 1435">
    <p class='ocr_par' dir='ltr' id='par_1_17' title="bbox 921 1154 1719 1435">
     <span class='ocr_line' id='line_1_40' title="bbox 957 1154 1718 1231; baseline 0.012 -24"><span class='ocrx_word' id='word_1_243' title='bbox 957 1155 1080 1209; x_wconf 83' lang='lat' dir='ltr'><strong>lloxsss.</strong></span> <span class='ocrx_word' id='word_1_244' title='bbox 1096 1154 1189 1210; x_wconf 88' lang='lat' dir='ltr'><strong>Nostri</strong></span> <span class='ocrx_word' id='word_1_245' title='bbox 1206 1156 1332 1214; x_wconf 88' lang='lat' dir='ltr'><strong>doctores</strong></span> <span class='ocrx_word' id='word_1_246' title='bbox 1346 1174 1396 1231; x_wconf 90' lang='lat' dir='ltr'><strong>per</strong></span> <span class='ocrx_word' id='word_1_247' title='bbox 1412 1159 1566 1231; x_wconf 88' lang='lat' dir='ltr'><strong>posteriora</strong></span> <span class='ocrx_word' id='word_1_248' title='bbox 1581 1159 1718 1217; x_wconf 80' lang='lat' dir='ltr'><strong>cervicem</strong></span> 
     </span>
     <span class='ocr_line' id='line_1_41' title="bbox 921 1250 1275 1322; baseline 0.014 -18"><span class='ocrx_word' id='word_1_249' title='bbox 921 1250 1024 1305; x_wconf 85' lang='lat' dir='ltr'><strong>debere</strong></span> <span class='ocrx_word' id='word_1_250' title='bbox 1039 1250 1153 1322; x_wconf 84' lang='lat' dir='ltr'><strong>intelligi</strong></span> <span class='ocrx_word' id='word_1_251' title='bbox 1169 1253 1275 1309; x_wconf 90' lang='lat' dir='ltr'><strong>dicunt.</strong></span> 
     </span>
     <span class='ocr_line' id='line_1_42' title="bbox 956 1358 1719 1435; baseline 0.01 -24"><span class='ocrx_word' id='word_1_252' title='bbox 956 1358 1078 1413; x_wconf 78' lang='lat' dir='ltr'><strong>Pennus.</strong></span> <span class='ocrx_word' id='word_1_253' title='bbox 1096 1359 1251 1416; x_wconf 88' lang='lat' dir='ltr'><strong>Secundum</strong></span> <span class='ocrx_word' id='word_1_254' title='bbox 1276 1370 1377 1418; x_wconf 76' lang='lat' dir='ltr'><strong>vestrm</strong></span> <span class='ocrx_word' id='word_1_255' title='bbox 1402 1363 1491 1421; x_wconf 80' lang='lat' dir='ltr'><strong>stultae</strong></span> <span class='ocrx_word' id='word_1_256' title='bbox 1517 1362 1719 1435; x_wconf 83' lang='lat' dir='ltr'><strong>explanationis</strong></span> 
     </span>
    </p>
   </div>
   <div class='ocr_carea' id='block_1_16' title="bbox 918 1456 1717 1623">
    <p class='ocr_par' dir='ltr' id='par_1_18' title="bbox 918 1456 1717 1623">
     <span class='ocr_line' id='line_1_43' title="bbox 920 1456 1716 1531; baseline 0.008 -21"><span class='ocrx_word' id='word_1_257' title='bbox 920 1456 1031 1523; x_wconf 88' lang='lat' dir='ltr'><strong>seriem,</strong></span> <span class='ocrx_word' id='word_1_258' title='bbox 1048 1474 1108 1529; x_wconf 87' lang='lat' dir='ltr'><strong>quae</strong></span> <span class='ocrx_word' id='word_1_259' title='bbox 1123 1467 1149 1513; x_wconf 91' lang='grc' dir='ltr'>ει</span> <span class='ocrx_word' id='word_1_260' title='bbox 1159 1458 1340 1531; x_wconf 84' lang='lat' dir='ltr'><strong>Scripturaeet</strong></span> <span class='ocrx_word' id='word_1_261' title='bbox 1358 1462 1470 1518; x_wconf 83' lang='lat' dir='ltr'><strong>rationis</strong></span> <span class='ocrx_word' id='word_1_262' title='bbox 1478 1461 1617 1531; x_wconf 86' lang='lat' dir='ltr'><strong>juramine</strong></span> <span class='ocrx_word' id='word_1_263' title='bbox 1631 1469 1716 1530; x_wconf 87' lang='lat' dir='ltr'><strong>caret,</strong></span> 
     </span>
     <span class='ocr_line' id='line_1_44' title="bbox 918 1544 1717 1623; baseline 0.009 -25"><span class='ocrx_word' id='word_1_264' title='bbox 918 1545 1048 1617; x_wconf 80' lang='lat' dir='ltr'><strong>progredi</strong></span> <span class='ocrx_word' id='word_1_265' title='bbox 1063 1544 1142 1601; x_wconf 89' lang='lat' dir='ltr'><strong>libet.</strong></span> <span class='ocrx_word' id='word_1_266' title='bbox 1162 1548 1233 1603; x_wconf 90' lang='lat' dir='ltr'><strong>Nam</strong></span> <span class='ocrx_word' id='word_1_267' title='bbox 1248 1558 1277 1604; x_wconf 91' lang='grc' dir='ltr'><strong>ιιι</strong></span> <span class='ocrx_word' id='word_1_268' title='bbox 1293 1551 1381 1607; x_wconf 91' lang='lat' dir='ltr'><strong>Deum</strong></span> <span class='ocrx_word' id='word_1_269' title='bbox 1404 1552 1548 1618; x_wconf 88' lang='lat' dir='ltr'><strong>cervicem,</strong></span> <span class='ocrx_word' id='word_1_270' title='bbox 1574 1551 1647 1623; x_wconf 89' lang='lat' dir='ltr'><strong>quod</strong></span> <span class='ocrx_word' id='word_1_271' title='bbox 1671 1566 1717 1605; x_wconf 90' lang='lat' dir='ltr'><strong>sa-</strong></span> 
     </span>
    </p>
   </div>
   <div class='ocr_carea' id='block_1_17' title="bbox 877 1633 1716 1728">
    <p class='ocr_par' dir='ltr' id='par_1_19' title="bbox 877 1633 1716 1728">
     <span class='ocr_line' id='line_1_45' title="bbox 877 1633 1716 1728; baseline 0.008 -42"><span class='ocrx_word' id='word_1_272' title='bbox 877 1668 904 1728; x_wconf 76' lang='lat' dir='ltr'>B</span> <span class='ocrx_word' id='word_1_273' title='bbox 920 1633 1003 1704; x_wconf 90' lang='lat' dir='ltr'><strong>pienti</strong></span> <span class='ocrx_word' id='word_1_274' title='bbox 1017 1633 1094 1689; x_wconf 82' lang='lat' dir='ltr'><strong>netas</strong></span> <span class='ocrx_word' id='word_1_275' title='bbox 1109 1644 1137 1690; x_wconf 92' lang='lat' dir='ltr'><strong>et</strong></span> <span class='ocrx_word' id='word_1_276' title='bbox 1158 1637 1273 1706; x_wconf 85' lang='lat' dir='ltr'><strong>ridetur,</strong></span> <span class='ocrx_word' id='word_1_277' title='bbox 1302 1647 1329 1694; x_wconf 93' lang='lat' dir='ltr'><strong>et</strong></span> <span class='ocrx_word' id='word_1_278' title='bbox 1356 1647 1406 1704; x_wconf 90' lang='lat' dir='ltr'><strong>est,</strong></span> <span class='ocrx_word' id='word_1_279' title='bbox 1435 1640 1538 1695; x_wconf 88' lang='lat' dir='ltr'><strong>habere</strong></span> <span class='ocrx_word' id='word_1_280' title='bbox 1555 1640 1716 1706; x_wconf 88' lang='lat' dir='ltr'><strong>concedam,</strong></span> 
     </span>
    </p>
   </div>
   <div class='ocr_carea' id='block_1_18' title="bbox 920 1731 1718 2074">
    <p class='ocr_par' dir='ltr' id='par_1_20' title="bbox 920 1731 1718 2074">
     <span class='ocr_line' id='line_1_46' title="bbox 920 1731 1718 1807; baseline 0.008 -23"><span class='ocrx_word' id='word_1_281' title='bbox 920 1731 1007 1801; x_wconf 88' lang='lat' dir='ltr'><strong>potuit</strong></span> <span class='ocrx_word' id='word_1_282' title='bbox 1022 1739 1112 1787; x_wconf 88' lang='lat' dir='ltr'><strong>tamen</strong></span> <span class='ocrx_word' id='word_1_283' title='bbox 1123 1732 1182 1789; x_wconf 81' lang='lat' dir='ltr'><strong>steri</strong></span> <span class='ocrx_word' id='word_1_284' title='bbox 1197 1743 1226 1789; x_wconf 93' lang='lat' dir='ltr'><strong>ut</strong></span> <span class='ocrx_word' id='word_1_285' title='bbox 1241 1736 1348 1807; x_wconf 82' lang='lat' dir='ltr'><strong>Moyses</strong></span> <span class='ocrx_word' id='word_1_286' title='bbox 1362 1736 1428 1791; x_wconf 85' lang='lat' dir='ltr'><strong>nihil</strong></span> <span class='ocrx_word' id='word_1_287' title='bbox 1443 1737 1470 1791; x_wconf 92' lang='lat' dir='ltr'><strong>in</strong></span> <span class='ocrx_word' id='word_1_288' title='bbox 1485 1753 1519 1793; x_wconf 89' lang='lat' dir='ltr'><strong>eo</strong></span> <span class='ocrx_word' id='word_1_289' title='bbox 1538 1744 1636 1806; x_wconf 85' lang='lat' dir='ltr'><strong>praeter</strong></span> <span class='ocrx_word' id='word_1_290' title='bbox 1656 1751 1718 1792; x_wconf 87' lang='lat' dir='ltr'><strong>cer·</strong></span> 
     </span>
     <span class='ocr_line' id='line_1_47' title="bbox 923 1820 1716 1897; baseline 0.009 -24"><span class='ocrx_word' id='word_1_291' title='bbox 923 1820 1014 1874; x_wconf 81' lang='lat' dir='ltr'><strong>vicem</strong></span> <span class='ocrx_word' id='word_1_292' title='bbox 1030 1821 1137 1876; x_wconf 86' lang='lat' dir='ltr'><strong>viderit.</strong></span> <span class='ocrx_word' id='word_1_293' title='bbox 1155 1825 1208 1877; x_wconf 81' lang='lat' dir='ltr'><strong>dut</strong></span> <span class='ocrx_word' id='word_1_294' title='bbox 1223 1823 1246 1878; x_wconf 91' lang='lat' dir='ltr'><strong>si</strong></span> <span class='ocrx_word' id='word_1_295' title='bbox 1266 1825 1329 1895; x_wconf 91' lang='lat' dir='ltr'><strong>quid</strong></span> <span class='ocrx_word' id='word_1_296' title='bbox 1351 1824 1425 1881; x_wconf 91' lang='lat' dir='ltr'><strong>aliud</strong></span> <span class='ocrx_word' id='word_1_297' title='bbox 1447 1825 1549 1881; x_wconf 86' lang='lat' dir='ltr'><strong>uidisse</strong></span> <span class='ocrx_word' id='word_1_298' title='bbox 1568 1824 1716 1897; x_wconf 87' lang='lat' dir='ltr'><strong>tingamus,</strong></span> 
     </span>
     <span class='ocr_line' id='line_1_48' title="bbox 921 1909 1716 1986; baseline 0.006 -22"><span class='ocrx_word' id='word_1_299' title='bbox 921 1909 1008 1979; x_wconf 85' lang='lat' dir='ltr'><strong>potuit</strong></span> <span class='ocrx_word' id='word_1_300' title='bbox 1024 1910 1119 1965; x_wconf 87' lang='lat' dir='ltr'><strong>videre</strong></span> <span class='ocrx_word' id='word_1_301' title='bbox 1134 1910 1234 1983; x_wconf 87' lang='lat' dir='ltr'><strong>pileum</strong></span> <span class='ocrx_word' id='word_1_302' title='bbox 1257 1914 1315 1969; x_wconf 85' lang='lat' dir='ltr'><strong>sive</strong></span> <span class='ocrx_word' id='word_1_303' title='bbox 1343 1914 1471 1986; x_wconf 83' lang='lat' dir='ltr'><strong>corrigiae</strong></span> <span class='ocrx_word' id='word_1_304' title='bbox 1499 1913 1612 1979; x_wconf 90' lang='lat' dir='ltr'><strong>nodum,</strong></span> <span class='ocrx_word' id='word_1_305' title='bbox 1641 1912 1716 1969; x_wconf 85' lang='lat' dir='ltr'><strong>illius</strong></span> 
     </span>
     <span class='ocr_line' id='line_1_49' title="bbox 920 1999 1715 2074; baseline 0.006 -22"><span class='ocrx_word' id='word_1_306' title='bbox 920 1999 1024 2053; x_wconf 91' lang='lat' dir='ltr'><strong>scilicet</strong></span> <span class='ocrx_word' id='word_1_307' title='bbox 1039 2014 1148 2055; x_wconf 82' lang='lat' dir='ltr'><strong>coronae</strong></span> <span class='ocrx_word' id='word_1_308' title='bbox 1164 2016 1245 2070; x_wconf 91' lang='lat' dir='ltr'><strong>quam</strong></span> <span class='ocrx_word' id='word_1_309' title='bbox 1261 2017 1311 2057; x_wconf 83' lang='lat' dir='ltr'><strong>sos</strong></span> <span class='ocrx_word' id='word_1_310' title='bbox 1325 2001 1414 2056; x_wconf 89' lang='lat' dir='ltr'><strong>dicitis</strong></span> <span class='ocrx_word' id='word_1_311' title='bbox 1434 2001 1575 2074; x_wconf 88' lang='lat' dir='ltr'><strong>angelum,</strong></span> <span class='ocrx_word' id='word_1_312' title='bbox 1604 2001 1715 2057; x_wconf 89' lang='lat' dir='ltr'><strong>nomine</strong></span> 
     </span>
    </p>
   </div>
   <div class='ocr_carea' id='block_1_19' title="bbox 915 2094 1716 2643">
    <p class='ocr_par' dir='ltr' id='par_1_21' title="bbox 919 2094 1716 2275">
     <span class='ocr_line' id='line_1_50' title="bbox 919 2094 1624 2169; baseline 0.003 -21"><span class='ocrx_word' id='word_1_313' title='bbox 919 2094 1059 2160; x_wconf 88' lang='lat' dir='ltr'><strong>llitraton,</strong></span> <span class='ocrx_word' id='word_1_314' title='bbox 1076 2094 1192 2167; x_wconf 86' lang='lat' dir='ltr'><strong>singulis</strong></span> <span class='ocrx_word' id='word_1_315' title='bbox 1203 2096 1298 2150; x_wconf 89' lang='lat' dir='ltr'><strong>diebus</strong></span> <span class='ocrx_word' id='word_1_316' title='bbox 1313 2097 1393 2168; x_wconf 91' lang='lat' dir='ltr'><strong>capiti</strong></span> <span class='ocrx_word' id='word_1_317' title='bbox 1407 2096 1457 2152; x_wconf 92' lang='lat' dir='ltr'><strong>Dei</strong></span> <span class='ocrx_word' id='word_1_318' title='bbox 1472 2097 1624 2169; x_wconf 85' lang='lat' dir='ltr'><strong>imponere.</strong></span> 
     </span>
     <span class='ocr_line' id='line_1_51' title="bbox 953 2201 1716 2275; baseline 0.004 -20"><span class='ocrx_word' id='word_1_319' title='bbox 953 2202 1080 2257; x_wconf 84' lang='lat' dir='ltr'><strong>llorsss.</strong></span> <span class='ocrx_word' id='word_1_320' title='bbox 1093 2203 1228 2258; x_wconf 89' lang='lat' dir='ltr'><strong>Doctores</strong></span> <span class='ocrx_word' id='word_1_321' title='bbox 1242 2203 1335 2274; x_wconf 90' lang='lat' dir='ltr'><strong>utique</strong></span> <span class='ocrx_word' id='word_1_322' title='bbox 1350 2203 1444 2271; x_wconf 88' lang='lat' dir='ltr'><strong>nostri,</strong></span> <span class='ocrx_word' id='word_1_323' title='bbox 1458 2201 1524 2257; x_wconf 92' lang='lat' dir='ltr'><strong>illud</strong></span> <span class='ocrx_word' id='word_1_324' title='bbox 1553 2201 1625 2275; x_wconf 89' lang='lat' dir='ltr'><strong>quod</strong></span> <span class='ocrx_word' id='word_1_325' title='bbox 1649 2201 1716 2258; x_wconf 88' lang='lat' dir='ltr'><strong>vidit</strong></span> 
     </span>
    </p>

    <p class='ocr_par' dir='ltr' id='par_1_22' title="bbox 917 2290 1714 2363">
     <span class='ocr_line' id='line_1_52' title="bbox 917 2290 1714 2363; baseline 0 -17"><span class='ocrx_word' id='word_1_326' title='bbox 917 2290 1046 2363; x_wconf 85' lang='lat' dir='ltr'><strong>corrigiae</strong></span> <span class='ocrx_word' id='word_1_327' title='bbox 1059 2291 1161 2346; x_wconf 90' lang='lat' dir='ltr'><strong>nodum</strong></span> <span class='ocrx_word' id='word_1_328' title='bbox 1175 2292 1341 2348; x_wconf 90' lang='lat' dir='ltr'><strong>contendunt</strong></span> <span class='ocrx_word' id='word_1_329' title='bbox 1355 2291 1438 2348; x_wconf 88' lang='lat' dir='ltr'><strong>luisse</strong></span> <span class='ocrx_word' id='word_1_330' title='bbox 1454 2308 1461 2346; x_wconf 75' lang='grc' dir='ltr'>ε</span> <span class='ocrx_word' id='word_1_331' title='bbox 1485 2292 1602 2362; x_wconf 91' lang='lat' dir='ltr'><strong>ideoque</strong></span> <span class='ocrx_word' id='word_1_332' title='bbox 1626 2292 1714 2347; x_wconf 88' lang='lat' dir='ltr'><strong>Deum</strong></span> 
     </span>
    </p>

    <p class='ocr_par' dir='ltr' id='par_1_23' title="bbox 915 2390 1716 2462">
     <span class='ocr_line' id='line_1_53' title="bbox 915 2390 1716 2462; baseline 0.004 -18"><span class='ocrx_word' id='word_1_333' title='bbox 915 2390 1003 2462; x_wconf 84' lang='lat' dir='ltr'><strong>lloysi</strong></span> <span class='ocrx_word' id='word_1_334' title='bbox 1019 2392 1152 2447; x_wconf 87' lang='lat' dir='ltr'><strong>cervicem</strong></span> <span class='ocrx_word' id='word_1_335' title='bbox 1169 2398 1294 2446; x_wconf 86' lang='lat' dir='ltr'><strong>astruunt</strong></span> <span class='ocrx_word' id='word_1_336' title='bbox 1309 2391 1472 2458; x_wconf 88' lang='lat' dir='ltr'><strong>ostendisse,</strong></span> <span class='ocrx_word' id='word_1_337' title='bbox 1484 2390 1716 2448; x_wconf 87' lang='lat' dir='ltr'><strong>utillumuideret</strong></span> 
     </span>
    </p>

    <p class='ocr_par' dir='ltr' id='par_1_24' title="bbox 915 2479 1165 2549">
     <span class='ocr_line' id='line_1_54' title="bbox 915 2479 1165 2549; baseline -0.004 -16"><span class='ocrx_word' id='word_1_338' title='bbox 915 2479 1016 2534; x_wconf 89' lang='lat' dir='ltr'><strong>nodum</strong></span> <span class='ocrx_word' id='word_1_339' title='bbox 1032 2479 1165 2549; x_wconf 83' lang='lat' dir='ltr'><strong>corrigiae.</strong></span> 
     </span>
    </p>

    <p class='ocr_par' dir='ltr' id='par_1_25' title="bbox 916 2585 1707 2643">
     <span class='ocr_line' id='line_1_55' title="bbox 916 2585 1707 2643; baseline 0.004 -4"><span class='ocrx_word' id='word_1_340' title='bbox 916 2610 919 2615; x_wconf 57' lang='lat'><strong><em>¹</em></strong></span> <span class='ocrx_word' id='word_1_341' title='bbox 949 2585 1071 2641; x_wconf 84' lang='lat' dir='ltr'><strong>Parnes.</strong></span> <span class='ocrx_word' id='word_1_342' title='bbox 1091 2587 1130 2641; x_wconf 91' lang='lat' dir='ltr'><strong>lta</strong></span> <span class='ocrx_word' id='word_1_343' title='bbox 1145 2602 1205 2642; x_wconf 88' lang='lat' dir='ltr'><strong>esse</strong></span> <span class='ocrx_word' id='word_1_344' title='bbox 1219 2596 1250 2642; x_wconf 95' lang='lat' dir='ltr'><strong>ut</strong></span> <span class='ocrx_word' id='word_1_345' title='bbox 1263 2587 1363 2642; x_wconf 89' lang='lat' dir='ltr'><strong>asseris</strong></span> <span class='ocrx_word' id='word_1_346' title='bbox 1376 2587 1410 2642; x_wconf 91' lang='lat' dir='ltr'><strong>ad</strong></span> <span class='ocrx_word' id='word_1_347' title='bbox 1430 2586 1468 2642; x_wconf 94' lang='lat' dir='ltr'><strong>tui</strong></span> <span class='ocrx_word' id='word_1_348' title='bbox 1491 2585 1707 2643; x_wconf 88' lang='lat' dir='ltr'><strong>destructionem</strong></span> 
     </span>
    </p>
   </div>
   <div class='ocr_carea' id='block_1_20' title="bbox 912 2684 1713 2933">
    <p class='ocr_par' dir='ltr' id='par_1_26' title="bbox 912 2684 1713 2933">
     <span class='ocr_line' id='line_1_56' title="bbox 913 2684 1712 2755; baseline 0 -16"><span class='ocrx_word' id='word_1_349' title='bbox 913 2684 1109 2739; x_wconf 87' lang='lat' dir='ltr'><strong>concedamus.</strong></span> <span class='ocrx_word' id='word_1_350' title='bbox 1128 2685 1189 2738; x_wconf 89' lang='lat' dir='ltr'><strong>Nan</strong></span> <span class='ocrx_word' id='word_1_351' title='bbox 1204 2686 1355 2755; x_wconf 77' lang='lat' dir='ltr'><strong>utlloysen</strong></span> <span class='ocrx_word' id='word_1_352' title='bbox 1376 2684 1451 2740; x_wconf 89' lang='lat' dir='ltr'><strong>illurn</strong></span> <span class='ocrx_word' id='word_1_353' title='bbox 1475 2700 1585 2741; x_wconf 77' lang='lat' dir='ltr'><strong>coronae</strong></span> <span class='ocrx_word' id='word_1_354' title='bbox 1607 2684 1712 2740; x_wconf 87' lang='lat' dir='ltr'><strong>nodum</strong></span> 
     </span>
     <span class='ocr_line' id='line_1_57' title="bbox 912 2771 1713 2843; baseline -0.002 -16"><span class='ocrx_word' id='word_1_355' title='bbox 912 2771 1014 2827; x_wconf 88' lang='lat' dir='ltr'><strong>vidisse</strong></span> <span class='ocrx_word' id='word_1_356' title='bbox 1027 2772 1200 2836; x_wconf 82' lang='lat' dir='ltr'><strong>mentiamur,</strong></span> <span class='ocrx_word' id='word_1_357' title='bbox 1216 2788 1275 2828; x_wconf 88' lang='lat' dir='ltr'><strong>cum</strong></span> <span class='ocrx_word' id='word_1_358' title='bbox 1291 2773 1349 2843; x_wconf 89' lang='lat' dir='ltr'><strong>ejus</strong></span> <span class='ocrx_word' id='word_1_359' title='bbox 1363 2772 1460 2827; x_wconf 81' lang='lat' dir='ltr'><strong>faciem</strong></span> <span class='ocrx_word' id='word_1_360' title='bbox 1475 2772 1629 2828; x_wconf 88' lang='lat' dir='ltr'><strong>nullatenus</strong></span> <span class='ocrx_word' id='word_1_361' title='bbox 1637 2771 1713 2826; x_wconf 90' lang='lat' dir='ltr'><strong>vide·</strong></span> 
     </span>
     <span class='ocr_line' id='line_1_58' title="bbox 912 2860 1705 2933; baseline 0.003 -19"><span class='ocrx_word' id='word_1_362' title='bbox 912 2860 957 2929; x_wconf 88' lang='lat' dir='ltr'><strong>rit,</strong></span> <span class='ocrx_word' id='word_1_363' title='bbox 975 2862 1045 2916; x_wconf 92' lang='lat' dir='ltr'><strong>unde</strong></span> <span class='ocrx_word' id='word_1_364' title='bbox 1061 2862 1147 2916; x_wconf 92' lang='lat' dir='ltr'><strong>Deum</strong></span> <span class='ocrx_word' id='word_1_365' title='bbox 1157 2861 1275 2932; x_wconf 88' lang='lat' dir='ltr'><strong>pixidem</strong></span> <span class='ocrx_word' id='word_1_366' title='bbox 1299 2860 1327 2915; x_wconf 91' lang='lat' dir='ltr'><strong>in</strong></span> <span class='ocrx_word' id='word_1_367' title='bbox 1354 2861 1483 2916; x_wconf 89' lang='lat' dir='ltr'><strong>anteriori</strong></span> <span class='ocrx_word' id='word_1_368' title='bbox 1501 2861 1599 2933; x_wconf 89' lang='lat' dir='ltr'><strong>cupitis</strong></span> <span class='ocrx_word' id='word_1_369' title='bbox 1625 2867 1705 2932; x_wconf 84' lang='lat' dir='ltr'><strong>parte</strong></span> 
     </span>
    </p>
   </div>
   <div class='ocr_carea' id='block_1_21' title="bbox 57 2957 1186 3085">
    <p class='ocr_par' dir='ltr' id='par_1_27' title="bbox 57 2957 1186 3085">
     <span class='ocr_line' id='line_1_59' title="bbox 57 2957 1186 3085; baseline 0 -54"><span class='ocrx_word' id='word_1_370' title='bbox 57 2986 136 3048; x_wconf 86' lang='lat' dir='ltr'><strong>perte</strong></span> <span class='ocrx_word' id='word_1_371' title='bbox 148 2979 397 3046; x_wconf 76' lang='lat' dir='ltr'><strong>vestraedoetrince,</strong></span> <span class='ocrx_word' id='word_1_372' title='bbox 426 2981 502 3049; x_wconf 83' lang='lat' dir='ltr'><strong>cujus</strong></span> <span class='ocrx_word' id='word_1_373' title='bbox 526 2983 686 3037; x_wconf 87' lang='lat' dir='ltr'><strong>vocabulum</strong></span> <span class='ocrx_word' id='word_1_374' title='bbox 711 2990 753 3037; x_wconf 90' lang='lat' dir='ltr'><strong>est</strong></span> <span class='ocrx_word' id='word_1_375' title='bbox 775 2984 856 3039; x_wconf 86' lang='lat' dir='ltr'><strong>bene·</strong></span> <span class='ocrx_word' id='word_1_376' title='bbox 870 3020 895 3085; x_wconf 74' lang='lat' dir='ltr'>C</span> <span class='ocrx_word' id='word_1_377' title='bbox 911 2964 1020 3028; x_wconf 60' lang='lat' dir='ltr'><strong>3⁰⁸²⁸f⁶</strong></span> <span class='ocrx_word' id='word_1_378' title='bbox 1035 2957 1186 3027; x_wconf 51' lang='grc' dir='ltr'><strong>ΡΓΟῙἈΝῙῑτ</strong></span> 
     </span>
    </p>
   </div>
   <div class='ocr_carea' id='block_1_22' title="bbox 56 3065 856 3321">
    <p class='ocr_par' dir='ltr' id='par_1_28' title="bbox 56 3065 856 3321">
     <span class='ocr_line' id='line_1_60' title="bbox 57 3065 856 3140; baseline 0.009 -20"><span class='ocrx_word' id='word_1_379' title='bbox 57 3065 203 3122; x_wconf 91' lang='lat' dir='ltr'><strong>dictiones.</strong></span> <span class='ocrx_word' id='word_1_380' title='bbox 216 3067 246 3122; x_wconf 93' lang='lat' dir='ltr'><strong>Si</strong></span> <span class='ocrx_word' id='word_1_381' title='bbox 259 3067 342 3137; x_wconf 88' lang='lat' dir='ltr'><strong>igitur</strong></span> <span class='ocrx_word' id='word_1_382' title='bbox 356 3068 476 3124; x_wconf 72' lang='lat' dir='ltr'><strong>r&#39;isscire</strong></span> <span class='ocrx_word' id='word_1_383' title='bbox 487 3071 623 3140; x_wconf 78' lang='lat' dir='ltr'><strong>utromodo</strong></span> <span class='ocrx_word' id='word_1_384' title='bbox 633 3071 760 3126; x_wconf 88' lang='lat' dir='ltr'><strong>dixerunt</strong></span> <span class='ocrx_word' id='word_1_385' title='bbox 770 3073 856 3127; x_wconf 92' lang='lat' dir='ltr'><strong>Deum</strong></span> 
     </span>
     <span class='ocr_line' id='line_1_61' title="bbox 56 3153 856 3233; baseline 0.011 -26"><span class='ocrx_word' id='word_1_386' title='bbox 56 3153 162 3209; x_wconf 90' lang='lat' dir='ltr'><strong>habere</strong></span> <span class='ocrx_word' id='word_1_387' title='bbox 176 3164 259 3227; x_wconf 89' lang='lat' dir='ltr'><strong>caput</strong></span> <span class='ocrx_word' id='word_1_388' title='bbox 273 3164 298 3210; x_wconf 93' lang='lat' dir='ltr'><strong>et</strong></span> <span class='ocrx_word' id='word_1_389' title='bbox 313 3156 435 3222; x_wconf 89' lang='lat' dir='ltr'><strong>brachia,</strong></span> <span class='ocrx_word' id='word_1_390' title='bbox 451 3165 478 3213; x_wconf 89' lang='lat' dir='ltr'><strong>et</strong></span> <span class='ocrx_word' id='word_1_391' title='bbox 496 3158 522 3211; x_wconf 93' lang='lat' dir='ltr'><strong>in</strong></span> <span class='ocrx_word' id='word_1_392' title='bbox 538 3159 650 3215; x_wconf 76' lang='lat' dir='ltr'><strong>caesarie</strong></span> <span class='ocrx_word' id='word_1_393' title='bbox 664 3160 783 3230; x_wconf 86' lang='lat' dir='ltr'><strong>pixidem</strong></span> <span class='ocrx_word' id='word_1_394' title='bbox 807 3177 856 3233; x_wconf 90' lang='lat' dir='ltr'><strong>ge·</strong></span> 
     </span>
     <span class='ocr_line' id='line_1_62' title="bbox 56 3243 856 3321; baseline 0.009 -24"><span class='ocrx_word' id='word_1_395' title='bbox 56 3250 132 3299; x_wconf 85' lang='lat' dir='ltr'><strong>stare</strong></span> <span class='ocrx_word' id='word_1_396' title='bbox 146 3243 261 3316; x_wconf 88' lang='lat' dir='ltr'><strong>ligatum</strong></span> <span class='ocrx_word' id='word_1_397' title='bbox 275 3244 402 3315; x_wconf 85' lang='lat' dir='ltr'><strong>corrigia,</strong></span> <span class='ocrx_word' id='word_1_398' title='bbox 416 3244 558 3317; x_wconf 88' lang='lat' dir='ltr'><strong>ipsiusque</strong></span> <span class='ocrx_word' id='word_1_399' title='bbox 573 3247 701 3321; x_wconf 73' lang='lat' dir='ltr'><strong>corrigiae</strong></span> <span class='ocrx_word' id='word_1_400' title='bbox 715 3249 816 3304; x_wconf 90' lang='lat' dir='ltr'><strong>nodum</strong></span> <span class='ocrx_word' id='word_1_401' title='bbox 838 3263 856 3304; x_wconf 85' lang='lat' dir='ltr'><strong>a</strong></span> 
     </span>
    </p>
   </div>
   <div class='ocr_carea' id='block_1_23' title="bbox 52 3341 855 4016">
    <p class='ocr_par' dir='ltr' id='par_1_29' title="bbox 52 3341 855 4016">
     <span class='ocr_line' id='line_1_63' title="bbox 55 3341 855 3412; baseline 0.011 -18"><span class='ocrx_word' id='word_1_402' title='bbox 55 3348 168 3410; x_wconf 89' lang='lat' dir='ltr'><strong>postera</strong></span> <span class='ocrx_word' id='word_1_403' title='bbox 184 3341 281 3411; x_wconf 92' lang='lat' dir='ltr'><strong>eapitis</strong></span> <span class='ocrx_word' id='word_1_404' title='bbox 296 3350 375 3412; x_wconf 92' lang='lat' dir='ltr'><strong>parte</strong></span> <span class='ocrx_word' id='word_1_405' title='bbox 390 3342 441 3396; x_wconf 87' lang='lat' dir='ltr'><strong>sub</strong></span> <span class='ocrx_word' id='word_1_406' title='bbox 465 3344 582 3399; x_wconf 86' lang='lat' dir='ltr'><strong>cerebro</strong></span> <span class='ocrx_word' id='word_1_407' title='bbox 606 3343 754 3412; x_wconf 83' lang='lat' dir='ltr'><strong>firmatum,</strong></span> <span class='ocrx_word' id='word_1_408' title='bbox 782 3347 855 3404; x_wconf 90' lang='lat' dir='ltr'><strong>intra</strong></span> 
     </span>
     <span class='ocr_line' id='line_1_64' title="bbox 56 3427 853 3500; baseline 0.013 -20"><span class='ocrx_word' id='word_1_409' title='bbox 56 3427 177 3497; x_wconf 78' lang='lat' dir='ltr'><strong>pixidem</strong></span> <span class='ocrx_word' id='word_1_410' title='bbox 191 3443 259 3484; x_wconf 88' lang='lat' dir='ltr'><strong>uero</strong></span> <span class='ocrx_word' id='word_1_411' title='bbox 273 3437 389 3500; x_wconf 87' lang='lat' dir='ltr'><strong>quatuor</strong></span> <span class='ocrx_word' id='word_1_412' title='bbox 404 3445 465 3485; x_wconf 89' lang='lat' dir='ltr'><strong>esse</strong></span> <span class='ocrx_word' id='word_1_413' title='bbox 480 3431 609 3496; x_wconf 85' lang='lat' dir='ltr'><strong>cartulas,</strong></span> <span class='ocrx_word' id='word_1_414' title='bbox 625 3432 781 3489; x_wconf 81' lang='lat' dir='ltr'><strong>ludaeorum</strong></span> <span class='ocrx_word' id='word_1_415' title='bbox 797 3436 853 3491; x_wconf 91' lang='lat' dir='ltr'><strong>lau·</strong></span> 
     </span>
     <span class='ocr_line' id='line_1_65' title="bbox 55 3515 853 3584; baseline 0.01 -13"><span class='ocrx_word' id='word_1_416' title='bbox 55 3515 105 3571; x_wconf 90' lang='lat' dir='ltr'><strong>des</strong></span> <span class='ocrx_word' id='word_1_417' title='bbox 119 3518 303 3584; x_wconf 87' lang='lat' dir='ltr'><strong>continentes,</strong></span> <span class='ocrx_word' id='word_1_418' title='bbox 320 3519 347 3571; x_wconf 90' lang='lat' dir='ltr'><strong>in</strong></span> <span class='ocrx_word' id='word_1_419' title='bbox 365 3533 471 3574; x_wconf 89' lang='lat' dir='ltr'><strong>summo</strong></span> <span class='ocrx_word' id='word_1_420' title='bbox 500 3528 590 3574; x_wconf 90' lang='lat' dir='ltr'><strong>autern</strong></span> <span class='ocrx_word' id='word_1_421' title='bbox 618 3522 720 3576; x_wconf 91' lang='lat' dir='ltr'><strong>sinistri</strong></span> <span class='ocrx_word' id='word_1_422' title='bbox 748 3526 853 3579; x_wconf 75' lang='lat' dir='ltr'><strong>brachii</strong></span> 
     </span>
     <span class='ocr_line' id='line_1_66' title="bbox 53 3606 851 3684; baseline 0.011 -26"><span class='ocrx_word' id='word_1_423' title='bbox 53 3614 181 3676; x_wconf 85' lang='lat' dir='ltr'><strong>gestares</strong></span> <span class='ocrx_word' id='word_1_424' title='bbox 192 3606 273 3660; x_wconf 88' lang='lat' dir='ltr'><strong>eliam</strong></span> <span class='ocrx_word' id='word_1_425' title='bbox 282 3606 499 3677; x_wconf 89' lang='lat' dir='ltr'><strong>pixidem,simili</strong></span> <span class='ocrx_word' id='word_1_426' title='bbox 512 3609 719 3682; x_wconf 86' lang='lat' dir='ltr'><strong>modoeorrigia</strong></span> <span class='ocrx_word' id='word_1_427' title='bbox 729 3611 851 3684; x_wconf 88' lang='lat' dir='ltr'><strong>ligatam,</strong></span> 
     </span>
     <span class='ocr_line' id='line_1_67' title="bbox 53 3695 853 3771; baseline 0.009 -20"><span class='ocrx_word' id='word_1_428' title='bbox 53 3697 233 3765; x_wconf 83' lang='lat' dir='ltr'><strong>chartamque</strong></span> <span class='ocrx_word' id='word_1_429' title='bbox 247 3695 284 3749; x_wconf 89' lang='lat' dir='ltr'><strong>ibi</strong></span> <span class='ocrx_word' id='word_1_430' title='bbox 300 3709 361 3750; x_wconf 90' lang='lat' dir='ltr'><strong>esse</strong></span> <span class='ocrx_word' id='word_1_431' title='bbox 375 3697 557 3751; x_wconf 80' lang='lat' dir='ltr'><strong>coritinentem</strong></span> <span class='ocrx_word' id='word_1_432' title='bbox 572 3712 669 3753; x_wconf 91' lang='lat' dir='ltr'><strong>omnes</strong></span> <span class='ocrx_word' id='word_1_433' title='bbox 685 3700 853 3771; x_wconf 77' lang='lat' dir='ltr'><strong>laudesque</strong></span> 
     </span>
     <span class='ocr_line' id='line_1_68' title="bbox 52 3782 853 3854; baseline 0.011 -16"><span class='ocrx_word' id='word_1_434' title='bbox 52 3783 79 3838; x_wconf 92' lang='lat' dir='ltr'><strong>in</strong></span> <span class='ocrx_word' id='word_1_435' title='bbox 95 3782 235 3854; x_wconf 77' lang='lat' dir='ltr'><strong>praedictis</strong></span> <span class='ocrx_word' id='word_1_436' title='bbox 247 3792 361 3853; x_wconf 88' lang='lat' dir='ltr'><strong>quotuor</strong></span> <span class='ocrx_word' id='word_1_437' title='bbox 374 3784 482 3854; x_wconf 82' lang='lat' dir='ltr'><strong>scriptae</strong></span> <span class='ocrx_word' id='word_1_438' title='bbox 497 3785 636 3840; x_wconf 88' lang='lat' dir='ltr'><strong>dicuntur.</strong></span> <span class='ocrx_word' id='word_1_439' title='bbox 651 3787 783 3844; x_wconf 80' lang='lat' dir='ltr'><strong>concedis</strong></span> <span class='ocrx_word' id='word_1_440' title='bbox 795 3790 853 3847; x_wconf 84' lang='lat' dir='ltr'><strong>haeo</strong></span> 
     </span>
     <span class='ocr_line' id='line_1_69' title="bbox 53 3871 846 3948; baseline 0.005 -19"><span class='ocrx_word' id='word_1_441' title='bbox 53 3873 146 3929; x_wconf 90' lang='lat' dir='ltr'><strong>omnia</strong></span> <span class='ocrx_word' id='word_1_442' title='bbox 161 3872 189 3925; x_wconf 91' lang='lat' dir='ltr'><strong>in</strong></span> <span class='ocrx_word' id='word_1_443' title='bbox 203 3887 236 3926; x_wconf 90' lang='lat' dir='ltr'><strong>eo</strong></span> <span class='ocrx_word' id='word_1_444' title='bbox 252 3888 331 3943; x_wconf 90' lang='lat' dir='ltr'><strong>quem</strong></span> <span class='ocrx_word' id='word_1_445' title='bbox 347 3872 402 3926; x_wconf 81' lang='lat' dir='ltr'><strong>dixi</strong></span> <span class='ocrx_word' id='word_1_446' title='bbox 418 3871 479 3928; x_wconf 92' lang='lat' dir='ltr'><strong>loco</strong></span> <span class='ocrx_word' id='word_1_447' title='bbox 500 3874 552 3929; x_wconf 88' lang='lat' dir='ltr'><strong>troc</strong></span> <span class='ocrx_word' id='word_1_448' title='bbox 573 3876 654 3931; x_wconf 92' lang='lat' dir='ltr'><strong>modo</strong></span> <span class='ocrx_word' id='word_1_449' title='bbox 680 3877 780 3948; x_wconf 85' lang='lat' dir='ltr'><strong>scripta</strong></span> <span class='ocrx_word' id='word_1_450' title='bbox 801 3879 846 3933; x_wconf 88' lang='lat' dir='ltr'><strong>he·</strong></span> 
     </span>
     <span class='ocr_line' id='line_1_70' title="bbox 52 3961 142 4016; baseline -0.011 0"><span class='ocrx_word' id='word_1_451' title='bbox 52 3961 113 4016; x_wconf 89' lang='lat' dir='ltr'><strong>beri</strong></span> <span class='ocrx_word' id='word_1_452' title='bbox 127 3962 142 4015; x_wconf 81' lang='lat' dir='ltr'><strong>t</strong></span> 
     </span>
    </p>
   </div>
   <div class='ocr_carea' id='block_1_24' title="bbox 48 4062 852 5295">
    <p class='ocr_par' dir='ltr' id='par_1_30' title="bbox 85 4062 744 4136">
     <span class='ocr_line' id='line_1_71' title="bbox 85 4062 744 4136; baseline 0.008 -19"><span class='ocrx_word' id='word_1_453' title='bbox 85 4064 212 4119; x_wconf 83' lang='lat' dir='ltr'><strong>llctsus.</strong></span> <span class='ocrx_word' id='word_1_454' title='bbox 232 4062 338 4134; x_wconf 79' lang='lat' dir='ltr'><strong>Negare</strong></span> <span class='ocrx_word' id='word_1_455' title='bbox 353 4063 425 4134; x_wconf 89' lang='lat' dir='ltr'><strong>qnod</strong></span> <span class='ocrx_word' id='word_1_456' title='bbox 440 4070 481 4117; x_wconf 91' lang='lat' dir='ltr'><strong>est</strong></span> <span class='ocrx_word' id='word_1_457' title='bbox 496 4064 609 4119; x_wconf 82' lang='lat' dir='ltr'><strong>evidens</strong></span> <span class='ocrx_word' id='word_1_458' title='bbox 623 4081 744 4136; x_wconf 88' lang='lat' dir='ltr'><strong>nequeo.</strong></span> 
     </span>
    </p>

    <p class='ocr_par' dir='ltr' id='par_1_31' title="bbox 52 4150 852 4296">
     <span class='ocr_line' id='line_1_72' title="bbox 88 4150 852 4225; baseline 0.009 -19"><span class='ocrx_word' id='word_1_459' title='bbox 88 4153 214 4207; x_wconf 81' lang='lat' dir='ltr'><strong>Passus.</strong></span> <span class='ocrx_word' id='word_1_460' title='bbox 234 4150 322 4222; x_wconf 78' lang='lat' dir='ltr'><strong>Quam</strong></span> <span class='ocrx_word' id='word_1_461' title='bbox 338 4167 421 4223; x_wconf 90' lang='lat' dir='ltr'><strong>super</strong></span> <span class='ocrx_word' id='word_1_462' title='bbox 437 4152 486 4208; x_wconf 86' lang='lat' dir='ltr'><strong>lrac</strong></span> <span class='ocrx_word' id='word_1_463' title='bbox 504 4168 541 4219; x_wconf 91' lang='lat' dir='ltr'><strong>re,</strong></span> <span class='ocrx_word' id='word_1_464' title='bbox 558 4169 660 4225; x_wconf 75' lang='lat' dir='ltr'><strong>quaeso,</strong></span> <span class='ocrx_word' id='word_1_465' title='bbox 684 4156 785 4212; x_wconf 86' lang='lat' dir='ltr'><strong>hahent</strong></span> <span class='ocrx_word' id='word_1_466' title='bbox 804 4173 852 4213; x_wconf 91' lang='lat' dir='ltr'><strong>au·</strong></span> 
     </span>
     <span class='ocr_line' id='line_1_73' title="bbox 52 4240 238 4296; baseline -0.005 -1"><span class='ocrx_word' id='word_1_467' title='bbox 52 4240 238 4296; x_wconf 82' lang='lat' dir='ltr'><strong>ctoritatem‘i</strong></span> 
     </span>
    </p>

    <p class='ocr_par' dir='ltr' id='par_1_32' title="bbox 48 4328 850 5295">
     <span class='ocr_line' id='line_1_74' title="bbox 87 4328 850 4403; baseline 0.013 -21"><span class='ocrx_word' id='word_1_468' title='bbox 87 4329 215 4384; x_wconf 83' lang='lat' dir='ltr'><strong>lloxsrss.</strong></span> <span class='ocrx_word' id='word_1_469' title='bbox 235 4329 274 4384; x_wconf 89' lang='lat' dir='ltr'><strong>De</strong></span> <span class='ocrx_word' id='word_1_470' title='bbox 289 4328 382 4398; x_wconf 88' lang='lat' dir='ltr'><strong>pixide</strong></span> <span class='ocrx_word' id='word_1_471' title='bbox 398 4345 477 4400; x_wconf 85' lang='lat' dir='ltr'><strong>quarn</strong></span> <span class='ocrx_word' id='word_1_472' title='bbox 492 4337 582 4403; x_wconf 89' lang='lat' dir='ltr'><strong>gestat</strong></span> <span class='ocrx_word' id='word_1_473' title='bbox 595 4331 622 4385; x_wconf 92' lang='lat' dir='ltr'><strong>in</strong></span> <span class='ocrx_word' id='word_1_474' title='bbox 637 4332 761 4398; x_wconf 76' lang='lat' dir='ltr'><strong>caesarie,</strong></span> <span class='ocrx_word' id='word_1_475' title='bbox 778 4342 803 4390; x_wconf 90' lang='lat' dir='ltr'><strong>et</strong></span> <span class='ocrx_word' id='word_1_476' title='bbox 814 4336 850 4392; x_wconf 92' lang='lat' dir='ltr'><strong>de</strong></span> 
     </span>
     <span class='ocr_line' id='line_1_75' title="bbox 49 4417 489 4489; baseline 0 -18"><span class='ocrx_word' id='word_1_477' title='bbox 49 4417 126 4472; x_wconf 87' lang='lat' dir='ltr'><strong>nodo</strong></span> <span class='ocrx_word' id='word_1_478' title='bbox 141 4417 278 4489; x_wconf 79' lang='lat' dir='ltr'><strong>corrigite,</strong></span> <span class='ocrx_word' id='word_1_479' title='bbox 301 4417 489 4472; x_wconf 85' lang='lat' dir='ltr'><strong>auctoritatem</strong></span> 
     </span>
     <span class='ocr_line' id='line_1_76' title="bbox 49 4504 850 4581; baseline 0.012 -22"><span class='ocrx_word' id='word_1_480' title='bbox 49 4504 113 4561; x_wconf 88' lang='lat' dir='ltr'><strong>loco</strong></span> <span class='ocrx_word' id='word_1_481' title='bbox 127 4505 173 4559; x_wconf 92' lang='lat' dir='ltr'><strong>ubi</strong></span> <span class='ocrx_word' id='word_1_482' title='bbox 189 4506 320 4561; x_wconf 85' lang='lat' dir='ltr'><strong>Dominus</strong></span> <span class='ocrx_word' id='word_1_483' title='bbox 334 4507 370 4559; x_wconf 90' lang='lat' dir='ltr'><strong>ait</strong></span> <span class='ocrx_word' id='word_1_484' title='bbox 383 4507 418 4560; x_wconf 89' lang='lat' dir='ltr'><strong>ad</strong></span> <span class='ocrx_word' id='word_1_485' title='bbox 430 4507 558 4575; x_wconf 66' lang='lat' dir='ltr'><strong>Moysen:</strong></span> <span class='ocrx_word' id='word_1_486' title='bbox 574 4507 679 4565; x_wconf 78' lang='lat' dir='ltr'><strong>l&#39;irlcdis</strong></span> <span class='ocrx_word' id='word_1_487' title='bbox 694 4514 850 4581; x_wconf 83' lang='lat' dir='ltr'><strong>posteriorc</strong></span> 
     </span>
     <span class='ocr_line' id='line_1_77' title="bbox 51 4596 845 4671; baseline 0.008 -21"><span class='ocrx_word' id='word_1_488' title='bbox 51 4611 127 4660; x_wconf 86' lang='lat' dir='ltr'><strong>mco,</strong></span> <span class='ocrx_word' id='word_1_489' title='bbox 138 4596 311 4664; x_wconf 74' lang='lat' dir='ltr'><strong>socicscnim</strong></span> <span class='ocrx_word' id='word_1_490' title='bbox 322 4611 384 4650; x_wconf 86' lang='lat' dir='ltr'><strong>rnen</strong></span> <span class='ocrx_word' id='word_1_491' title='bbox 396 4612 451 4649; x_wconf 81' lang='lat' dir='ltr'><strong>nora</strong></span> <span class='ocrx_word' id='word_1_492' title='bbox 464 4597 602 4652; x_wconf 79' lang='lat' dir='ltr'><strong>uidebitur</strong></span> <span class='ocrx_word' id='word_1_493' title='bbox 616 4599 714 4666; x_wconf 75' lang='lat' dir='ltr'><strong>(deod.</strong></span> <span class='ocrx_word' id='word_1_494' title='bbox 731 4604 845 4671; x_wconf 80' lang='lat' dir='ltr'><strong>xxxin).</strong></span> 
     </span>
     <span class='ocr_line' id='line_1_78' title="bbox 50 4682 849 4758; baseline 0.009 -21"><span class='ocrx_word' id='word_1_495' title='bbox 50 4682 129 4738; x_wconf 84' lang='lat' dir='ltr'><strong>Tunc</strong></span> <span class='ocrx_word' id='word_1_496' title='bbox 143 4686 215 4738; x_wconf 90' lang='lat' dir='ltr'><strong>enim</strong></span> <span class='ocrx_word' id='word_1_497' title='bbox 233 4685 341 4753; x_wconf 72' lang='lat' dir='ltr'><strong>lloyses</strong></span> <span class='ocrx_word' id='word_1_498' title='bbox 356 4683 457 4738; x_wconf 89' lang='lat' dir='ltr'><strong>nodum</strong></span> <span class='ocrx_word' id='word_1_499' title='bbox 481 4685 606 4758; x_wconf 74' lang='lat' dir='ltr'><strong>corrigie</strong></span> <span class='ocrx_word' id='word_1_500' title='bbox 630 4688 708 4742; x_wconf 79' lang='lat' dir='ltr'><strong>riuis.</strong></span> <span class='ocrx_word' id='word_1_501' title='bbox 741 4690 849 4744; x_wconf 90' lang='lat' dir='ltr'><strong>Nodum</strong></span> 
     </span>
     <span class='ocr_line' id='line_1_79' title="bbox 49 4772 848 4842; baseline 0.013 -17"><span class='ocrx_word' id='word_1_502' title='bbox 49 4779 142 4827; x_wconf 88' lang='lat' dir='ltr'><strong>autem</strong></span> <span class='ocrx_word' id='word_1_503' title='bbox 159 4772 247 4842; x_wconf 90' lang='lat' dir='ltr'><strong>ipsum</strong></span> <span class='ocrx_word' id='word_1_504' title='bbox 263 4772 378 4840; x_wconf 79' lang='lat' dir='ltr'><strong>alicujus</strong></span> <span class='ocrx_word' id='word_1_505' title='bbox 393 4772 495 4842; x_wconf 85' lang='lat' dir='ltr'><strong>pixidis</strong></span> <span class='ocrx_word' id='word_1_506' title='bbox 511 4790 572 4828; x_wconf 86' lang='lat' dir='ltr'><strong>esse</strong></span> <span class='ocrx_word' id='word_1_507' title='bbox 588 4777 772 4832; x_wconf 87' lang='lat' dir='ltr'><strong>necessarium</strong></span> <span class='ocrx_word' id='word_1_508' title='bbox 797 4787 848 4836; x_wconf 80' lang='lat' dir='ltr'><strong>est.</strong></span> 
     </span>
     <span class='ocr_line' id='line_1_80' title="bbox 49 4858 847 4934; baseline 0.011 -21"><span class='ocrx_word' id='word_1_509' title='bbox 49 4858 91 4914; x_wconf 90' lang='lat' dir='ltr'><strong>De</strong></span> <span class='ocrx_word' id='word_1_510' title='bbox 107 4873 142 4913; x_wconf 85' lang='lat' dir='ltr'><strong>ea</strong></span> <span class='ocrx_word' id='word_1_511' title='bbox 155 4867 245 4914; x_wconf 87' lang='lat' dir='ltr'><strong>autem</strong></span> <span class='ocrx_word' id='word_1_512' title='bbox 261 4874 343 4930; x_wconf 90' lang='lat' dir='ltr'><strong>quem</strong></span> <span class='ocrx_word' id='word_1_513' title='bbox 358 4867 446 4931; x_wconf 86' lang='lat' dir='ltr'><strong>gestat</strong></span> <span class='ocrx_word' id='word_1_514' title='bbox 461 4859 487 4913; x_wconf 92' lang='lat' dir='ltr'><strong>in</strong></span> <span class='ocrx_word' id='word_1_515' title='bbox 511 4862 624 4917; x_wconf 87' lang='lat' dir='ltr'><strong>bruchio</strong></span> <span class='ocrx_word' id='word_1_516' title='bbox 648 4865 847 4934; x_wconf 81' lang='lat' dir='ltr'><strong>summitatem,</strong></span> 
     </span>
     <span class='ocr_line' id='line_1_81' title="bbox 49 4954 849 5027; baseline 0.014 -19"><span class='ocrx_word' id='word_1_517' title='bbox 49 4954 188 5027; x_wconf 80' lang='lat' dir='ltr'><strong>profertur</strong></span> <span class='ocrx_word' id='word_1_518' title='bbox 206 4957 242 5010; x_wconf 89' lang='lat' dir='ltr'><strong>ab</strong></span> <span class='ocrx_word' id='word_1_519' title='bbox 270 4957 338 5010; x_wconf 86' lang='lat' dir='ltr'><strong>lsaia</strong></span> <span class='ocrx_word' id='word_1_520' title='bbox 366 4957 496 5012; x_wconf 89' lang='lat' dir='ltr'><strong>dicente:</strong></span> <span class='ocrx_word' id='word_1_521' title='bbox 526 4960 638 5015; x_wconf 75' lang='lat' dir='ltr'><strong>Iuravit</strong></span> <span class='ocrx_word' id='word_1_522' title='bbox 660 4961 794 5018; x_wconf 81' lang='lat' dir='ltr'><strong>Dominus</strong></span> <span class='ocrx_word' id='word_1_523' title='bbox 816 4965 849 5019; x_wconf 86' lang='lat' dir='ltr'><strong>in</strong></span> 
     </span>
     <span class='ocr_line' id='line_1_82' title="bbox 50 5045 847 5122; baseline 0.005 -22"><span class='ocrx_word' id='word_1_524' title='bbox 50 5045 156 5101; x_wconf 75' lang='lat' dir='ltr'><strong>dextro</strong></span> <span class='ocrx_word' id='word_1_525' title='bbox 167 5062 229 5111; x_wconf 83' lang='lat' dir='ltr'><strong>sao,</strong></span> <span class='ocrx_word' id='word_1_526' title='bbox 246 5051 272 5100; x_wconf 87' lang='lat' dir='ltr'><strong>ct</strong></span> <span class='ocrx_word' id='word_1_527' title='bbox 285 5047 315 5101; x_wconf 85' lang='lat' dir='ltr'><strong>iu</strong></span> <span class='ocrx_word' id='word_1_528' title='bbox 326 5047 439 5102; x_wconf 80' lang='lat' dir='ltr'><strong>brcclciu</strong></span> <span class='ocrx_word' id='word_1_529' title='bbox 446 5048 629 5116; x_wconf 70' lang='lat' dir='ltr'><strong>fortitudinis</strong></span> <span class='ocrx_word' id='word_1_530' title='bbox 637 5052 847 5122; x_wconf 71' lang='lat' dir='ltr'><strong>sucellsonxrt).</strong></span> 
     </span>
     <span class='ocr_line' id='line_1_83' title="bbox 49 5134 847 5211; baseline 0.009 -23"><span class='ocrx_word' id='word_1_531' title='bbox 49 5134 103 5189; x_wconf 89' lang='lat' dir='ltr'><strong>Per</strong></span> <span class='ocrx_word' id='word_1_532' title='bbox 118 5134 260 5189; x_wconf 88' lang='lat' dir='ltr'><strong>brachium</strong></span> <span class='ocrx_word' id='word_1_533' title='bbox 276 5134 348 5188; x_wconf 91' lang='lat' dir='ltr'><strong>enirn</strong></span> <span class='ocrx_word' id='word_1_534' title='bbox 377 5134 539 5188; x_wconf 82' lang='lat' dir='ltr'><strong>tortitudinis</strong></span> <span class='ocrx_word' id='word_1_535' title='bbox 562 5136 620 5189; x_wconf 79' lang='lat' dir='ltr'><strong>uult</strong></span> <span class='ocrx_word' id='word_1_536' title='bbox 640 5138 754 5211; x_wconf 84' lang='lat' dir='ltr'><strong>intelligi</strong></span> <span class='ocrx_word' id='word_1_537' title='bbox 777 5140 847 5195; x_wconf 90' lang='lat' dir='ltr'><strong>sini-</strong></span> 
     </span>
     <span class='ocr_line' id='line_1_84' title="bbox 48 5221 710 5295; baseline 0.006 -18"><span class='ocrx_word' id='word_1_538' title='bbox 48 5230 145 5288; x_wconf 85' lang='lat' dir='ltr'><strong>stram,</strong></span> <span class='ocrx_word' id='word_1_539' title='bbox 160 5222 187 5277; x_wconf 92' lang='lat' dir='ltr'><strong>in</strong></span> <span class='ocrx_word' id='word_1_540' title='bbox 203 5239 256 5295; x_wconf 88' lang='lat' dir='ltr'><strong>qna</strong></span> <span class='ocrx_word' id='word_1_541' title='bbox 270 5221 317 5277; x_wconf 88' lang='lat' dir='ltr'><strong>illa</strong></span> <span class='ocrx_word' id='word_1_542' title='bbox 330 5222 432 5292; x_wconf 85' lang='lat' dir='ltr'><strong>pixidis</strong></span> <span class='ocrx_word' id='word_1_543' title='bbox 448 5222 534 5278; x_wconf 83' lang='lat' dir='ltr'><strong>virtus</strong></span> <span class='ocrx_word' id='word_1_544' title='bbox 547 5225 710 5282; x_wconf 87' lang='lat' dir='ltr'><strong>continetur.</strong></span> 
     </span>
    </p>
   </div>
   <div class='ocr_carea' id='block_1_25' title="bbox 46 5320 848 5751">
    <p class='ocr_par' dir='ltr' id='par_1_33' title="bbox 46 5320 848 5751">
     <span class='ocr_line' id='line_1_85' title="bbox 86 5320 848 5382; baseline 0.009 -7"><span class='ocrx_word' id='word_1_545' title='bbox 86 5321 206 5376; x_wconf 83' lang='lat' dir='ltr'><strong>Passus.</strong></span> <span class='ocrx_word' id='word_1_546' title='bbox 223 5320 436 5376; x_wconf 73' lang='lat' dir='ltr'><strong>admemoriam</strong></span> <span class='ocrx_word' id='word_1_547' title='bbox 452 5337 495 5375; x_wconf 89' lang='lat' dir='ltr'><strong>me</strong></span> <span class='ocrx_word' id='word_1_548' title='bbox 510 5321 652 5378; x_wconf 89' lang='lat' dir='ltr'><strong>reduxisti.</strong></span> <span class='ocrx_word' id='word_1_549' title='bbox 674 5323 848 5382; x_wconf 88' lang='lat' dir='ltr'><strong>lleminiscor</strong></span> 
     </span>
     <span class='ocr_line' id='line_1_86' title="bbox 47 5409 848 5480; baseline 0.01 -17"><span class='ocrx_word' id='word_1_550' title='bbox 47 5409 122 5464; x_wconf 91' lang='lat' dir='ltr'><strong>enim</strong></span> <span class='ocrx_word' id='word_1_551' title='bbox 137 5424 181 5465; x_wconf 90' lang='lat' dir='ltr'><strong>me</strong></span> <span class='ocrx_word' id='word_1_552' title='bbox 193 5411 203 5478; x_wconf 78' lang='lat' dir='ltr'><strong>j</strong></span> <span class='ocrx_word' id='word_1_553' title='bbox 214 5426 249 5463; x_wconf 78' lang='lat' dir='ltr'><strong>rm</strong></span> <span class='ocrx_word' id='word_1_554' title='bbox 267 5410 337 5464; x_wconf 83' lang='lat' dir='ltr'><strong>ltunc</strong></span> <span class='ocrx_word' id='word_1_555' title='bbox 352 5409 503 5480; x_wconf 82' lang='lat' dir='ltr'><strong>perlegisse</strong></span> <span class='ocrx_word' id='word_1_556' title='bbox 517 5410 618 5478; x_wconf 88' lang='lat' dir='ltr'><strong>locum,</strong></span> <span class='ocrx_word' id='word_1_557' title='bbox 631 5411 680 5466; x_wconf 85' lang='lat' dir='ltr'><strong>sed</strong></span> <span class='ocrx_word' id='word_1_558' title='bbox 700 5416 848 5471; x_wconf 85' lang='lat' dir='ltr'><strong>auctoritas</strong></span> 
     </span>
     <span class='ocr_line' id='line_1_87' title="bbox 47 5497 847 5569; baseline 0.01 -18"><span class='ocrx_word' id='word_1_559' title='bbox 47 5497 108 5553; x_wconf 82' lang='lat' dir='ltr'><strong>haee</strong></span> <span class='ocrx_word' id='word_1_560' title='bbox 123 5497 227 5553; x_wconf 89' lang='lat' dir='ltr'><strong>nullum</strong></span> <span class='ocrx_word' id='word_1_561' title='bbox 244 5497 291 5552; x_wconf 90' lang='lat' dir='ltr'><strong>tibi</strong></span> <span class='ocrx_word' id='word_1_562' title='bbox 305 5498 412 5553; x_wconf 82' lang='lat' dir='ltr'><strong>corriert</strong></span> <span class='ocrx_word' id='word_1_563' title='bbox 427 5498 613 5569; x_wconf 86' lang='lat' dir='ltr'><strong>patrocinum.</strong></span> <span class='ocrx_word' id='word_1_564' title='bbox 629 5499 695 5556; x_wconf 85' lang='lat' dir='ltr'><strong>Corn</strong></span> <span class='ocrx_word' id='word_1_565' title='bbox 712 5502 785 5557; x_wconf 90' lang='lat' dir='ltr'><strong>enim</strong></span> <span class='ocrx_word' id='word_1_566' title='bbox 803 5503 847 5559; x_wconf 86' lang='lat' dir='ltr'><strong>lex</strong></span> 
     </span>
     <span class='ocr_line' id='line_1_88' title="bbox 48 5584 846 5657; baseline 0.014 -18"><span class='ocrx_word' id='word_1_567' title='bbox 48 5584 193 5657; x_wconf 85' lang='lat' dir='ltr'><strong>perhibeat</strong></span> <span class='ocrx_word' id='word_1_568' title='bbox 204 5587 290 5641; x_wconf 86' lang='lat' dir='ltr'><strong>Deum</strong></span> <span class='ocrx_word' id='word_1_569' title='bbox 302 5585 387 5656; x_wconf 82' lang='lat' dir='ltr'><strong>lloysi</strong></span> <span class='ocrx_word' id='word_1_570' title='bbox 396 5586 499 5643; x_wconf 82' lang='lat' dir='ltr'><strong>dixisse</strong></span> <span class='ocrx_word' id='word_1_571' title='bbox 510 5604 517 5643; x_wconf 93' lang='lat'><strong>:</strong></span> <span class='ocrx_word' id='word_1_572' title='bbox 528 5590 759 5647; x_wconf 80' lang='lat' dir='ltr'><strong>Posteriorottteo</strong></span> <span class='ocrx_word' id='word_1_573' title='bbox 767 5593 846 5650; x_wconf 81' lang='lat' dir='ltr'><strong>uide·</strong></span> 
     </span>
     <span class='ocr_line' id='line_1_89' title="bbox 46 5674 842 5751; baseline 0.011 -21"><span class='ocrx_word' id='word_1_574' title='bbox 46 5674 99 5745; x_wconf 75' lang='lat' dir='ltr'><strong>tria,</strong></span> <span class='ocrx_word' id='word_1_575' title='bbox 114 5683 143 5731; x_wconf 84' lang='lat' dir='ltr'><strong>et</strong></span> <span class='ocrx_word' id='word_1_576' title='bbox 156 5674 284 5749; x_wconf 74' lang='lat' dir='ltr'><strong>quornm</strong></span> <span class='ocrx_word' id='word_1_577' title='bbox 299 5674 388 5731; x_wconf 85' lang='lat' dir='ltr'><strong>Detrm</strong></span> <span class='ocrx_word' id='word_1_578' title='bbox 401 5676 512 5735; x_wconf 85' lang='lat' dir='ltr'><strong>mentiri</strong></span> <span class='ocrx_word' id='word_1_579' title='bbox 534 5692 589 5735; x_wconf 92' lang='lat' dir='ltr'><strong>non</strong></span> <span class='ocrx_word' id='word_1_580' title='bbox 616 5692 699 5751; x_wconf 79' lang='lat' dir='ltr'><strong>posse</strong></span> <span class='ocrx_word' id='word_1_581' title='bbox 726 5689 842 5751; x_wconf 83' lang='lat' dir='ltr'><strong>constet,</strong></span> 
     </span>
    </p>
   </div>
   <div class='ocr_carea' id='block_1_26' title="bbox 909 3060 1707 3306">
    <p class='ocr_par' dir='ltr' id='par_1_34' title="bbox 909 3060 1707 3306">
     <span class='ocr_line' id='line_1_90' title="bbox 946 3060 1707 3136; baseline 0 -20"><span class='ocrx_word' id='word_1_582' title='bbox 946 3064 1067 3119; x_wconf 84' lang='lat' dir='ltr'><strong>lloxsss.</strong></span> <span class='ocrx_word' id='word_1_583' title='bbox 1089 3063 1232 3128; x_wconf 80' lang='lat' dir='ltr'><strong>Quomodo</strong></span> <span class='ocrx_word' id='word_1_584' title='bbox 1246 3063 1355 3134; x_wconf 87' lang='lat' dir='ltr'><strong>lloyses</strong></span> <span class='ocrx_word' id='word_1_585' title='bbox 1369 3062 1497 3119; x_wconf 90' lang='lat' dir='ltr'><strong>nodatam</strong></span> <span class='ocrx_word' id='word_1_586' title='bbox 1512 3060 1660 3136; x_wconf 90' lang='lat' dir='ltr'><strong>corrigiam</strong></span> <span class='ocrx_word' id='word_1_587' title='bbox 1668 3060 1707 3117; x_wconf 84' lang='lat' dir='ltr'><strong>ri·</strong></span> 
     </span>
     <span class='ocr_line' id='line_1_91' title="bbox 910 3150 1705 3225; baseline -0.001 -17"><span class='ocrx_word' id='word_1_588' title='bbox 910 3151 958 3219; x_wconf 93' lang='lat' dir='ltr'><strong>dit,</strong></span> <span class='ocrx_word' id='word_1_589' title='bbox 974 3152 1093 3224; x_wconf 88' lang='lat' dir='ltr'><strong>pixidem</strong></span> <span class='ocrx_word' id='word_1_590' title='bbox 1110 3152 1231 3224; x_wconf 75' lang='lat' dir='ltr'><strong>quasilla</strong></span> <span class='ocrx_word' id='word_1_591' title='bbox 1245 3152 1387 3225; x_wconf 80' lang='lat' dir='ltr'><strong>ligaretur,</strong></span> <span class='ocrx_word' id='word_1_592' title='bbox 1402 3152 1430 3207; x_wconf 92' lang='lat' dir='ltr'><strong>in</strong></span> <span class='ocrx_word' id='word_1_593' title='bbox 1445 3151 1534 3222; x_wconf 86' lang='lat' dir='ltr'><strong>capite</strong></span> <span class='ocrx_word' id='word_1_594' title='bbox 1548 3151 1598 3207; x_wconf 90' lang='lat' dir='ltr'><strong>Dei</strong></span> <span class='ocrx_word' id='word_1_595' title='bbox 1621 3150 1705 3207; x_wconf 87' lang='lat' dir='ltr'><strong>luisse</strong></span> 
     </span>
     <span class='ocr_line' id='line_1_92' title="bbox 909 3249 1251 3306; baseline -0.006 0"><span class='ocrx_word' id='word_1_596' title='bbox 909 3251 1036 3306; x_wconf 91' lang='lat' dir='ltr'><strong>doctores</strong></span> <span class='ocrx_word' id='word_1_597' title='bbox 1052 3249 1251 3305; x_wconf 86' lang='lat' dir='ltr'><strong>intellexerunt.</strong></span> 
     </span>
    </p>
   </div>
   <div class='ocr_carea' id='block_1_27' title="bbox 907 3355 1707 3609">
    <p class='ocr_par' dir='ltr' id='par_1_35' title="bbox 907 3355 1707 3609">
     <span class='ocr_line' id='line_1_93' title="bbox 945 3355 1707 3422; baseline 0.001 -11"><span class='ocrx_word' id='word_1_598' title='bbox 945 3359 1068 3413; x_wconf 82' lang='lat' dir='ltr'><strong>Psrnus.</strong></span> <span class='ocrx_word' id='word_1_599' title='bbox 1086 3358 1148 3412; x_wconf 93' lang='lat' dir='ltr'><strong>Non</strong></span> <span class='ocrx_word' id='word_1_600' title='bbox 1162 3357 1273 3413; x_wconf 90' lang='lat' dir='ltr'><strong>omnino</strong></span> <span class='ocrx_word' id='word_1_601' title='bbox 1288 3372 1371 3412; x_wconf 91' lang='lat' dir='ltr'><strong>sanus</strong></span> <span class='ocrx_word' id='word_1_602' title='bbox 1386 3364 1427 3412; x_wconf 88' lang='lat' dir='ltr'><strong>est</strong></span> <span class='ocrx_word' id='word_1_603' title='bbox 1441 3356 1485 3412; x_wconf 86' lang='lat' dir='ltr'><strong>hic</strong></span> <span class='ocrx_word' id='word_1_604' title='bbox 1498 3355 1662 3422; x_wconf 90' lang='lat' dir='ltr'><strong>intellectus,</strong></span> <span class='ocrx_word' id='word_1_605' title='bbox 1677 3363 1707 3412; x_wconf 91' lang='lat' dir='ltr'><strong>ut</strong></span> 
     </span>
     <span class='ocr_line' id='line_1_94' title="bbox 908 3445 1707 3520; baseline 0 -18"><span class='ocrx_word' id='word_1_606' title='bbox 908 3447 995 3502; x_wconf 88' lang='lat' dir='ltr'><strong>Deum</strong></span> <span class='ocrx_word' id='word_1_607' title='bbox 1010 3446 1112 3519; x_wconf 91' lang='lat' dir='ltr'><strong>aliquid</strong></span> <span class='ocrx_word' id='word_1_608' title='bbox 1127 3455 1237 3520; x_wconf 87' lang='lat' dir='ltr'><strong>gestare</strong></span> <span class='ocrx_word' id='word_1_609' title='bbox 1258 3447 1401 3513; x_wconf 79' lang='lat' dir='ltr'><strong>dicamus3</strong></span> <span class='ocrx_word' id='word_1_610' title='bbox 1426 3445 1511 3516; x_wconf 89' lang='lat' dir='ltr'><strong>potuit</strong></span> <span class='ocrx_word' id='word_1_611' title='bbox 1541 3454 1631 3502; x_wconf 91' lang='lat' dir='ltr'><strong>tamen</strong></span> <span class='ocrx_word' id='word_1_612' title='bbox 1659 3445 1707 3502; x_wconf 88' lang='lat' dir='ltr'><strong>illa</strong></span> 
     </span>
     <span class='ocr_line' id='line_1_95' title="bbox 907 3534 1704 3609; baseline -0.001 -17"><span class='ocrx_word' id='word_1_613' title='bbox 907 3535 1030 3609; x_wconf 84' lang='lat' dir='ltr'><strong>corrigia</strong></span> <span class='ocrx_word' id='word_1_614' title='bbox 1043 3536 1122 3608; x_wconf 88' lang='lat' dir='ltr'><strong>ligari</strong></span> <span class='ocrx_word' id='word_1_615' title='bbox 1135 3536 1351 3608; x_wconf 73' lang='lat' dir='ltr'><strong>cymbalumuut</strong></span> <span class='ocrx_word' id='word_1_616' title='bbox 1364 3534 1572 3590; x_wconf 90' lang='lat' dir='ltr'><strong>tintinnabulum</strong></span> <span class='ocrx_word' id='word_1_617' title='bbox 1582 3534 1704 3607; x_wconf 85' lang='lat' dir='ltr'><strong>aliquod,</strong></span> 
     </span>
    </p>
   </div>
   <div class='ocr_carea' id='block_1_28' title="bbox 905 3631 1704 3971">
    <p class='ocr_par' dir='ltr' id='par_1_36' title="bbox 905 3631 1704 3971">
     <span class='ocr_line' id='line_1_96' title="bbox 907 3631 1704 3705; baseline -0.001 -16"><span class='ocrx_word' id='word_1_618' title='bbox 907 3642 954 3689; x_wconf 82' lang='lat' dir='ltr'><strong>cut</strong></span> <span class='ocrx_word' id='word_1_619' title='bbox 968 3649 1075 3704; x_wconf 83' lang='lat' dir='ltr'><strong>gemma</strong></span> <span class='ocrx_word' id='word_1_620' title='bbox 1096 3634 1199 3705; x_wconf 78' lang='lat' dir='ltr'><strong>quaevis</strong></span> <span class='ocrx_word' id='word_1_621' title='bbox 1214 3634 1343 3704; x_wconf 85' lang='lat' dir='ltr'><strong>pretiose,</strong></span> <span class='ocrx_word' id='word_1_622' title='bbox 1355 3642 1400 3689; x_wconf 89' lang='lat' dir='ltr'><strong>aut</strong></span> <span class='ocrx_word' id='word_1_623' title='bbox 1413 3633 1514 3705; x_wconf 86' lang='lat' dir='ltr'><strong>aliquid</strong></span> <span class='ocrx_word' id='word_1_624' title='bbox 1538 3631 1704 3702; x_wconf 83' lang='lat' dir='ltr'><strong>hujusmodi.</strong></span> 
     </span>
     <span class='ocr_line' id='line_1_97' title="bbox 907 3720 1703 3791; baseline -0.003 -15"><span class='ocrx_word' id='word_1_625' title='bbox 907 3722 1099 3776; x_wconf 79' lang='lat' dir='ltr'><strong>Verumtamen</strong></span> <span class='ocrx_word' id='word_1_626' title='bbox 1115 3730 1145 3776; x_wconf 91' lang='lat' dir='ltr'><strong>ut</strong></span> <span class='ocrx_word' id='word_1_627' title='bbox 1160 3721 1251 3777; x_wconf 85' lang='lat' dir='ltr'><strong>omnia</strong></span> <span class='ocrx_word' id='word_1_628' title='bbox 1267 3722 1315 3776; x_wconf 86' lang='lat' dir='ltr'><strong>tibi</strong></span> <span class='ocrx_word' id='word_1_629' title='bbox 1322 3721 1450 3776; x_wconf 80' lang='lat' dir='ltr'><strong>fatuitatis</strong></span> <span class='ocrx_word' id='word_1_630' title='bbox 1459 3720 1552 3776; x_wconf 91' lang='lat' dir='ltr'><strong>tollam</strong></span> <span class='ocrx_word' id='word_1_631' title='bbox 1563 3735 1703 3791; x_wconf 90' lang='lat' dir='ltr'><strong>responsa,</strong></span> 
     </span>
     <span class='ocr_line' id='line_1_98' title="bbox 906 3810 1701 3877; baseline -0.003 -12"><span class='ocrx_word' id='word_1_632' title='bbox 906 3810 958 3865; x_wconf 89' lang='lat' dir='ltr'><strong>hoc</strong></span> <span class='ocrx_word' id='word_1_633' title='bbox 974 3817 1002 3864; x_wconf 90' lang='grc' dir='ltr'><strong>ιιι</strong></span> <span class='ocrx_word' id='word_1_634' title='bbox 1018 3810 1059 3864; x_wconf 87' lang='lat' dir='ltr'><strong>vis</strong></span> <span class='ocrx_word' id='word_1_635' title='bbox 1073 3819 1099 3865; x_wconf 91' lang='lat' dir='ltr'><strong>et</strong></span> <span class='ocrx_word' id='word_1_636' title='bbox 1113 3810 1251 3866; x_wconf 88' lang='lat' dir='ltr'><strong>dicisesse</strong></span> <span class='ocrx_word' id='word_1_637' title='bbox 1264 3811 1424 3866; x_wconf 89' lang='lat' dir='ltr'><strong>concedam.</strong></span> <span class='ocrx_word' id='word_1_638' title='bbox 1435 3810 1488 3865; x_wconf 90' lang='lat' dir='ltr'><strong>Sed</strong></span> <span class='ocrx_word' id='word_1_639' title='bbox 1498 3811 1701 3877; x_wconf 88' lang='lat' dir='ltr'><strong>hocooucesso,</strong></span> 
     </span>
     <span class='ocr_line' id='line_1_99' title="bbox 905 3898 1703 3971; baseline -0.001 -19"><span class='ocrx_word' id='word_1_640' title='bbox 905 3899 987 3964; x_wconf 90' lang='lat' dir='ltr'><strong>unde,</strong></span> <span class='ocrx_word' id='word_1_641' title='bbox 1004 3914 1106 3970; x_wconf 86' lang='lat' dir='ltr'><strong>quaeso,</strong></span> <span class='ocrx_word' id='word_1_642' title='bbox 1119 3901 1230 3970; x_wconf 80' lang='lat' dir='ltr'><strong>lluyses</strong></span> <span class='ocrx_word' id='word_1_643' title='bbox 1239 3898 1394 3971; x_wconf 90' lang='lat' dir='ltr'><strong>intelligere</strong></span> <span class='ocrx_word' id='word_1_644' title='bbox 1409 3899 1518 3954; x_wconf 86' lang='lat' dir='ltr'><strong>chartae</strong></span> <span class='ocrx_word' id='word_1_645' title='bbox 1528 3898 1615 3969; x_wconf 93' lang='lat' dir='ltr'><strong>potuit</strong></span> <span class='ocrx_word' id='word_1_646' title='bbox 1630 3899 1703 3951; x_wconf 91' lang='lat' dir='ltr'><strong>intus</strong></span> 
     </span>
    </p>
   </div>
   <div class='ocr_carea' id='block_1_29' title="bbox 905 3993 1703 4244">
    <p class='ocr_par' dir='ltr' id='par_1_37' title="bbox 905 3993 1703 4244">
     <span class='ocr_line' id='line_1_100' title="bbox 905 3993 1702 4066; baseline -0.006 -14"><span class='ocrx_word' id='word_1_647' title='bbox 905 3996 1050 4062; x_wconf 88' lang='lat' dir='ltr'><strong>contineri,</strong></span> <span class='ocrx_word' id='word_1_648' title='bbox 1067 3997 1167 4050; x_wconf 88' lang='lat' dir='ltr'><strong>nedum</strong></span> <span class='ocrx_word' id='word_1_649' title='bbox 1183 3996 1269 4051; x_wconf 86' lang='lat' dir='ltr'><strong>scisse</strong></span> <span class='ocrx_word' id='word_1_650' title='bbox 1284 4013 1345 4052; x_wconf 92' lang='lat' dir='ltr'><strong>eum</strong></span> <span class='ocrx_word' id='word_1_651' title='bbox 1361 3996 1435 4051; x_wconf 90' lang='lat' dir='ltr'><strong>dicas</strong></span> <span class='ocrx_word' id='word_1_652' title='bbox 1446 3994 1511 4066; x_wconf 92' lang='lat' dir='ltr'><strong>quid</strong></span> <span class='ocrx_word' id='word_1_653' title='bbox 1526 3995 1554 4049; x_wconf 92' lang='lat' dir='ltr'><strong>in</strong></span> <span class='ocrx_word' id='word_1_654' title='bbox 1568 3996 1609 4049; x_wconf 90' lang='lat' dir='ltr'><strong>eis</strong></span> <span class='ocrx_word' id='word_1_655' title='bbox 1631 3993 1702 4049; x_wconf 91' lang='lat' dir='ltr'><strong>scri-</strong></span> 
     </span>
     <span class='ocr_line' id='line_1_101' title="bbox 905 4081 1702 4155; baseline -0.004 -17"><span class='ocrx_word' id='word_1_656' title='bbox 905 4084 1223 4155; x_wconf 73' lang='lat' dir='ltr'><strong>pttrmhabereturised</strong></span> <span class='ocrx_word' id='word_1_657' title='bbox 1242 4093 1269 4140; x_wconf 89' lang='lat' dir='ltr'><strong>et</strong></span> <span class='ocrx_word' id='word_1_658' title='bbox 1285 4084 1452 4155; x_wconf 90' lang='lat' dir='ltr'><strong>quodsuper</strong></span> <span class='ocrx_word' id='word_1_659' title='bbox 1468 4084 1526 4139; x_wconf 83' lang='lat' dir='ltr'><strong>lraeo</strong></span> <span class='ocrx_word' id='word_1_660' title='bbox 1545 4082 1638 4137; x_wconf 86' lang='lat' dir='ltr'><strong>omnia</strong></span> <span class='ocrx_word' id='word_1_661' title='bbox 1653 4081 1702 4136; x_wconf 90' lang='lat' dir='ltr'><strong>ad·</strong></span> 
     </span>
     <span class='ocr_line' id='line_1_102' title="bbox 905 4170 1703 4244; baseline -0.003 -18"><span class='ocrx_word' id='word_1_662' title='bbox 905 4173 1046 4228; x_wconf 82' lang='lat' dir='ltr'><strong>miratione</strong></span> <span class='ocrx_word' id='word_1_663' title='bbox 1062 4173 1253 4244; x_wconf 86' lang='lat' dir='ltr'><strong>dignissimum</strong></span> <span class='ocrx_word' id='word_1_664' title='bbox 1268 4182 1318 4242; x_wconf 88' lang='lat' dir='ltr'><strong>est,</strong></span> <span class='ocrx_word' id='word_1_665' title='bbox 1335 4173 1408 4244; x_wconf 93' lang='lat' dir='ltr'><strong>quod</strong></span> <span class='ocrx_word' id='word_1_666' title='bbox 1422 4173 1450 4225; x_wconf 93' lang='lat' dir='ltr'><strong>in</strong></span> <span class='ocrx_word' id='word_1_667' title='bbox 1464 4170 1511 4226; x_wconf 91' lang='lat' dir='ltr'><strong>illa</strong></span> <span class='ocrx_word' id='word_1_668' title='bbox 1539 4172 1644 4239; x_wconf 85' lang='lat' dir='ltr'><strong>charte,</strong></span> <span class='ocrx_word' id='word_1_669' title='bbox 1673 4176 1703 4225; x_wconf 90' lang='lat' dir='ltr'><strong>ut</strong></span> 
     </span>
    </p>
   </div>
   <div class='ocr_carea' id='block_1_30' title="bbox 904 4273 1702 4344">
    <p class='ocr_par' dir='ltr' id='par_1_38' title="bbox 904 4273 1702 4344">
     <span class='ocr_line' id='line_1_103' title="bbox 904 4273 1702 4344; baseline -0.005 -15"><span class='ocrx_word' id='word_1_670' title='bbox 904 4273 1026 4337; x_wconf 86' lang='lat' dir='ltr'><strong>creditis,</strong></span> <span class='ocrx_word' id='word_1_671' title='bbox 1043 4274 1109 4328; x_wconf 90' lang='lat' dir='ltr'><strong>nihil</strong></span> <span class='ocrx_word' id='word_1_672' title='bbox 1124 4274 1196 4327; x_wconf 91' lang='lat' dir='ltr'><strong>aliud</strong></span> <span class='ocrx_word' id='word_1_673' title='bbox 1211 4273 1407 4344; x_wconf 89' lang='lat' dir='ltr'><strong>scriptumest,</strong></span> <span class='ocrx_word' id='word_1_674' title='bbox 1423 4273 1476 4327; x_wconf 84' lang='lat' dir='ltr'><strong>nisi</strong></span> <span class='ocrx_word' id='word_1_675' title='bbox 1505 4288 1602 4328; x_wconf 87' lang='lat' dir='ltr'><strong>versus</strong></span> <span class='ocrx_word' id='word_1_676' title='bbox 1631 4286 1702 4343; x_wconf 91' lang='lat' dir='ltr'><strong>quos</strong></span> 
     </span>
    </p>
   </div>
   <div class='ocr_carea' id='block_1_31' title="bbox 514 4360 1701 4522">
    <p class='ocr_par' dir='ltr' id='par_1_39' title="bbox 514 4360 1701 4522">
     <span class='ocr_line' id='line_1_104' title="bbox 530 4360 1701 4437; baseline -0.006 -16"><span class='ocrx_word' id='word_1_677' title='bbox 530 4420 533 4428; x_wconf 90' lang='grc'>,</span> <span class='ocrx_word' id='word_1_678' title='bbox 558 4420 563 4428; x_wconf 75' lang='grc'><strong>,</strong></span> <span class='ocrx_word' id='word_1_679' title='bbox 863 4361 1106 4437; x_wconf 79' lang='lat' dir='ltr'><strong>Dlloyseslonge</strong></span> <span class='ocrx_word' id='word_1_680' title='bbox 1121 4371 1181 4433; x_wconf 89' lang='lat' dir='ltr'><strong>post</strong></span> <span class='ocrx_word' id='word_1_681' title='bbox 1205 4363 1326 4417; x_wconf 90' lang='lat' dir='ltr'><strong>moriens</strong></span> <span class='ocrx_word' id='word_1_682' title='bbox 1354 4361 1534 4419; x_wconf 84' lang='lat' dir='ltr'><strong>Israelitieum</strong></span> <span class='ocrx_word' id='word_1_683' title='bbox 1559 4360 1701 4432; x_wconf 89' lang='lat' dir='ltr'><strong>populum,</strong></span> 
     </span>
     <span class='ocr_line' id='line_1_105' title="bbox 514 4419 1701 4522; baseline -0.004 -12"><span class='ocrx_word' id='word_1_684' title='bbox 514 4419 565 4473; x_wconf 75' lang='lat' dir='ltr'>⁵¹b¹</span> <span class='ocrx_word' id='word_1_685' title='bbox 587 4421 733 4486; x_wconf 59' lang='lat' dir='ltr'><strong>amabun‘*</strong></span> <span class='ocrx_word' id='word_1_686' title='bbox 757 4423 793 4477; x_wconf 70' lang='lat'><strong>⁰¹³</strong></span> <span class='ocrx_word' id='word_1_687' title='bbox 816 4440 849 4479; x_wconf 73' lang='lat'><strong>‘³⁰</strong></span> <span class='ocrx_word' id='word_1_688' title='bbox 903 4450 1040 4515; x_wconf 87' lang='lat' dir='ltr'><strong>docendo,</strong></span> <span class='ocrx_word' id='word_1_689' title='bbox 1055 4467 1088 4506; x_wconf 86' lang='lat' dir='ltr'><strong>ex</strong></span> <span class='ocrx_word' id='word_1_690' title='bbox 1101 4451 1252 4522; x_wconf 89' lang='lat' dir='ltr'><strong>semetipso</strong></span> <span class='ocrx_word' id='word_1_691' title='bbox 1267 4468 1329 4506; x_wconf 89' lang='lat' dir='ltr'><strong>eum</strong></span> <span class='ocrx_word' id='word_1_692' title='bbox 1344 4452 1460 4506; x_wconf 90' lang='lat' dir='ltr'><strong>laudans</strong></span> <span class='ocrx_word' id='word_1_693' title='bbox 1474 4450 1569 4518; x_wconf 92' lang='lat' dir='ltr'><strong>edidit,</strong></span> <span class='ocrx_word' id='word_1_694' title='bbox 1590 4458 1616 4505; x_wconf 92' lang='lat' dir='ltr'><strong>et</strong></span> <span class='ocrx_word' id='word_1_695' title='bbox 1639 4456 1701 4522; x_wconf 88' lang='lat' dir='ltr'><strong>post</strong></span> 
     </span>
    </p>
   </div>
   <div class='ocr_carea' id='block_1_32' title="bbox 902 4546 1700 4797">
    <p class='ocr_par' dir='ltr' id='par_1_40' title="bbox 902 4546 1700 4797">
     <span class='ocr_line' id='line_1_106' title="bbox 902 4546 1700 4613; baseline -0.003 -11"><span class='ocrx_word' id='word_1_696' title='bbox 902 4547 987 4602; x_wconf 89' lang='lat' dir='ltr'><strong>multa</strong></span> <span class='ocrx_word' id='word_1_697' title='bbox 1001 4562 1133 4602; x_wconf 87' lang='lat' dir='ltr'><strong>annorum</strong></span> <span class='ocrx_word' id='word_1_698' title='bbox 1147 4546 1294 4613; x_wconf 91' lang='lat' dir='ltr'><strong>curricula,</strong></span> <span class='ocrx_word' id='word_1_699' title='bbox 1310 4547 1440 4604; x_wconf 86' lang='lat' dir='ltr'><strong>Salomon</strong></span> <span class='ocrx_word' id='word_1_700' title='bbox 1465 4550 1551 4604; x_wconf 91' lang='lat' dir='ltr'><strong>Deum</strong></span> <span class='ocrx_word' id='word_1_701' title='bbox 1579 4546 1700 4602; x_wconf 90' lang='lat' dir='ltr'><strong>adorans</strong></span> 
     </span>
     <span class='ocr_line' id='line_1_107' title="bbox 902 4636 1699 4707; baseline -0.001 -16"><span class='ocrx_word' id='word_1_702' title='bbox 902 4636 1055 4704; x_wconf 88' lang='lat' dir='ltr'><strong>composuit</strong></span> <span class='ocrx_word' id='word_1_703' title='bbox 1070 4638 1104 4691; x_wconf 88' lang='lat' dir='ltr'><strong>de</strong></span> <span class='ocrx_word' id='word_1_704' title='bbox 1120 4653 1216 4691; x_wconf 90' lang='lat' dir='ltr'><strong>eorum</strong></span> <span class='ocrx_word' id='word_1_705' title='bbox 1231 4637 1312 4693; x_wconf 90' lang='lat' dir='ltr'><strong>laude</strong></span> <span class='ocrx_word' id='word_1_706' title='bbox 1329 4655 1335 4701; x_wconf 89' lang='lat'>;</span> <span class='ocrx_word' id='word_1_707' title='bbox 1351 4638 1424 4692; x_wconf 90' lang='lat' dir='ltr'><strong>nulla</strong></span> <span class='ocrx_word' id='word_1_708' title='bbox 1452 4646 1491 4692; x_wconf 89' lang='lat' dir='ltr'><strong>est</strong></span> <span class='ocrx_word' id='word_1_709' title='bbox 1519 4637 1589 4691; x_wconf 87' lang='lat' dir='ltr'><strong>ratio</strong></span> <span class='ocrx_word' id='word_1_710' title='bbox 1615 4649 1699 4707; x_wconf 87' lang='lat' dir='ltr'><strong>quara</strong></span> 
     </span>
     <span class='ocr_line' id='line_1_108' title="bbox 904 4723 1535 4797; baseline 0.003 -19"><span class='ocrx_word' id='word_1_711' title='bbox 904 4724 931 4779; x_wconf 94' lang='lat' dir='ltr'><strong>in</strong></span> <span class='ocrx_word' id='word_1_712' title='bbox 943 4723 994 4779; x_wconf 89' lang='lat' dir='ltr'><strong>Dei</strong></span> <span class='ocrx_word' id='word_1_713' title='bbox 1009 4725 1096 4797; x_wconf 91' lang='lat' dir='ltr'><strong>capite</strong></span> <span class='ocrx_word' id='word_1_714' title='bbox 1111 4726 1242 4797; x_wconf 85' lang='lat' dir='ltr'><strong>scriptum</strong></span> <span class='ocrx_word' id='word_1_715' title='bbox 1258 4742 1319 4782; x_wconf 89' lang='lat' dir='ltr'><strong>esse</strong></span> <span class='ocrx_word' id='word_1_716' title='bbox 1335 4727 1434 4782; x_wconf 85' lang='lat' dir='ltr'><strong>debeat</strong></span> <span class='ocrx_word' id='word_1_717' title='bbox 1448 4726 1535 4782; x_wconf 91' lang='lat' dir='ltr'><strong>credi.</strong></span> 
     </span>
    </p>
   </div>
   <div class='ocr_carea' id='block_1_33' title="bbox 901 4838 1698 5088">
    <p class='ocr_par' dir='ltr' id='par_1_41' title="bbox 901 4838 1698 5088">
     <span class='ocr_line' id='line_1_109' title="bbox 938 4838 1698 4914; baseline -0.001 -20"><span class='ocrx_word' id='word_1_718' title='bbox 938 4841 1065 4895; x_wconf 82' lang='lat' dir='ltr'><strong>Morsus.</strong></span> <span class='ocrx_word' id='word_1_719' title='bbox 1081 4838 1161 4908; x_wconf 87' lang='lat' dir='ltr'><strong>Quod</strong></span> <span class='ocrx_word' id='word_1_720' title='bbox 1176 4841 1263 4898; x_wconf 92' lang='lat' dir='ltr'><strong>oculis</strong></span> <span class='ocrx_word' id='word_1_721' title='bbox 1277 4841 1383 4897; x_wconf 89' lang='lat' dir='ltr'><strong>carneis</strong></span> <span class='ocrx_word' id='word_1_722' title='bbox 1398 4843 1506 4914; x_wconf 87' lang='lat' dir='ltr'><strong>lloyses</strong></span> <span class='ocrx_word' id='word_1_723' title='bbox 1515 4858 1569 4898; x_wconf 90' lang='lat' dir='ltr'><strong>nou</strong></span> <span class='ocrx_word' id='word_1_724' title='bbox 1578 4841 1654 4907; x_wconf 88' lang='lat' dir='ltr'><strong>vidit,</strong></span> <span class='ocrx_word' id='word_1_725' title='bbox 1665 4854 1698 4898; x_wconf 82' lang='lat' dir='ltr'><strong>ex</strong></span> 
     </span>
     <span class='ocr_line' id='line_1_110' title="bbox 902 4928 1697 5000; baseline 0.008 -18"><span class='ocrx_word' id='word_1_726' title='bbox 902 4929 988 4984; x_wconf 89' lang='lat' dir='ltr'><strong>sancti</strong></span> <span class='ocrx_word' id='word_1_727' title='bbox 1001 4929 1119 4998; x_wconf 90' lang='lat' dir='ltr'><strong>Spiritus</strong></span> <span class='ocrx_word' id='word_1_728' title='bbox 1135 4928 1299 4985; x_wconf 88' lang='lat' dir='ltr'><strong>revelatione</strong></span> <span class='ocrx_word' id='word_1_729' title='bbox 1310 4930 1448 5000; x_wconf 80' lang='lat' dir='ltr'><strong>coguovit.</strong></span> <span class='ocrx_word' id='word_1_730' title='bbox 1473 4931 1513 4986; x_wconf 93' lang='lat' dir='ltr'><strong>De</strong></span> <span class='ocrx_word' id='word_1_731' title='bbox 1541 4932 1697 4988; x_wconf 83' lang='lat' dir='ltr'><strong>chartarum</strong></span> 
     </span>
     <span class='ocr_line' id='line_1_111' title="bbox 901 5016 1596 5088; baseline 0.006 -17"><span class='ocrx_word' id='word_1_732' title='bbox 901 5025 992 5073; x_wconf 92' lang='lat' dir='ltr'><strong>autern</strong></span> <span class='ocrx_word' id='word_1_733' title='bbox 1008 5016 1150 5088; x_wconf 88' lang='lat' dir='ltr'><strong>seripturis</strong></span> <span class='ocrx_word' id='word_1_734' title='bbox 1164 5017 1248 5083; x_wconf 90' lang='lat' dir='ltr'><strong>nulla,</strong></span> <span class='ocrx_word' id='word_1_735' title='bbox 1265 5018 1360 5083; x_wconf 82' lang='lat' dir='ltr'><strong>fateor,</strong></span> <span class='ocrx_word' id='word_1_736' title='bbox 1377 5027 1418 5073; x_wconf 89' lang='lat' dir='ltr'><strong>est</strong></span> <span class='ocrx_word' id='word_1_737' title='bbox 1432 5018 1498 5074; x_wconf 84' lang='lat' dir='ltr'><strong>nrihi</strong></span> <span class='ocrx_word' id='word_1_738' title='bbox 1513 5019 1596 5075; x_wconf 86' lang='lat' dir='ltr'><strong>ratio.</strong></span> 
     </span>
    </p>
   </div>
   <div class='ocr_carea' id='block_1_34' title="bbox 900 5130 1699 5387">
    <p class='ocr_par' dir='ltr' id='par_1_42' title="bbox 900 5130 1699 5387">
     <span class='ocr_line' id='line_1_112' title="bbox 937 5130 1699 5205; baseline 0.016 -22"><span class='ocrx_word' id='word_1_739' title='bbox 937 5131 1057 5186; x_wconf 80' lang='lat' dir='ltr'><strong>Pennus.</strong></span> <span class='ocrx_word' id='word_1_740' title='bbox 1073 5130 1165 5187; x_wconf 87' lang='lat' dir='ltr'><strong>Gloria</strong></span> <span class='ocrx_word' id='word_1_741' title='bbox 1181 5132 1248 5185; x_wconf 91' lang='lat' dir='ltr'><strong>Deo.</strong></span> <span class='ocrx_word' id='word_1_742' title='bbox 1259 5132 1319 5186; x_wconf 88' lang='lat' dir='ltr'><strong>lam</strong></span> <span class='ocrx_word' id='word_1_743' title='bbox 1329 5132 1470 5205; x_wconf 90' lang='lat' dir='ltr'><strong>paulisper</strong></span> <span class='ocrx_word' id='word_1_744' title='bbox 1480 5134 1598 5191; x_wconf 80' lang='lat' dir='ltr'><strong>stultitiae</strong></span> <span class='ocrx_word' id='word_1_745' title='bbox 1620 5152 1699 5195; x_wconf 90' lang='lat' dir='ltr'><strong>cares</strong></span> 
     </span>
     <span class='ocr_line' id='line_1_113' title="bbox 901 5220 1697 5300; baseline 0.018 -28"><span class='ocrx_word' id='word_1_746' title='bbox 901 5233 1049 5284; x_wconf 85' lang='lat' dir='ltr'><strong>responso.</strong></span> <span class='ocrx_word' id='word_1_747' title='bbox 1068 5221 1135 5275; x_wconf 91' lang='lat' dir='ltr'><strong>ltem</strong></span> <span class='ocrx_word' id='word_1_748' title='bbox 1150 5220 1173 5274; x_wconf 92' lang='lat' dir='ltr'><strong>si</strong></span> <span class='ocrx_word' id='word_1_749' title='bbox 1189 5221 1371 5277; x_wconf 88' lang='lat' dir='ltr'><strong>concedamus</strong></span> <span class='ocrx_word' id='word_1_750' title='bbox 1386 5222 1498 5294; x_wconf 87' lang='lat' dir='ltr'><strong>lloysen</strong></span> <span class='ocrx_word' id='word_1_751' title='bbox 1508 5225 1605 5281; x_wconf 89' lang='lat' dir='ltr'><strong>horum</strong></span> <span class='ocrx_word' id='word_1_752' title='bbox 1619 5244 1697 5300; x_wconf 83' lang='lat' dir='ltr'><strong>quae-</strong></span> 
     </span>
     <span class='ocr_line' id='line_1_114' title="bbox 900 5307 1698 5387; baseline 0.018 -26"><span class='ocrx_word' id='word_1_753' title='bbox 900 5307 963 5362; x_wconf 88' lang='lat' dir='ltr'><strong>dam</strong></span> <span class='ocrx_word' id='word_1_754' title='bbox 978 5307 1092 5377; x_wconf 85' lang='lat' dir='ltr'><strong>vidisse,</strong></span> <span class='ocrx_word' id='word_1_755' title='bbox 1109 5307 1232 5381; x_wconf 81' lang='lat' dir='ltr'><strong>quaedam</strong></span> <span class='ocrx_word' id='word_1_756' title='bbox 1247 5317 1340 5366; x_wconf 89' lang='lat' dir='ltr'><strong>sancto</strong></span> <span class='ocrx_word' id='word_1_757' title='bbox 1356 5312 1497 5369; x_wconf 87' lang='lat' dir='ltr'><strong>revelante</strong></span> <span class='ocrx_word' id='word_1_758' title='bbox 1522 5313 1624 5387; x_wconf 90' lang='lat' dir='ltr'><strong>Spiritu</strong></span> <span class='ocrx_word' id='word_1_759' title='bbox 1646 5334 1698 5375; x_wconf 92' lang='lat' dir='ltr'><strong>eo·</strong></span> 
     </span>
    </p>
   </div>
   <div class='ocr_carea' id='block_1_35' title="bbox 899 5408 1703 5755">
    <p class='ocr_par' dir='ltr' id='par_1_43' title="bbox 899 5408 1703 5755">
     <span class='ocr_line' id='line_1_115' title="bbox 901 5408 1698 5487; baseline 0.015 -26"><span class='ocrx_word' id='word_1_760' title='bbox 901 5408 1042 5480; x_wconf 80' lang='lat' dir='ltr'><strong>gemisse,</strong></span> <span class='ocrx_word' id='word_1_761' title='bbox 1058 5424 1120 5464; x_wconf 91' lang='lat' dir='ltr'><strong>curn</strong></span> <span class='ocrx_word' id='word_1_762' title='bbox 1135 5424 1185 5465; x_wconf 93' lang='lat' dir='ltr'><strong>nec</strong></span> <span class='ocrx_word' id='word_1_763' title='bbox 1201 5410 1259 5481; x_wconf 86' lang='lat' dir='ltr'><strong>ipse</strong></span> <span class='ocrx_word' id='word_1_764' title='bbox 1282 5411 1390 5482; x_wconf 83' lang='lat' dir='ltr'><strong>lloyaes</strong></span> <span class='ocrx_word' id='word_1_765' title='bbox 1419 5429 1536 5485; x_wconf 85' lang='lat' dir='ltr'><strong>usquam</strong></span> <span class='ocrx_word' id='word_1_766' title='bbox 1565 5414 1698 5487; x_wconf 85' lang='lat' dir='ltr'><strong>scripturn</strong></span> 
     </span>
     <span class='ocr_line' id='line_1_116' title="bbox 900 5496 1697 5576; baseline 0.016 -26"><span class='ocrx_word' id='word_1_767' title='bbox 900 5496 1049 5568; x_wconf 85' lang='lat' dir='ltr'><strong>reliquerit,</strong></span> <span class='ocrx_word' id='word_1_768' title='bbox 1065 5513 1116 5554; x_wconf 92' lang='lat' dir='ltr'><strong>nec</strong></span> <span class='ocrx_word' id='word_1_769' title='bbox 1130 5497 1204 5554; x_wconf 89' lang='lat' dir='ltr'><strong>ullus</strong></span> <span class='ocrx_word' id='word_1_770' title='bbox 1230 5511 1292 5571; x_wconf 90' lang='lat' dir='ltr'><strong>post</strong></span> <span class='ocrx_word' id='word_1_771' title='bbox 1321 5516 1383 5557; x_wconf 91' lang='lat' dir='ltr'><strong>eum</strong></span> <span class='ocrx_word' id='word_1_772' title='bbox 1405 5504 1538 5576; x_wconf 86' lang='lat' dir='ltr'><strong>propheta</strong></span> <span class='ocrx_word' id='word_1_773' title='bbox 1565 5504 1697 5575; x_wconf 89' lang='lat' dir='ltr'><strong>prodidit,</strong></span> 
     </span>
     <span class='ocr_line' id='line_1_117' title="bbox 899 5585 1703 5661; baseline 0.016 -22"><span class='ocrx_word' id='word_1_774' title='bbox 899 5585 973 5641; x_wconf 88' lang='lat' dir='ltr'><strong>unde</strong></span> <span class='ocrx_word' id='word_1_775' title='bbox 987 5587 1086 5643; x_wconf 88' lang='lat' dir='ltr'><strong>vestris</strong></span> <span class='ocrx_word' id='word_1_776' title='bbox 1100 5587 1259 5647; x_wconf 90' lang='lat' dir='ltr'><strong>doctoribus</strong></span> <span class='ocrx_word' id='word_1_777' title='bbox 1274 5597 1329 5649; x_wconf 87' lang='lat' dir='ltr'><strong>tarn</strong></span> <span class='ocrx_word' id='word_1_778' title='bbox 1353 5600 1468 5651; x_wconf 79' lang='lat' dir='ltr'><strong>secrete</strong></span> <span class='ocrx_word' id='word_1_779' title='bbox 1494 5591 1532 5649; x_wconf 89' lang='lat' dir='ltr'><strong>rei</strong></span> <span class='ocrx_word' id='word_1_780' title='bbox 1563 5606 1703 5661; x_wconf 81' lang='lat' dir='ltr'><strong>arcanum</strong></span> 
     </span>
     <span class='ocr_line' id='line_1_118' title="bbox 899 5682 1016 5755; baseline 0.009 -17"><span class='ocrx_word' id='word_1_781' title='bbox 899 5682 1016 5755; x_wconf 79' lang='lat' dir='ltr'><strong>patuit?</strong></span> 
     </span>
    </p>
   </div>
   <div class='ocr_carea' id='block_1_36' title="bbox 0 0 1894 6038">
    <p class='ocr_par' dir='ltr' id='par_1_44' title="bbox 0 0 1894 6038">
     <span class='ocr_line' id='line_1_119' title="bbox 0 0 1894 6038; baseline 0 7"><span class='ocrx_word' id='word_1_782' title='bbox 0 0 1894 6038; x_wconf 95' lang='lat' dir='ltr'><strong> </strong></span> 
     </span>
    </p>
   </div>
  </div>
 </body>
</html>
