3780 6038
125 234 177 296 hii
599 222 697 286 Putat
717 226 886 284 ittrttoh‘st
906 227 956 284 EX
973 222 1092 285 JCDAEO
1112 228 1308 284 cumt'rtttttt
1717 231 1762 288 hil

160 361 277 415 Pennus.
297 357 356 411 Non
370 361 413 408 est
427 368 520 409 aarum
535 350 606 423 quod
621 349 699 408 dieis.
714 347 824 405 Sciebat
838 349 911 405 enim
925 349 954 411 Α
1000 349 1123 406 Morsus.
1140 348 1199 423 llgo
1214 365 1281 406 sana
1294 348 1361 406 nihil
1375 348 1503 408 desidero
1514 353 1567 409 nisi
1579 352 1732 411 veritatem.

126 446 202 517 quod
217 443 287 505 tilitas
302 457 365 497 suus
380 441 407 494 in
423 448 496 495 terra
512 454 565 494 non
581 448 638 494 erat
648 437 781 508 sepultus,
796 435 852 492 imo
866 453 917 508 pu·
1007 438 1125 495 Pennus.
1141 438 1280 509 Inprimis
1298 439 1389 511 itaqua
1411 456 1504 513 quaero
1520 456 1535 495 a
1550 448 1577 497 te
1593 457 1649 513 quo
1665 442 1692 496 in
1707 440 1763 499 loco

123 534 196 587 istm
206 529 278 601 quod
289 529 323 583 ab
337 528 429 599 aliqua
441 526 526 580 lte-siit
538 539 609 582 asset
618 525 840 582 detortiu⁸·ll⁰0
850 539 918 598 “8⁰
971 532 1068 590 luerint
1082 544 1237 592 sanctorum
1247 537 1355 602 aalma,
1367 551 1429 592 euru
1444 553 1490 593 eas
1504 538 1532 593 in
1547 538 1660 594 inlerno
1674 541 1765 596 eredas

121 617 348 674 dixitsecundum
379 617 526 671 animam:
552 615 621 682 Quia
649 616 685 670 nd
712 613 805 675 fitium
823 627 918 669 meum
972 622 1131 679 nonenim,

122 709 221 777 lupeno
234 706 271 760 ard
284 707 391 774 inseror
424 704 601 759 descendum.
618 705 657 758 he
668 703 692 756 si
708 702 811 756 diceret
827 717 834 754 :
849 699 919 770 Quia
1007 704 1128 768 nome,
1143 714 1173 767 1„
1188 710 1259 768 emto
1274 711 1366 784 utique
1381 712 1467 768 fuere,

127 798 251 844 mortuus
275 796 314 841 est
347 786 419 841 illius
450 801 539 849 maus,
568 785 677 849 moriar,
700 792 728 840 et
754 783 788 838 ud
818 784 919 838 inieras
1007 798 1127 857 pfflm,¹
1143 800 1183 855 De
1201 802 1251 855 {100
1271 801 1362 864 estam,
1379 817 1482 873 quw,
1507 803 1658 874 responde·
1678 803 1766 860 saun,

124 886 169 939 uhi
191 883 281 938 anima
308 882 368 952 ejus
393 891 448 947 est,
464 890 490 937 et
504 897 598 937 omues
622 880 720 936 anianae
739 887 917 941 mortuorum.
973 903 1056 960 quam
1071 887 1231 962 collegeris
1250 888 1294 944 vet
1309 888 1439 954 audieris,
1455 905 1600 963 quousque
1625 892 1768 963 21250590.

118 972 218 1045 lugeas
235 971 387 1027 deveniam.
413 970 483 1039 Quin
512 979 538 1024 et
563 969 614 1023 hoc
640 976 750 1022 testatur
772 967 860 1036 Dauid
886 968 913 1021 in
969 984 1170 1044 raguseorum,
1196 976 1500 1049 quiinneeromnntiea
1523 988 1585 1035 arte
1610 990 1764 1052 operantur,

119 1056 228 1115 Psalmo
243 1074 305 1114 eum
326 1058 392 1113 dicit
406 1075 414 1112 :
432 1057 502 1126 Ouid
516 1060 557 1113 eet
577 1054 657 1112 ltome
671 1058 719 1127 qui
733 1057 805 1111 uiuet
818 1058 846 1111 et
857 1069 915 1111 non
968 1077 1056 1148 possit
1068 1076 1229 1132 ascendere·

119 1147 222 1204 uidebit
232 1152 361 1211 martem,
374 1150 402 1201 el
410 1149 490 1201 cruet
501 1145 719 1200 calmontensem
728 1143 764 1199 de
775 1160 863 1201 mona
876 1144 917 1199 iu·
1005 1166 1130 1221 Mopsus,
1150 1166 1243 1238 Usque
1258 1164 1293 1220 ,d
1309 1163 1515 1223 &mmmmm
1533 1168 1734 1222 [antummodo.

118 1236 174 1308 seri
184 1235 292 1304 amant.
312 1238 458 1301 cxxxviii.)
469 1233 521 1287 Per
531 1232 584 1287 hoo
595 1246 712 1304 namque
726 1246 778 1309 quo
787 1231 834 1287 ait:
850 1231 916 1307 Ouia

308 1323 314 1336 .
353 1323 358 1334 .
569 1322 575 1334 .
631 1322 637 1333 .
832 1320 837 1330 .
898 1320 903 1330 .
1008 1273 1127 1328 Parnes.
1146 1272 1180 1327 Et
1195 1280 1285 1343 potest
1297 1271 1362 1327 illud
1378 1270 1550 1345 aliquatenus
1566 1274 1707 1329 transire?

120 1328 162 1379 est
176 1324 314 1395 laceraeque
333 1326 405 1378 uiuet
427 1324 456 1378 et
479 1320 652 1377 conueniebat
674 1324 805 1385 inertem,
830 1328 917 1391 renuat

118 1410 221 1466 utillum
248 1425 309 1465 esse
324 1410 369 1482 qui
385 1425 439 1464 non
463 1408 595 1464 moriatur
625 1408 776 1474 homiuem,
793 1424 843 1478 per
865 1408 918 1463 hoe

118 1506 209 1554 autem
232 1497 305 1569 quod
319 1505 371 1561 est,
391 1500 418 1552 et
430 1499 511 1552 eruet
532 1497 659 1551 enimam
674 1511 756 1552 auom
777 1496 811 1551 de
828 1513 917 1553 nauca

119 1587 216 1658 interl,
235 1585 353 1639 insinuat
366 1584 468 1639 nullam
486 1591 609 1653 tempore
627 1599 677 1638 suo
692 1583 810 1641 animam
825 1585 859 1639 de
874 1585 917 1638 in-

120 1673 188 1730 lerni
205 1688 285 1728 manu
298 1672 418 1744 potuisse
433 1671 549 1727 seruari.
581 1671 711 1727 Ezechias
725 1688 833 1747 quoque
849 1681 875 1726 ut
891 1672 959 1759 inB

120 1762 188 1817 lsaia
211 1761 328 1833 legimus
346 1758 410 1817 lieet
437 1760 621 1814 bonushomo
646 1767 672 1815 et
693 1767 802 1814 satietas
827 1759 918 1826 inerit,

120 1851 191 1907 sieut
205 1848 369 1905 lucratione
385 1863 433 1902 sua
448 1856 563 1902 testatur
585 1847 644 1918 ipse
660 1865 720 1903 eum
737 1847 819 1901 alarii:
838 1848 920 1903 Obse-

128 1946 920 2017 cio,bomineanementoqaesoqunmahretribationem

119 2051 215 2093 coram
226 2037 254 2090 te
271 2033 435 2089 inveritate
452 2035 480 2088 et
501 2035 532 2088 in
551 2032 632 2090 corde
650 2036 785 2111 perfecto.
799 2038 827 2090 et
847 2034 921 2106 quod

119 2136 221 2192 bootem
231 2137 275 2189 cal-
286 2132 414 2188 tamuda
427 2134 485 2186 tuis
503 2132 620 2203 fecerim
631 2129 757 2202 (lVlleq.
774 2132 830 2202 xx),
847 2130 919 2197 lieet,

118 2222 239 2293 inquam,
256 2231 367 2275 satietas
395 2219 484 2285 iuuerit,
501 2219 535 2273 ad
565 2218 706 2274 inleruum
727 2229 859 2274 tamense
873 2219 921 2274 de·

120 2325 279 2364 scansurum
293 2324 354 2363 esse
368 2306 498 2372 ostendit,
517 2321 578 2363 oum
593 2306 620 2359 iu
637 2308 813 2380 sequentibus
836 2305 919 2363 dicit:

122 2395 256 2467 Caedici,
267 2396 297 2452 la
307 2395 423 2451 discidio
434 2395 542 2450 dicrum
554 2411 680 2450 rhaeorum
694 2394 793 2464 eodum
803 2394 839 2450 od
849 2412 916 2468 por-

124 2493 267 2565 tusinserl
285 2494 354 2562 (lun.
367 2494 494 2563 xxxvia).

151 2626 273 2682 densas.
290 2624 318 2680 si
328 2623 364 2687 ita
377 2631 418 2679 eet
429 2631 455 2681 ut
471 2624 584 2689 asseris,
596 2631 659 2679 tuno
669 2632 696 2680 et
706 2624 915 2694 patriarcharum

120 2715 218 2770 animm
230 2721 256 2768 et
269 2714 694 2783 prophetaram,eaeterorumque
703 2721 918 2767 sanctonunom-

120 2803 192 2857 nium
222 2811 284 2857 aute
311 2809 428 2856 mortem
458 2799 538 2861 illius,
556 2816 635 2870 quem
665 2799 801 2857 Christum
815 2800 915 2860 diuitis.

119 2888 318 2954 defunctorum,
334 2904 386 2943 una
411 2904 472 2943 eum
492 2887 636 2943 animabus
655 2887 800 2958 impiorum
814 2888 840 2946 iu
856 2888 917 2945 loeo

121 2994 175 3034 uno
189 2978 334 3034 demoratae
348 2984 422 3031 suut.

155 3103 285 3157 Pennus.
307 3101 407 3156 Verum
422 3097 544 3168 prolecto
559 3105 608 3163 est,
627 3099 698 3171 quod
713 3099 738 3154 in
755 3099 918 3155 obscuritate

122 3205 217 3245 omnes
244 3205 277 3246 ao
305 3187 434 3252 tenebris,
451 3188 499 3242 sed
524 3203 579 3242 non
606 3196 684 3242 eraut
698 3203 794 3243 omues
809 3188 835 3241 iu
852 3187 918 3242 loeis

121 3277 281 3348 paenalibus,
311 3276 370 3331 siue
398 3274 550 3345 suppliciis,
575 3277 727 3344 hauriente
755 3276 850 3331 merita
871 3292 918 3329 sua

121 3365 323 3421 retribuebatur
345 3363 460 3434 singulis
476 3373 663 3418 verumtamen
678 3380 774 3418 omnes
789 3364 816 3418 iu
830 3363 917 3419 inler-

122 3468 158 3508 no
172 3453 258 3508 etsub
282 3453 343 3519 jure
357 3458 437 3506 erant
451 3451 562 3507 diaboli.
588 3452 686 3507 Nullus
709 3454 781 3507 enim
797 3461 918 3506 manuus

123 3549 158 3603 ab
179 3549 262 3604 Adam
286 3564 372 3620 usque
395 3548 430 3605 ad
452 3557 567 3604 mortem
590 3548 689 3605 Christi
704 3551 823 3606 claaustra
837 3550 917 3608 devi-

121 3644 188 3701 tavit
208 3643 317 3710 iulerni,
338 3654 364 3698 et
384 3645 435 3700 hoc
454 3645 620 3715 percipimus
647 3661 683 3700 ex
705 3646 796 3702 verbis
820 3649 915 3718 Mopsi.

123 3733 244 3805 quicum
266 3731 336 3787 filios
364 3732 448 3787 lsrael
479 3732 638 3788 admoneret
667 3734 754 3790 lacere
781 3744 918 3807 praecepta

124 3829 241 3897 Domini,
260 3839 287 3885 et
302 3829 341 3885 eis
355 3829 519 3900 praediceret
541 3847 601 3902 qum
621 3830 683 3887 inde
699 3833 811 3904 praemia
825 3841 918 3889 assent

122 3928 249 3994 babituri,
263 3928 331 3984 nihil
350 3944 469 4000 aurarum
484 3928 517 3983 da
533 3928 697 3984 beatitudine
718 3930 854 4000 pollicitus
877 3939 917 3985 est

122 4024 255 4102 paradisi.
289 4026 385 4082 Notum
411 4025 483 4082 euim
509 4025 564 4094 jam
593 4036 690 4082 ertuue
715 4028 801 4082 luerat
827 4029 917 4081 omni-

123 4116 173 4171 bus
200 4115 336 4171 neminem
359 4114 424 4171 illue
451 4129 513 4171 esse
534 4114 697 4170 intraturum
719 4124 781 4170 auto
802 4126 916 4171 anonam

124 4212 236 4269 Christi.

159 4345 285 4399 lllorses.
297 4342 358 4398 Non
373 4343 409 4399 ob
423 4342 476 4400 hoo
490 4341 587 4414 opinor
600 4345 673 4417 quod
688 4345 777 4400 dixisti
793 4345 828 4402 de
843 4363 921 4418 para-

124 4441 184 4509 diso
197 4439 271 4512 ioqui
290 4439 397 4510 hiaryses
415 4439 530 4510 distulit,
550 4440 598 4496 sed
617 4445 729 4511 agnovit
751 4444 812 4516 qum
829 4447 919 4517 magis

1009 1379 1133 1435 llousas.
1150 1378 1244 1433 illrum
1265 1385 1306 1433 est
1322 1379 1396 1449 quod
1411 1379 1523 1447 quanm,
1541 1395 1605 1435 euna
1618 1396 1675 1435 non
1690 1380 1771 1437 solum

971 1483 986 1522 a
1001 1465 1180 1538 sapientibus,
1196 1467 1244 1522 sed
1263 1474 1316 1521 eta
1338 1466 1439 1522 vetulis
1455 1468 1483 1521 in
1500 1468 1651 1538 proverbio
1674 1469 1771 1525 dietum

971 1571 1033 1612 esse
1046 1553 1175 1618 audieris,
1196 1563 1299 1609 tautum
1314 1554 1398 1613 linires
1412 1555 1440 1608 in
1456 1554 1517 1622 boe,
1540 1564 1676 1626 quantum
1691 1556 1769 1615 babet

972 1639 1096 1700 diabolus
1111 1642 1138 1697 iu
1153 1643 1239 1699 omlis.

1010 1751 1131 1805 Pennus.
1159 1750 1238 1807 Nune
1257 1748 1340 1821 igitur
1362 1749 1426 1805 velo
1454 1748 1530 1805 (liena
1545 1751 1773 1823 quaemadmodum

974 1843 1074 1908 eredas
1089 1844 1188 1903 laetum
1207 1845 1280 1916 quod
1306 1844 1333 1899 iu
1348 1843 1417 1898 libro
1444 1845 1546 1918 legitur
1567 1847 1658 1917 primo
1671 1849 1771 1921 Regum

975 1934 1047 2005 (unp.
1063 1942 1168 2001 xxviii),
1185 1932 1337 2008 Samuelem
1362 1932 1467 1989 seilicet
1487 1950 1536 2005 per
1550 1935 1700 1991 mulierem
1715 1954 1771 2008 quae

974 2023 1120 2091 pythonem
1150 2021 1267 2075 habebat
1288 2022 1459 2088 suscitatum,
1483 2039 1619 2079 verumne
1639 2025 1714 2080 euim
1728 2025 1771 2094 luit

975 2110 1032 2164 siue
1047 2110 1240 2165 fantasticum?

1009 2216 1131 2270 Morsus.
1147 2213 1236 2269 linitis
1254 2213 1342 2269 modis
1357 2215 1479 2286 prolecto
1495 2233 1589 2271 rernm
1606 2216 1767 2282 ostenditur,

974 2318 1027 2358 uno
1042 2303 1151 2375 quidem
1179 2303 1251 2375 quod
1277 2302 1342 2359 inde
1364 2308 1489 2374 patenter
1503 2305 1636 2376 loquitur,
1656 2307 1772 2379 qualiter

974 2399 1079 2456 seilicet
1092 2400 1127 2455 de
1141 2408 1212 2455 terra
1222 2400 1389 2463 ascenderit,
1404 2401 1490 2479 qualis
1506 2400 1596 2456 laima
1609 2402 1679 2471 ejus,
1696 2412 1769 2471 atas,

971 2497 1217 2569 vestimentumque
1247 2498 1337 2563 luerit,
1354 2508 1380 2552 et
1403 2499 1541 2568 quomodo
1570 2512 1607 2554 ex
1632 2497 1770 2570 partanei

970 2587 1061 2643 omnia
1071 2602 1131 2657 quae
1144 2585 1207 2645 Saul
1218 2587 1353 2660 quaesivit,
1368 2586 1500 2642 veraciter
1511 2587 1572 2655 ipse
1584 2589 1767 2658 responderit,

971 2683 999 2730 et
1013 2674 1143 2748 quidquid
1158 2673 1234 2750 dixit,
1260 2674 1355 2729 iulaum
1377 2674 1441 2728 lule
1462 2675 1610 2747 quidquam
1641 2693 1696 2733 non
1712 2675 1765 2743 luit,

970 2762 1024 2817 alio
1036 2778 1110 2824 vero,
1125 2763 1198 2834 quod
1217 2762 1320 2817 Soulia
1337 2771 1468 2832 potestate
1493 2763 1617 2819 mulieris
1641 2782 1704 2819 esse
1719 2770 1768 2825 sci·

971 2866 1020 2923 ret,
1037 2858 1110 2930 quod
1135 2858 1290 2917 Samuelem
1318 2857 1449 2913 suscitare
1464 2867 1566 2928 posset,
1599 2860 1694 2935 utique
1709 2877 1768 2915 euru

971 2955 1096 3011 suscitari
1111 2972 1165 3010 non
1180 2963 1303 3028 rogaret,
1320 2955 1400 3009 tertio
1426 2965 1528 3016 autem.
1554 2957 1630 3027 quad
1646 2956 1769 3013 diatones

931 3051 1058 3115 Gnostri
1074 3053 1158 3108 Deum
1189 3051 1265 3107 Sauli
1293 3060 1439 3122 peecatum
1469 3069 1548 3106 aarum
1565 3053 1591 3107 iu
1617 3064 1707 3111 morte
1722 3070 1769 3109 aua

972 3139 1289 3206 usseruntooudouasse,
1309 3156 1341 3196 aa
1357 3139 1442 3211 ipsius
1457 3140 1593 3195 Samuelis
1607 3143 1643 3197 ad
1659 3142 1769 3199 Saulem

972 3252 1111 3293 sermone.
1132 3238 1169 3293 lix
1186 3237 1237 3293 hoc
1250 3237 1322 3292 enim
1333 3237 1404 3305 quod
1415 3236 1498 3291 dicit:
1517 3238 1770 3297 tricameratae

971 3320 1077 3387 nttttat
1086 3321 1389 3391 rnecurneritiet't‘bid.).
1401 3321 1580 3389 eoniprcbaat
1591 3322 1701 3377 Saulem
1709 3339 1769 3379 eum

971 3410 1098 3465 Samuele
1112 3408 1139 3463 in
1152 3409 1244 3464 iocum
1257 3408 1399 3463 deuenisse
1415 3409 1523 3480 quietis.

1008 3516 1125 3571 Parrus.
1143 3515 1277 3571 Varamue
1292 3531 1325 3569 an
1342 3513 1439 3569 laisum
1449 3513 1539 3581 luerit,
1556 3515 1660 3575 diutius
1675 3517 1768 3589 dispu-

971 3611 1027 3659 tare
1043 3619 1095 3658 uon
1111 3602 1216 3674 ntae-t.
1236 3604 1288 3658 Sed
1303 3603 1326 3659 si
1356 3603 1392 3657 ita
1407 3611 1458 3667 est,
1486 3611 1515 3663 ut
1542 3605 1657 3677 asseris,
1681 3607 1769 3678 qualia

970 3708 1020 3760 per
1036 3700 1120 3749 arten
1130 3692 1358 3747 neeromantieam
1369 3692 1456 3762 putuit
1467 3692 1602 3758 suscitari,
1618 3694 1643 3751 si
1655 3694 1685 3751 iu
1696 3694 1769 3751 emlu

971 3780 1067 3834 assati
1082 3778 1159 3849 Qatod
1171 3781 1193 3834 si
1208 3781 1234 3836 iu
1251 3780 1321 3836 aaran
1350 3796 1403 3834 raon
1420 3789 1488 3843 erat,
1505 3780 1600 3849 procul
1619 3781 1706 3848 dubia
1720 3783 1769 3838 suh

971 3863 1074 3918 diaboli
1086 3866 1158 3931 jnre,
1175 3872 1202 3919 et
1215 3865 1240 3919 in
1257 3864 1363 3920 inferno
1379 3865 1551 3935 quiescebat.

1007 3969 1128 4024 tianeus.
1147 3971 1222 4025 Beate
1236 3971 1300 4025 uiihi
1317 3969 1458 4025 insidiatus
1482 3986 1522 4033 es,
1540 3978 1566 4024 ει
1587 3970 1659 4027 bene
1675 3988 1718 4028 rua
1733 3970 1769 4027 ri·

971 4056 1042 4122 cinti,
1071 4057 1192 4128 satisque
1220 4060 1273 4114 hue
1300 4075 1387 4129 usque
1416 4064 1628 4122 mtensnmea,
1655 4060 1769 4131 qualiter

971 4152 1112 4207 devenerit
1138 4156 1219 4208 honio
1234 4154 1260 4208 in
1277 4170 1385 4208 manum
1411 4154 1523 4208 diaboli.
1554 4154 1687 4225 Sequitur
1701 4171 1766 4227 erqo

973 4248 1001 4295 ut
1014 4241 1154 4312 explanes,
1166 4259 1215 4297 cur
1236 4244 1299 4297 inde
1324 4259 1386 4296 eum
1402 4244 1475 4298 Deris
1488 4243 1623 4308 eduxerit,
1638 4258 1701 4299 euin
1718 4245 1766 4299 de·

971 4336 1063 4392 cidere
1079 4355 1225 4410 perpessus
1241 4340 1289 4396 ait.

1010 4445 1127 4499 Puraus.
1145 4447 1278 4500 Darianato
1298 4446 1381 4518 igitur
1404 4462 1509 4517 genere
1526 4446 1647 4502 humano
1662 4463 1696 4502 ex
1711 4462 1766 4502 ser·

124 4536 218 4593 relhis
233 4534 385 4592 visibilibus
396 4536 544 4609 bonisque
555 4554 727 4610 summopere
743 4543 917 4615 exoptabant,
975 4533 1062 4603 petitis
1090 4535 1215 4597 oonsilio,
1245 4539 1272 4590 et
1299 4535 1379 4607 primi
1403 4534 1524 4605 parentis
1553 4535 1619 4591 Adae
1649 4543 1766 4605 petratio.

123 4633 159 4688 ab
172 4631 354 4689 obediendum
365 4631 417 4686 Dei
429 4634 572 4705 praeceptis
584 4634 739 4700 admonere,
750 4637 790 4691 val
802 4653 920 4708 praesen.
973 4631 1111 4696 damnato,
1141 4633 1261 4703 inquam,
1290 4647 1324 4688 aa
1350 4633 1460 4704 duplici.
1492 4638 1519 4687 ut
1537 4633 1767 4697 alsemannum

124 4721 197 4778 tibus
211 4719 290 4776 malis
305 4719 500 4792 laboribusque
521 4737 589 4793 quos
611 4722 751 4788 timebant,
768 4724 803 4779 ab
818 4725 919 4798 iniqui·
974 4727 1095 4791 maritata,
1108 4731 1237 4800 quoniam
1256 4729 1361 4785 inierunt
1379 4729 1456 4784 multi
1465 4728 1551 4785 sancti
1567 4729 1630 4795 viri,
1642 4730 1688 4802 qui
1698 4728 1767 4784 nullo

125 4818 225 4875 tatibus
238 4815 295 4872 auis
314 4825 408 4887 posset
425 4816 603 4884 absterrere;
625 4836 706 4892 quam
726 4822 748 4876 si
766 4821 802 4878 de
824 4823 921 4881 tuturis

124 4906 265 4979 suppliciis
288 4904 461 4978 praediceret,
477 4913 525 4961 aut
541 4907 645 4963 ooelesti
662 4925 744 4981 quarn
760 4912 922 4971 nesciebant

124 5001 301 5059 beatitudine.

159 5139 281 5195 Parnes.
301 5140 388 5197 Prava
402 5149 444 5197 ast
459 5141 511 5197 ista
530 5150 574 5196 tua
591 5141 696 5212 opinio.
725 5147 793 5200 Nam
810 5148 832 5201 si
848 5156 871 5201 at
887 5149 921 5202 de

125 5225 224 5294 duplici
236 5225 359 5295 premio,
374 5235 400 5283 et
414 5228 449 5284 de
463 5228 565 5300 duplici
580 5231 693 5286 cumeis
707 5242 802 5305 agaret
817 5235 923 5305 suppli-

127 5313 180 5384 oi0,
200 5320 276 5369 tanto
295 5314 382 5387 magis
410 5324 437 5371 et
462 5317 497 5371 ad
526 5316 627 5373 malum
657 5319 824 5390 fugiendum,
846 5326 922 5380 etad

125 5409 226 5475 bonuau
239 5408 402 5466 admoueret
416 5412 651 5483 amplectendum.
681 5418 816 5474 Preeterea
830 5431 921 5477 autem

127 5498 150 5555 ei
163 5498 205 5553 uis
219 5497 362 5554 ostendam
383 5498 431 5553 tibi
444 5501 592 5557 secuudum
613 5511 686 5561 tuam
701 5505 785 5576 ipsius
800 5510 921 5565 creduli·

126 5594 220 5654 tatem,
236 5595 397 5642 sanetorum
420 5586 526 5643 anianus
547 5589 572 5642 in
594 5591 700 5646 interno
716 5594 812 5655 lauisse.
829 5608 853 5652 rt
870 5600 920 5653 sub

107 5681 295 5751 dabnlsjure,
313 5690 380 5739 ante
394 5682 499 5740 Chr-isti
513 5695 645 5745 mortem.

973 4827 1119 4880 commisso
1134 4842 1183 4881 suo
1206 4827 1232 4881 in
1247 4826 1371 4898 laqueum
1398 4826 1557 4882 deciderant
1584 4827 1702 4892 diaboli,
1718 4825 1766 4881 nisi

974 4913 1021 4968 illo
1036 4914 1121 4968 aeteri
1147 4930 1262 4985 neceam
1277 4932 1309 4970 ae
1336 4915 1415 4986 quusi
1440 4917 1494 4985 lam
1512 4915 1640 4979 naturali,
1658 4916 1767 4971 intuitus

975 5003 1026 5058 hoa
1041 5002 1152 5070 perieris
1168 5005 1298 5062 Conditor
1312 5005 1432 5071 hnmani,
1449 5007 1549 5074 pietate
1565 5012 1656 5059 mutus
1670 5020 1702 5060 aa
1716 5004 1765 5058 mi-

975 5099 1131 5167 serieordia,
1148 5118 1194 5157 eos
1209 5104 1271 5158 iude
1287 5103 1370 5158 natiuit
1385 5102 1507 5157 liberari.

1010 5213 1132 5269 ilousus.
1149 5216 1267 5282 Etcum,
1284 5226 1312 5272 ut
1328 5217 1440 5281 asseris,
1456 5231 1538 5285 super
1551 5230 1600 5268 eos
1616 5212 1695 5273 luerit
1709 5213 1765 5283 pie-

975 5309 1029 5356 tate
1043 5313 1203 5369 canrmotus,
1233 5323 1318 5378 ‹qurure
1346 5321 1395 5360 eos
1422 5303 1523 5359 ibidem
1540 5300 1634 5356 tandiu
1654 5298 1765 5356 detineri

975 5396 1017 5443 est
1032 5406 1137 5460 pazsus,
1155 5393 1278 5449 videlieet
1293 5393 1328 5448 ad
1346 5393 1422 5448 iltius
1438 5408 1520 5464 quem
1535 5388 1675 5447 Christum
1689 5387 1766 5458 apel·

974 5476 1035 5532 lutis
1049 5488 1163 5550 tempus.

1020 5600 1138 5653 Pennus.
1154 5598 1214 5652 Nun
1229 5598 1281 5652 hoe
1297 5612 1362 5651 sune
1386 5593 1488 5665 lustitia
1517 5590 1620 5664 aliqua,
1647 5606 1696 5647 aec
1707 5588 1763 5646 sola

977 5697 1043 5754 tecit
1067 5697 1167 5767 pietate
1192 5713 1254 5757 nau,
1266 5712 1299 5749 ae.
1322 5693 1440 5766 remetiri
1457 5692 1587 5757 beatitate,
1604 5702 1633 5745 at
1650 5686 1761 5759 uiutplex
