3780 6038
85 208 180 278 ‘aar
674 205 855 263 mannaan
874 209 1016 266 tonans
1037 209 1065 266 s.
1086 210 1195 295 nttsu
1303 180 1306 185 ’
1537 174 1541 181 ’
1720 215 1764 267 ru

113 333 151 392 ris
163 333 208 390 rel
230 331 330 389 amoris
356 331 405 387 Dei
436 337 535 387 attactu
564 346 612 402 pro
638 331 696 386 sola
722 331 913 388 cousuetudine
927 335 954 397 A
969 343 996 390 et
1011 342 1099 392 tamen
1115 351 1169 391 non
1183 335 1222 392 sic
1235 336 1409 394 vereenndari
1430 342 1459 392 nt
1486 343 1584 393 taceat.
1614 335 1676 391 Hoc
1703 334 1767 393 bene

114 423 248 495 explenda
262 421 296 476 ad
311 420 425 476 dicenda
439 428 562 490 peccata,
579 435 627 474 sua
646 435 676 474 se
698 419 824 493 ingerunt
844 421 916 476 aesti·
970 425 1045 481 norit
1058 425 1194 494 peccatrix
1210 425 1255 481 illa
1270 427 1368 481 mulier
1393 442 1454 496 quae
1480 433 1507 482 et
1534 424 1621 494 venit,
1652 431 1684 478 ut
1711 440 1767 494 pec·

115 526 220 574 mantes
233 534 261 572 se
286 525 398 587 propter
418 516 504 572 solum
531 516 676 573 verborum
699 518 881 587 prolationem
902 535 919 574 a
970 528 1029 576 cata
1043 538 1091 577 sua
1104 538 1134 577 se
1148 521 1312 578 abscondere
1327 524 1399 579 nolle
1422 523 1576 578 ostenderet
1593 522 1677 587 (Luc.
1699 523 1766 591 virt:

115 607 206 663 debito
234 613 405 678 peccatorum
429 621 538 661 sucrum
563 604 678 661 absolvi.
706 605 810 675 Quibus
847 616 917 664 recte
970 618 995 664 et
1010 619 1100 665 tamen
1114 626 1168 665 nou
1184 617 1255 679 aute,
1271 611 1318 668 sed
1334 619 1405 667 retro
1419 612 1499 681 stetit,
1525 618 1555 665 ut
1578 609 1769 665 verecundiam

116 705 239 761 dicitur:
265 704 341 759 Prius
369 703 499 769 flendum,
534 711 629 775 postea
664 703 856 760 confitendum.
885 707 915 760 ln
969 706 1141 776 turpitudinis
1165 724 1221 762 suae
1244 724 1272 763 se
1302 708 1440 763 attondere
1465 707 1679 764 demonstraret.
1708 707 1770 761 Pro·

117 794 285 850 confessione
301 807 417 863 namque
431 799 602 863 peccatorum
623 793 761 848 hominem
786 801 814 848 et
835 811 914 850 verc-
969 802 1028 866 pter
1041 797 1093 851 hoc
1107 804 1178 851 recta
1192 796 1290 852 dieitur
1313 796 1409 853 :Prius
1430 795 1561 865 flendum,
1592 802 1691 867 postea
1717 811 1773 850 con

118 890 230 946 enodari
249 896 363 962 oportet,
383 895 412 945 ut
437 889 575 946 humiliter
600 906 660 961 quae
687 890 752 946 lecit
774 899 913 964 agnoscat,
968 891 1113 948 fitendum.

344 1466 654 1572 ttottltNttttt
690 1466 752 1570 ΙΝ
789 1466 987 1571 ntulit
1035 1466 1579 1593 Qutotttttustttru.

162 1872 173 1898 ι
185 1848 261 1904 Abiit
269 1848 345 1904 lesus
354 1855 425 1904 unns
435 1865 510 1905 mere
520 1844 650 1916 Galilaeae,
663 1847 735 1919 quod
747 1854 788 1903 est
802 1846 923 1903 'liberia-
936 1846 963 1907 B
978 1846 1150 1919 evangelicus
1163 1845 1239 1902 cibus
1262 1845 1364 1918 incipit,
1382 1846 1429 1902 sed
1447 1845 1522 1918 prius
1532 1861 1582 1916 per
1591 1842 1780 1899 remissionem

124 1938 166 1993 dis
177 1937 268 2007 (loon.
280 1935 330 2008 ιι).
345 1936 485 1993 »Audiens
501 1937 577 1993 Jesus
600 1936 663 2007 quia
673 1936 788 1992 Joaones
806 1936 925 2008 llaptisto
978 1949 1149 2008 peecatorum
1166 1942 1321 1998 vulneribus
1336 1942 1469 1999 medicine
1490 1941 1627 2010 tribuitur,
1643 1950 1672 1997 et
1692 1950 1782 2012 postea

124 2025 272 2082 decollatus
287 2026 520 2094 esset,seeessita
539 2025 627 2095 patria
653 2041 702 2080 sna
729 2025 758 2079 in
781 2040 834 2095 qua
863 2031 925 2081 tunc
978 2047 1080 2088 mensae
1093 2030 1208 2086 coelestis
1222 2031 1350 2086 alimonia
1362 2029 1530 2102 expenditur.
1549 2031 1614 2086 Non
1635 2037 1680 2086 est
1704 2029 1782 2102 igitur

124 2112 284 2170 morabatur
298 2113 325 2169 in
342 2114 466 2170 navicula
481 2114 612 2170 inlocum
635 2111 768 2168 desertum
791 2128 923 2168 seorsum.
979 2127 1133 2177 necessum
1161 2134 1313 2189 quaeramus
1340 2135 1415 2175 escas
1440 2118 1468 2173 in
1495 2118 1567 2174 villis
1598 2126 1625 2174 et
1655 2117 1779 2185 mullis,

163 2243 174 2269 u
191 2221 301 2276 Etcum
316 2218 453 2275 audissent
473 2219 559 2275 turbae
585 2227 684 2275 secutae
712 2226 774 2273 sunt
795 2234 857 2274 eurn
882 2235 925 2291 pe
981 2218 1031 2272 boe
1044 2223 1084 2272 est
1102 2231 1136 2271 ne
1150 2214 1305 2270 deseramus
1322 2231 1421 2287 paoem
1435 2214 1508 2283 ritae,
1531 2214 1621 2286 pretio
1647 2212 1731 2269 studii
1755 2222 1781 2270 ct

125 2316 498 2372 eneaeuocanthunc
516 2316 610 2372 extens
637 2315 705 2372 riuti
734 2316 839 2371 tubam
862 2315 926 2372 mut·
979 2305 1088 2370 laboris.
1110 2312 1230 2360 ementes
1254 2304 1476 2376 philosophorum
1501 2303 1639 2359 doctrinas
1658 2303 1716 2358 suis
1741 2318 1781 2358 ra-

127 2412 193 2474 tam,
208 2412 235 2459 et
249 2404 373 2460 misertus
387 2412 426 2460 est
449 2405 517 2475 ejus,
543 2412 570 2460 et
591 2405 695 2461 curant
715 2404 859 2478 languidos
883 2420 928 2462 eo·
980 2393 1366 2463 fi⁰¹¹ib1¹³¹¹¹1¹¹¹5¹⁸btl1¹⁸fflm
1392 2401 1468 2465 9³⁸¹ss
1493 2392 1676 2449 delectemur·
1705 2390 1780 2461 Qu⁰d

120 2509 199 2549 rum.
217 2514 228 2542 a
259 2493 331 2548 Bene
360 2492 460 2548 dictum
488 2500 528 2549 est
556 2493 676 2560 secessit,
704 2510 758 2549 non
786 2494 865 2567 sugit,
895 2500 925 2548 ut
980 2499 1069 2547 autem
1092 2490 1214 2561 discipuli
1237 2490 1371 2546 desertum
1392 2489 1483 2545 dicunt
1497 2489 1668 2556 esselmuro,
1685 2489 1782 2562 ligurrit

126 2580 281 2638 ostendatur
304 2581 392 2654 magis
414 2597 475 2637 eum
504 2582 704 2652 persecutiones
731 2582 815 2638 vitare
844 2599 925 2654 quarn
979 2580 1086 2636 ludaeos
1099 2587 1297 2634 murmurantes
1310 2580 1344 2635 de
1359 2579 1533 2636 conversione
1551 2579 1689 2651 gentium.
1716 2578 1781 2633 llice

128 2678 232 2733 timere.
254 2676 442 2749 Opportunum
459 2694 576 2749 namque
593 2687 699 2751 tempus
712 2695 768 2736 suae
788 2680 926 2750 passionis
980 2669 1063 2724 18ὓὶθὲ
1078 2667 1215 2723 5¹¹001'11ffi
1231 2684 1298 2724 V⁰0e
1315 2683 1322 2722 ²
1339 2690 1350 2716 t
1367 2668 1546 2740 medem&
1570 2666 1649 2738 quasi
1663 2667 1736 2722 Slfflfl
1749 2665 1782 2720 εἰ·

128 2775 297 2840 exspectaos,
314 2773 341 2822 et
356 2766 458 2823 vitabtu
471 2784 504 2822 ne
518 2766 665 2823 homicidio
688 2767 722 2823 dc
740 2768 843 2824 Ioanne
865 2769 927 2840 juo·
982 2766 1043 2822 titire
1058 2766 1124 2834 (lae.
1140 2766 1200 2834 xa).
1218 2788 1228 2814 ι
1247 2768 1314 2821 ltern
1332 2784 1337 2820 :
1357 2788 1368 2814 n
1386 2764 1488 2821 Omnes
1506 2772 1602 2838 gentes
1626 2763 1708 2836 quasi
1729 2778 1783 2820 non

127 2862 235 2929 geretur
248 2854 424 2911 homicidium
439 2855 526 2912 dese.
542 2856 591 2912 Vel
605 2855 666 2912 ideo
681 2857 801 2923 secessit,
810 2865 839 2913 ut
849 2857 928 2914 nobis
980 2855 1043 2922 sint,
1058 2855 1097 2910 sic
1109 2862 1172 2909 sunt
1184 2870 1276 2910 corarn
1292 2869 1324 2910 eo
1339 2853 1444 2925 (ictu).

126 2945 259 3015 praeberet
277 2944 432 3015 exemplum
447 2943 564 3001 vitandae
583 2945 748 3013 temeritatis,
773 2945 841 3001 ultro
871 2953 926 3002 tra·
1019 2952 1381 3025 «ResponditeiPltilippus:
1401 2954 1583 3008 Ducentomm
1603 2949 1779 3008 denariorum

128 3040 247 3097 dandum
275 3057 314 3098 se.
343 3043 405 3098 Non
433 3043 504 3098 enim
533 3059 627 3100 ornnes
654 3042 750 3100 eadem
778 3045 928 3101 constantia
982 3059 1065 3115 panes
1082 3058 1136 3098 non
1151 3040 1285 3098 sufficiunt
1312 3042 1351 3097 eis
1379 3050 1408 3097 ut
1431 3040 1614 3111 nnumuisque
1642 3039 1781 3096 modicum

131 3129 339 3201 perseverantia
347 3131 486 3185 tormentis
496 3146 550 3201 qua
565 3148 594 3186 se
613 3131 777 3202 torquendos
795 3131 922 3189 offerunt.
982 3131 1047 3202 quid
1057 3131 1182 3202 accipiat.
1203 3131 1236 3186 Et
1250 3130 1314 3186 dicit
1329 3130 1376 3185 cis.
1393 3129 1698 3200 Quctpaneshabetis‘?
1716 3128 1785 3185 Dicit

131 3216 341 3273 l’etcndoetiam
362 3218 533 3274 solitudinem
558 3220 695 3275 turbarum
717 3217 771 3275 fide
794 3236 829 3275 an
852 3203 967 3292 sequiG
984 3220 1008 3273 ci
1022 3236 1090 3275 unus
1103 3235 1137 3275 ex
1151 3219 1289 3289 discipulis
1304 3219 1377 3290 ejus,
1403 3219 1523 3274 Andreas
1556 3215 1641 3273 irater
1666 3216 1785 3274 Simonis

131 3314 225 3362 curent
237 3307 372 3378 explorat,
388 3312 414 3362 et
428 3307 571 3377 probatam
586 3307 671 3380 digna
695 3308 819 3365 mercede
840 3326 931 3366 remu·
982 3315 1053 3371 Petri
1069 3334 1075 3371 :
1092 3315 1138 3370 list
1152 3331 1220 3387 puer
1234 3332 1301 3370 unus
1320 3316 1364 3372 hic
1383 3316 1427 3386 qui
1450 3315 1532 3371 habet
1551 3315 1674 3386 quinque
1698 3331 1782 3387 panes

132 3399 217 3447 uerat.
233 3392 331 3447 Turbae
352 3399 515 3448 autemnon
535 3392 676 3462 iumentis,
706 3409 761 3450 non
788 3395 929 3468 vehiculis,
984 3403 1149 3460 hordeaceos
1162 3411 1188 3459 et
1203 3404 1272 3458 duos
1288 3404 1389 3476 pisces.
1410 3404 1463 3460 Sed
1478 3405 1536 3459 baec
1555 3403 1622 3474 qnid
1646 3403 1787 3458 suntinter

135 3489 183 3544 sed
209 3489 318 3561 proprio
345 3489 438 3545 labore
462 3489 562 3561 pedum
590 3490 641 3547 iter
665 3490 761 3547 deserti
790 3493 930 3564 arripiunt,
985 3494 1096 3548 tantos?
1110 3492 1168 3548 Nisi
1183 3491 1250 3549 torte
1264 3508 1415 3549 noscamus
1428 3501 1454 3547 et
1477 3508 1600 3549 emamus
1624 3491 1653 3546 in
1677 3507 1785 3548 omnero

135 3586 161 3634 et
174 3577 268 3633 salutis
286 3576 448 3633 desiderium
467 3578 620 3636 ostendunt.
650 3582 750 3635 Rursus
777 3581 835 3652 ipse
863 3582 933 3639 exci-
985 3592 1055 3646 hanc
1071 3590 1175 3645 turbam
1190 3606 1274 3646 escas,
1290 3589 1342 3660 Qui
1358 3590 1394 3646 aii
1413 3591 1474 3646 eis:
1502 3588 1602 3645 afferre
1629 3588 1696 3645 illos
1721 3587 1787 3645 mihi

135 3665 235 3739 piendi>
249 3664 387 3738 saligam,
403 3666 526 3722 d000⁰d⁰
541 3666 648 3736 ῑῦὸθῐθῦι
663 3669 784 3725 5θῦθῦἆο
805 3678 932 3743 oesswwb
986 3681 1047 3735 lroc.
1059 3680 1096 3734 Et
1107 3678 1235 3750 praecepit
1249 3679 1301 3733 illis
1317 3686 1348 3734 ut
1366 3678 1524 3735 accumbere
1547 3677 1670 3733 iacerent
1693 3693 1787 3734 ornnes

134 3753 283 3810 recreando
293 3753 555 3852 jejunosquantum
579 3754 614 3811 de
635 3756 745 3813 notione
767 3757 933 3815 credentium
985 3767 1133 3823 secundum
1147 3766 1325 3823 contubernia
1339 3783 1420 3839 supra
1430 3766 1514 3821 viride
1540 3765 1648 3821 fenum.
1679 3766 1715 3821 Et
1736 3765 1788 3821 die

135 3842 283 3898 (ῘθῙθῦῑθῑῦΐ
300 3841 429 3897 “mimmi-
449 3841 535 3898 ᾸῙῑῑθΓ
562 3849 703 3914 P⁰⁸¹q¹¹³ffl
732 3845 804 3917 ΨΜ
826 3846 934 3904 J⁰d³³⁰⁸
987 3865 1136 3922 cubuemnt
1150 3865 1178 3919 in
1191 3872 1281 3935 partes
1295 3882 1344 3936 per
1357 3872 1484 3921 centenos
1498 3871 1526 3920 et
1545 3880 1595 3935 per
1618 3863 1788 3936 quinquage-

136 3937 279 4011 Pfflphefi‘l
293 3951 389 4033 V0⁰fl¹¹¹
404 3936 530 4009 Wdldilr
548 3937 652 3995 uansiit
671 3937 705 3995 ἃᾶ
727 3939 862 3997 desertum
886 3944 935 3999 Ec·
987 3970 1046 4012 nos.
1065 3976 1075 4003 u
1094 3953 1241 4023 Quaesierat
1256 3953 1417 4009 Dominusa
1435 3952 1559 4024 Philippo
1582 3959 1692 4008 tentans
1715 3969 1788 4020 euro,

135 4026 384 4097 clarummane
401 4026 519 4082 carebat.
542 4027 639 4083 Turbae
660 4028 848 4098 relinquebant
871 4031 935 4088 ciri·
989 4042 1408 4114 quodsoannescomm0m0m1‚
1436 4041 1506 4096 unde
1531 4057 1593 4096 esea
1613 4041 1676 4096 dari
1699 4050 1789 4111 posset

137 4123 212 4186 tates,
228 4115 310 4170 idest
331 4115 457 4184 pristinas
484 4116 700 4173 conversationes
726 4126 753 4173 et
775 4118 934 4192 dogmatum
988 4142 1288 4212 ,urbaeffloenjmquja
1302 4139 1453 4215 ignorantia
1467 4139 1560 4210 popuii
1576 4146 1632 4194 emi
1656 4138 1686 4195 in
1711 4141 1785 4212 ¹680?

21 4242 26 4247 '
135 4205 287 4260 memes·
303 4203 382 4273 Qu⁰d
396 4203 461 4260 ‘¹5⁰5‘
483 4204 577 4260 mens
598 4205 732 4278 Siffnffifflt
754 4208 826 4276 ΨΜ
850 4209 935 4266 ΨΜ
989 4231 1108 4303 qrtandiu
1122 4232 1194 4286 enim
1210 4231 1443 4303 legiturlloyses:
1457 4228 1586 4283 Velamen
1607 4227 1729 4300 positum
1751 4235 1790 4284 est

136 4292 279 4348 habuerint
293 4291 460 4349 voluntatem
474 4292 555 4347 eundi
577 4293 611 4348 ad
635 4309 708 4361 eum,
735 4295 838 4352 scilicet
864 4297 935 4353 riree
987 4337 1068 4391 supp,
1082 4320 1163 4376 meda
1178 4335 1279 4384 eorum,
1297 4325 1439 4389 propterea
1463 4316 1574 4371 tentatio
1602 4315 1651 4371 illa
1680 4315 1789 4373 Domini

135 4396 189 4436 non
204 4380 365 4448 habuerunt,
381 4387 407 4435 et
415 4379 477 4436 ideo
492 4379 617 4435 Salvator
625 4381 736 4438 chriam
750 4384 848 4456 pergit.
987 4408 1169 4480 ignomnfiam
1184 4407 1306 4478 discipuli
1322 4404 1532 4461 demonstrabat,
1557 4403 1664 4459 Eadem
1689 4406 1789 4475 quipp,

174 4516 185 4541 u
202 4494 425 4564 vespam'autem
440 4495 511 4551 lactc
526 4495 837 4553 accedentesduodecim
852 4497 933 4554 dixe·
989 4496 1159 4568 simplicitate
1188 4511 1241 4565 qua
1269 4495 1415 4566 Philippus,
1448 4492 1564 4562 loquitur
1591 4500 1617 4548 et
1651 4494 1785 4550 nodmas.

134 4582 931 4658 runtilli:Dimitteturbus,uteuntesincastellavillasque,
948 4558 1043 4642 DSed
1069 4584 1199 4640 Dominus
1223 4582 1340 4638 ostendit
1367 4579 1497 4651 gratuitas
1524 4579 1644 4635 credenti
1689 4582 1790 4653 populo

134 4687 194 4742 qua
204 4672 346 4727 circasuot
362 4670 504 4740 divertant,
520 4679 547 4727 et
563 4672 702 4728 inveniunt
711 4689 795 4742 escas,
812 4676 875 4746 quia
889 4677 934 4732 hic
987 4690 1016 4729 se
1031 4672 1123 4744 largiri
1138 4688 1212 4726 escas
1225 4671 1320 4726 eadem
1334 4671 1454 4742 benigna
1472 4675 1605 4739 potestate
1629 4685 1687 4738 qna
1706 4671 1791 4743 gratis

133 4761 161 4815 in
175 4761 280 4816 deserto
295 4760 356 4816 loeo
370 4775 473 4815 sumus.
489 4760 566 4815 Jesus
581 4769 670 4816 autern
685 4761 755 4816 dixit
779 4761 850 4818 illis:
870 4763 933 4819 Non
986 4760 1144 4816 redimendo
1157 4767 1243 4815 sanat.
1262 4761 1330 4815 Puer
1350 4759 1438 4814 terens
1466 4773 1550 4829 panes
1575 4773 1639 4812 cnm
1670 4759 1790 4830 piscibus

130 4858 231 4914 habent
245 4874 354 4914 necesse
369 4857 418 4925 ire,
435 4856 496 4913 date
512 4856 564 4912 illis
579 4874 629 4914 ros
644 4857 816 4915 manducare.
836 4882 847 4909 i,
871 4860 930 4916 pm
984 4866 1053 4905 unus
1067 4850 1100 4904 do
1115 4848 1253 4920 discipulis
1267 4848 1325 4916 luit,
1342 4848 1385 4904 vel
1408 4846 1476 4903 forte
1504 4845 1602 4916 aliquis
1626 4844 1663 4901 de
1694 4847 1785 4904 turba.

130 4948 361 5019 voeatapcstolos
376 4947 410 5003 ad
425 4947 586 5002 tractionem
602 4963 714 5019 panum,
745 4956 784 5014 ut,
813 4947 866 5003 illis
894 4956 931 5004 te-
985 4944 1063 5014 Quod
1091 4951 1181 4999 autern
1208 4942 1349 5014 Philippus
1376 4940 1419 4996 rel
1452 4939 1573 4995 Andreas
1612 4939 1790 5014 singulariter

128 5034 261 5091 stantibus
283 5052 313 5090 se
333 5051 388 5091 non
406 5035 517 5102 lubere,
542 5034 700 5107 magnitudo
722 5034 792 5108 signi
821 5036 930 5092 notitior
982 5042 1078 5097 dicitur
1092 5040 1163 5113 apud
1177 5040 1319 5106 loannem,
1350 5039 1401 5093 boc
1428 5036 1474 5092 alii
1501 5036 1682 5109 evangelistae
1709 5037 1789 5094 disci-

128 5122 184 5188 liat,
204 5124 284 5179 simul
303 5124 451 5194 insinuans,
476 5124 539 5194 quia
560 5124 680 5194 quotidie
697 5139 747 5196 per
769 5138 815 5180 eos
836 5141 928 5180 sumus
982 5131 1060 5203 pulos
1075 5129 1212 5201 plumliter
1226 5127 1325 5183 dixisse
1339 5126 1467 5193 referunt,
1491 5124 1677 5197 intelligentes
1701 5143 1786 5182 unuin

125 5220 264 5290 pascendi.
280 5222 351 5290 Quid
366 5223 438 5277 enim
467 5230 551 5295 agunt
580 5223 672 5276 Petrus
700 5229 727 5277 et
756 5221 852 5276 Paulus
880 5238 928 5293 per
981 5235 1036 5290 prae
1052 5218 1155 5273 eaeteris
1169 5217 1241 5288 loqui
1257 5217 1299 5271 rel
1326 5223 1455 5287 ponentes
1480 5213 1614 5285 pluralem
1638 5230 1786 5271 nnmerum

12 5330 17 5345 ··
63 5373 67 5379 =
126 5308 263 5379 epistolas,
279 5309 329 5363 nisi
344 5316 373 5364 ut
397 5317 500 5365 mentes
524 5318 628 5367 nostrus
648 5310 783 5366 alimentis
807 5309 925 5365 coelesti-
979 5323 1028 5378 pro
1042 5306 1181 5379 singulari.
1199 5304 1379 5360 contubernia
1401 5302 1521 5374 intellige
1550 5300 1674 5358 diversas
1702 5302 1813 5360 liumi‘*

125 5396 176 5451 bus
198 5399 333 5466 poscant?
349 5398 379 5451 ln
396 5414 507 5469 vespere
527 5397 619 5454 turbas
636 5398 728 5468 reficit,
752 5398 816 5469 quia
830 5398 857 5452 in
871 5396 926 5455 fine
978 5421 1042 5459 num
1057 5402 1206 5470 societates,
1224 5401 1269 5472 qui
1284 5400 1318 5456 de
1333 5400 1446 5457 dirersis
1460 5399 1685 5466 rillisrenerant,
1704 5399 1784 5470 juxta

122 5485 213 5540 saeculi
226 5484 424 5556 propinquitate
439 5501 499 5540 cum
514 5486 677 5555 soljustitiae
705 5502 753 5558 pro
778 5486 856 5542 uobis
879 5502 924 5543 oc-
976 5491 1048 5562 qnod
1063 5492 1161 5546 milites
1187 5491 1214 5543 in
1236 5489 1332 5544 codem
1358 5487 1530 5543 tabernaculo
1553 5487 1716 5544 societatem
1739 5490 1783 5544 ha·

122 5572 222 5642 cubuit,
234 5589 250 5629 a
264 5572 368 5628 diutina
383 5573 529 5644 spiritualis
544 5574 641 5631 inediae
655 5575 728 5630 lame
742 5590 834 5630 sumus
855 5574 922 5631 libe·
976 5581 1070 5636 bentes
1083 5578 1136 5634 dici
1146 5579 1235 5634 solent
1247 5576 1466 5633 contubernales.
1482 5574 1609 5646 Quinque
1619 5592 1709 5649 panes
1718 5584 1783 5634 suot

37 5672 41 5683 ’
100 5668 168 5728 'rati
184 5670 257 5729 Nota
276 5670 403 5733 ordinem
429 5671 561 5747 mysterii.
593 5673 656 5732 Post
684 5672 821 5732 delectum
850 5672 922 5751 legis
975 5670 1096 5746 unumne
1107 5666 1278 5741 librillopst,
1287 5667 1350 5738 <ruia
1358 5663 1501 5736 inopibus
1519 5664 1588 5738 legis
1603 5671 1780 5738 mortemer
1818 5686 1823 5691 ·
