3780 6038
111 253 179 308 tati
661 247 832 306 WElle'lil
852 249 998 306 scottis
1018 249 1049 305 S.
1073 248 1184 307 atttstt
1717 246 1771 303 titt

111 377 187 442 mini,
222 375 248 430 in
283 380 391 447 eruor-ta,
426 382 536 448 propter
569 392 595 433 tv
628 376 741 433 ordines
766 373 1095 444 librorumdallieitur,
1115 375 1159 432 rel
1178 374 1348 433 comedendo
1378 375 1562 442 delectatur,
1586 370 1636 430 rei
1665 372 1777 430 monitu

111 465 214 521 scilicet
239 463 309 537 legis
335 464 505 520 Psalmorum
534 466 742 538 prophetorum,
759 473 786 523 et
804 464 908 521 initium
961 464 1033 521 male
1051 472 1195 535 operatur.
1214 466 1261 521 llis
1274 465 1395 538 quinque
1410 464 1529 521 viribus
1556 476 1635 519 carc
1649 463 1777 533 superarit

111 553 908 627 evangelii.Quamvislibetlloysisnarratelectosriros
961 553 1079 625 primum
1108 553 1256 621 homiuem,
1278 562 1304 611 et
1337 555 1419 612 horno
1456 550 1631 618 succubuit,
1664 552 1776 623 queraris

112 649 247 706 exstitisse
258 649 284 703 in
296 648 382 720 primo
394 659 418 705 et
430 650 908 715 secundaettertiaeetatemondino·
962 650 1066 722 positus
1085 659 1159 709 esset
1173 652 1200 708 in
1215 652 1355 723 paradiso,
1376 651 1425 709 sed
1447 650 1537 722 prius
1560 664 1706 722 aggressa
1723 665 1774 707 esse

111 755 174 795 men
183 754 215 794 eo
226 746 349 810 tempore
361 739 469 811 scripsit
480 747 564 795 totum
576 741 603 795 in
614 756 668 812 quo
676 740 909 811 deputaturlegis·

111 826 909 902 latiolleecautemutraquetempora‚scilicetquintaheb·

112 925 227 981 domada
241 932 267 979 et
282 933 378 996 qtrnrts
402 925 526 981 intimant
545 926 626 982 nobis
648 926 728 982 etiam
743 925 907 983 rationalem

112 1013 340 1087 praeparationem
367 1022 480 1086 propter
510 1015 630 1087 quinque
658 1032 756 1071 sensus
778 1016 905 1083 hominis,

115 1103 263 1176 quiinsunt
282 1102 388 1173 corpori
406 1110 511 1170 nostro,
533 1111 559 1159 et
585 1111 697 1178 propter
719 1112 835 1175 qttatuor
848 1103 907 1160 ele·

110 1204 212 1267 menta,
233 1200 331 1270 quibus
360 1205 468 1256 constat
495 1216 594 1272 corpus
619 1209 752 1258 nostrum.
775 1201 812 1256 At
836 1217 908 1258 nuuc

119 1290 204 1344 artius
218 1289 328 1344 additur
342 1289 506 1354 intellectus,
524 1291 571 1358 erui
595 1305 649 1346 uon
677 1290 768 1345 minus
782 1291 909 1347 convenit

110 1377 304 1450 prmparelioni
320 1377 452 1433 adrentus
464 1377 581 1433 Domini.
595 1378 714 1435 Dicimus
723 1379 908 1435 duosordines

112 1491 174 1533 esse
199 1477 334 1547 justorum
361 1476 388 1532 in
416 1477 539 1533 Ecclesia
567 1485 669 1544 nostra,
692 1478 738 1551 qui
753 1479 908 1535 studentes

961 740 1103 797 mulierem
1127 748 1156 797 ut
1179 740 1341 799 debiliorem
1365 751 1493 813 partem.
1522 738 1605 797 nudi
1620 737 1659 793 de
1674 739 1774 795 muliere

962 829 1074 902 quando
1087 828 1207 903 quinque
1226 830 1352 885 sensibus
1371 828 1505 901 corporis
1539 827 1690 900 peccarit.
1705 829 1773 883 Auri·

961 926 1012 982 bus
1029 928 1232 999 persuasionem
1248 929 1348 985 diaboli
1362 927 1474 1000 accepit
1489 933 1520 982 et
1543 924 1707 988 consensit.
1722 942 1772 982 cun

962 1014 1008 1071 ille
1035 1017 1097 1071 talia
1124 1017 1261 1074 intimaret
1280 1017 1375 1074 diceus
1396 1033 1403 1073 ε
1424 1040 1438 1067 s
1461 1018 1496 1072 ln
1522 1031 1607 1088 quac
1620 1031 1724 1088 umque
1739 1015 1772 1072 die
1815 1074 1817 1081 ,

960 1105 1115 1162 comederis
1134 1122 1166 1162 ert
1186 1107 1402 1179 cooperientur
1426 1104 1506 1163 oculi
1536 1103 1646 1173 vestri,
1670 1105 1772 1161 eteritis
1815 1102 1817 1111 '

962 1201 1029 1257 sicut
1046 1202 1097 1270 Dii,
1114 1202 1231 1258 scientes
1250 1202 1351 1259 bonum
1379 1208 1406 1259 et
1430 1201 1548 1257 malum
1588 1202 1680 1272 (Gen.
1697 1201 1770 1271 tu).-

963 1292 1032 1348 Dcce
1047 1291 1158 1363 quando
1173 1291 1271 1346 mulier
1285 1306 1335 1362 per
1349 1290 1477 1346 auditum
1493 1289 1659 1348 succubuit
1672 1305 1680 1360 ;
1706 1290 1774 1347 modo

961 1380 1073 1435 attende
1101 1380 1208 1452 quaudo
1237 1379 1474 1436 odoratuetrisu
1499 1379 1636 1451 decepta
1659 1386 1714 1436 est.
1740 1378 1775 1434 tit

962 1477 1104 1550 Scriptura
1121 1495 1128 1532 :
1141 1500 1151 1527 e
1170 1476 1245 1533 Vidit
1255 1477 1353 1533 mulier
1362 1477 1563 1550 quodbouum
1575 1484 1656 1533 essct
1669 1476 1774 1548 liguum,

111 1580 269 1637 praeparare
293 1566 327 1620 ad
351 1566 553 1638 suscipiendum
577 1575 721 1622 venturum
745 1568 903 1624 Dominum.
961 1574 988 1623 et
1014 1566 1049 1621 ed
1077 1567 1244 1642 vescendum
1272 1582 1367 1634 suave,
1395 1574 1423 1623 et
1452 1566 1620 1638 pulchrum
1636 1565 1733 1633 oculis,
1755 1573 1777 1621 et

110 1655 187 1710 Unus
201 1653 268 1709 ordo
285 1653 312 1708 in
339 1656 463 1712 seculari
486 1656 694 1711 couversatione
710 1657 822 1713 studet:
839 1657 908 1712 alter
962 1665 1075 1727 aspectu
1091 1655 1251 1712 deleciabile
1266 1656 1366 1727 titia).
1390 1655 1491 1711 »Cum
1506 1654 1582 1712 dicit
1605 1675 1639 1711 :u
1658 1669 1741 1710 suave
1755 1677 1775 1721 s,

112 1746 141 1802 in
157 1747 282 1818 spiritali.
304 1749 345 1804 De
359 1750 454 1805 ordine
470 1751 643 1807 saecularium
662 1736 809 1822 possumus
823 1750 906 1806 intel·
920 1733 947 1794 13
963 1763 1039 1826 eopia
1050 1763 1092 1811 est
1104 1754 1220 1811 odoratu
1240 1774 1246 1810 :
1272 1771 1334 1811 cum
1348 1754 1386 1810 ait
1407 1774 1413 1808 :
1438 1777 1451 1803 n
1481 1754 1643 1825 pulchrum
1658 1752 1743 1808 oculis
1758 1778 1776 1820 ι,

111 1844 196 1917 ligere
211 1846 284 1917 quod
299 1846 379 1902 lectio
404 1848 468 1904 dicit
491 1848 517 1902 iu
543 1849 637 1918 quiuta
653 1849 824 1904 bebdomada
845 1856 908 1904 ante
961 1844 1106 1916 illaqueata
1121 1852 1162 1898 est
1177 1844 1248 1898 visu.
1264 1843 1357 1899 Adbuc
1380 1851 1544 1914 supersunt
1571 1842 1631 1898 duo
1657 1840 1775 1905 ministri,

111 1934 286 1990 Nativitatem
313 1936 431 2002 Domini,
459 1938 512 1992 hoe
533 1946 573 1992 ost
592 1938 747 1993 hodierno:
767 1961 777 1985 n
800 1939 909 2008 Propter
963 1933 1479 2003 qtritotumscelusperpetraverunt:
1509 1938 1773 2001 tactusetgustus.

113 2023 163 2078 hoc
179 2038 243 2079 ecce
259 2024 319 2078 dies
334 2026 455 2092 veniunt,
472 2026 536 2081 dicit
552 2027 691 2093 Dominus,
709 2035 736 2081 et
750 2043 803 2082 nou
818 2026 910 2082 dicent
964 2022 1031 2078 vioe
1054 2038 1122 2093 ergo
1149 2020 1258 2093 quando
1286 2037 1336 2093 per
1363 2020 1426 2075 illos
1450 2035 1521 2076 caro
1536 2022 1691 2091 inceptum
1707 2034 1775 2074 suun

113 2119 184 2176 ultra
200 2136 206 2175 :
224 2122 295 2176 l'irit
310 2123 452 2191 Dominus,
467 2124 512 2195 qui
535 2124 627 2180 eduxit
641 2131 667 2180 et
682 2124 797 2179 adduxit
815 2139 909 2180 semen
963 2119 1173 2176 consummarit.
1185 2118 1318 2190 Scriptum
1333 2125 1375 2174 est
1390 2126 1489 2174 autern
1505 2142 1517 2166 o
1529 2118 1685 2173 Ettulitde
1700 2116 1776 2173 iruetu

114 2210 210 2265 demus
224 2211 310 2266 lsrael
325 2212 359 2267 de
374 2221 446 2267 terra
471 2213 606 2283 aquilonis
629 2214 699 2271 tier.
719 2213 831 2281 sauri.»
848 2213 908 2267 nc-
963 2208 1034 2263 illius
1049 2217 1076 2263 et
1091 2207 1209 2264 comedit
1224 2207 1334 2273 (ibid).
1352 2228 1363 2255 r
1383 2208 1486 2262 Manus
1502 2207 1585 2276 tulit,
1607 2222 1643 2262 os
1658 2205 1775 2272 comedit,

114 2298 193 2353 duxit
223 2300 355 2354 Dominus
383 2299 453 2355 filios
488 2301 572 2355 lsrael
596 2301 629 2356 tle
663 2310 735 2356 terra
763 2301 908 2372 aquilonis,
963 2304 1054 2353 tactus
1069 2297 1240 2363 ministravit,
1262 2304 1356 2368 gustus
1378 2303 1541 2366 peccatum
1559 2296 1771 2353 consummarit.

114 2396 224 2467 quando
239 2396 273 2450 de
290 2397 436 2468 babylonia
453 2398 558 2453 reversi
574 2406 638 2453 sunt
652 2398 680 2453 in
696 2399 836 2467 Judttam3
857 2400 909 2455 sed
963 2395 1101 2450 Prostrata
1115 2394 1197 2465 igitur
1207 2393 1313 2466 origine
1321 2392 1457 2460 omnium,
1476 2399 1574 2448 totum
1591 2393 1727 2448 mundum
1742 2390 1774 2446 illi

114 2492 224 2541 econtra
246 2485 345 2541 melius
370 2487 481 2542 adducit
506 2493 615 2542 nostros
640 2488 727 2543 bonos
749 2487 907 2553 saeculares,
962 2483 1078 2538 ministri
1092 2483 1223 2553 deinceps
1235 2481 1428 2555 subiugabant.
1448 2481 1529 2537 Vidit
1546 2481 1642 2553 igitur
1653 2481 1774 2538 Dominus

113 2573 246 2630 Dominus
261 2574 296 2629 ad
310 2573 443 2641 Judaeum,
459 2575 486 2630 id
502 2576 537 2631 ad
549 2593 639 2633 reram
655 2576 858 2634 contessionem
874 2577 909 2633 de
962 2581 988 2628 et
1016 2572 1181 2642 Redemptor
1205 2579 1301 2627 noster
1329 2571 1394 2643 quia
1423 2584 1494 2627 caro
1524 2579 1620 2626 totum
1651 2570 1773 2626 mundum

115 2673 276 2730 contusione
290 2674 444 2745 Babyloniae
466 2675 574 2744 quando
600 2691 649 2730 cos
668 2675 766 2731 liberat
780 2677 814 2731 de
827 2683 909 2747 pote·
961 2669 999 2723 iit
1024 2669 1209 2740 exinanibat,
1239 2668 1302 2740 <tuit
1329 2667 1428 2724 tuellis
1460 2667 1772 2725 dominamsunmsibi

113 2769 183 2819 state
197 2762 296 2818 diaboli
313 2763 388 2819 etde
404 2778 521 2834 corpore
545 2763 615 2833 ejus.
639 2765 696 2820 lloc
712 2764 742 2820 lit
757 2781 804 2834 per
819 2765 908 2836 bapti·
961 2758 1161 2830 subiugavetct
1175 2757 1255 2828 (Gen.
1277 2757 1343 2823 xvrt,
1366 2755 1464 2811 habuit
1490 2772 1560 2813 curn
1585 2756 1773 2814 misericordia

113 2866 203 2907 smum
260 2868 340 2924 quom
380 2852 495 2909 ‚babent
543 2853 696 2921 saeculares,
743 2852 838 2910 fideles
882 2862 909 2910 et
961 2845 1774 2918 suacensiliumquodabhaccaptivitateliberaretmun·

112 2940 264 3012 spiritales.
960 2943 1035 2998 datm.
1065 2943 1204 2999 inimicam
1228 2958 1294 3014 ergo
1320 2951 1441 2998 nostram
1467 2957 1596 3000 carnem
1624 2943 1721 3012 induit,
1748 2948 1773 2997 ut

148 3037 200 3106 Qui
224 3039 296 3095 enim
319 3038 346 3094 iu
369 3038 461 3095 animo
482 3039 622 3111 patiuntur
645 3039 782 3113 aquilonis
797 3039 907 3113 frigidi·
961 3048 1022 3089 cum
1042 3047 1073 3088 ea
1092 3040 1237 3105 pugnarat,
1257 3040 1283 3087 ⁰²
1309 3046 1370 3087 Μ
1390 3032 1616 3102 fflfflpfimeleb
1642 3041 1671 3089 0²
1694 3032 1772 3087 mini·

113 3135 211 3193 tatem,
244 3128 367 3182 membra
394 3136 457 3183 suut
493 3128 605 3184 diaboli.
640 3128 745 3199 Quanto
773 3130 849 3200 pejor
868 3094 1035 3184 estestros
1049 3137 1114 3177 suos
1129 3121 1295 3187 debilitaret,
1324 3127 1354 3174 ut
1376 3119 1518 3191 deinceps
1532 3137 1597 3177 nou
1612 3127 1730 3194 possent
1750 3117 1773 3174 ei

114 3215 239 3272 diabolus
263 3224 335 3271 totus
359 3216 388 3271 in
408 3232 528 3289 eor-pore
553 3232 610 3282 suo,
640 3217 734 3272 idest
759 3216 909 3287 incapite,
965 3211 1102 3278 resistere,
1128 3217 1155 3265 et
1180 3209 1289 3265 domina
1317 3207 1449 3263 famulam
1481 3225 1567 3265 suam
1594 3211 1770 3284 gubernaret.

114 3321 195 3379 qnam
219 3321 301 3360 unum
325 3307 476 3361 membrum
501 3307 568 3376 ejus,
594 3311 667 3361 tanto
692 3306 911 3362 meiiusliberati
964 3308 1056 3381 Elegit
1067 3308 1160 3379 itaque
1185 3314 1384 3377 competentem
1409 3321 1538 3376 poenam,
1574 3307 1605 3363 iu
1628 3306 1772 3364 crucemin

116 3404 510 3476 sumusadiaboiipotestate
540 3414 729 3478 quamossent
757 3405 805 3461 dlii
825 3404 911 3460 lsrael
965 3399 1137 3470 quibo-*lem
1154 3405 1274 3451 nostrum
1298 3394 1525 3466 crucifigeret&
1553 3396 1772 3467 sensuspttssiffl

116 3492 257 3562 aregitrus
277 3492 475 3549 Clraldaromm.
497 3496 537 3550 De
564 3494 632 3564 ipsis
653 3495 831 3550 sacularibus
851 3509 911 3548 me·
966 3495 1085 3542 nostros·
1112 3484 1191 3540 Oculi
1217 3483 1412 3554 turpitudinem
1441 3499 1540 3554 poenae
1569 3494 1600 3541 el
1621 3485 1771 3541 insumul&

115 3588 204 3634 morat
220 3580 399 3652 Evangelium
415 3582 488 3653 quod
503 3583 529 3636 in
545 3591 645 3655 quauta
667 3592 816 3639 memorata
842 3582 911 3637 heb·
965 3585 1100 3650 viderunt,
1117 3590 1144 3639 et
1158 3583 1286 3638 tenebras
1300 3580 1574 3647 mortissenserunt‚
1587 3595 1771 3654 auresoppro

115 3677 235 3733 domatio
249 3676 357 3747 legitur.
374 3679 474 3734 Narrat
491 3679 564 3735 enirn
588 3680 809 3752 quinquemillia
824 3679 912 3736 homi·
965 3673 1026 3728 bria
1040 3672 1200 3743 turpissima
1211 3669 1363 3735 audierunt,
1374 3669 1457 3725 osait
1469 3669 1577 3727 :nSitio
1588 3674 1684 3743 (loon.
1696 3672 1768 3739 srs)‚·

114 3781 179 3821 uum
188 3765 333 3821 Dominum
346 3767 626 3839 pavisseexquiuque
638 3767 751 3837 panibus
764 3770 910 3839 (lucau).
967 3778 994 3827 et
1017 3770 1087 3826 iellis
1107 3780 1133 3825 et
1151 3770 1219 3826 aceti
1239 3766 1450 3823 amaritudinem
1483 3770 1620 3840 gustarit
1647 3788 1655 3833 ;
1683 3782 1771 3824 manns

115 3854 196 3926 Quod
209 3855 245 3911 ita
259 3854 335 3911 Beda
349 3858 461 3926 exponit
475 3856 503 3912 in
519 3856 662 3929 euangelio
683 3873 767 3926 super
782 3858 884 3912 lucam
902 3877 908 3912 :
967 3858 1104 3917 crucifixae
1118 3866 1191 3938 sunt,
1211 3866 1303 3913 ettota
1317 3870 1382 3913 caro
1397 3855 1433 3911 ibi
1447 3872 1596 3929 perpessa
1611 3867 1666 3921 est.
1680 3865 1708 3913 ut
1722 3865 1767 3911 tota

114 3956 200 4011 Erant
236 3963 326 4011 autern
364 3955 421 4012 lere
458 3955 520 4021 viri,
559 3957 683 4027 utrinque
719 3955 813 4021 millia,
850 3956 912 4027 quia
967 3948 1211 4017 uobissubjaceat,
1240 3944 1412 4016 etamplius
1442 3946 1766 4003 auimaeobedist.llcca

116 4045 234 4117 quinque
250 4054 311 4100 sunt
328 4044 480 4100 exteriores
497 4045 616 4100 hominis
630 4061 741 4108 sensus;
759 4045 803 4115 qtti
815 4060 913 4100 sensus
967 4047 1039 4101 enirn
1074 4046 1197 4115 subjacet
1229 4044 1313 4110 ricta,
1347 4057 1412 4098 ecce
1431 4043 1539 4099 ancilla
1560 4046 1759 4116 flagellatus.

116 4141 190 4189 recte
205 4135 255 4189 viri
271 4135 405 4199 dicuntur,
436 4135 499 4206 quia
521 4133 684 4189 fortissimos
706 4134 799 4189 hostes
814 4135 913 4189 animae
968 4134 1034 4189 lude
1049 4143 1090 4190 est
1105 4136 1177 4205 quod
1193 4134 1317 4204 quinique
1341 4130 1427 4185 millia
1450 4131 1507 4186 riri
1535 4133 1692 4189 Dominum
1715 4135 1765 4185 suut

115 4223 473 4279 nostraeiueisltabemus.
496 4225 604 4279 Etcum
626 4231 701 4278 osset
733 4222 842 4290 ancilla,
865 4224 913 4278 do·
968 4222 1150 4294 secationis
1182 4223 1223 4277 illi
1257 4221 1347 4277 adhuc
1372 4219 1400 4274 in
1427 4220 1563 4277 saeculari
1586 4223 1683 4278 habitu
1698 4218 1766 4292 positi

117 4319 913 4392 minamsibiservitecoegittdcnmrrl.Quaecutemerat
968 4313 1037 4368 bane
1060 4319 1220 4367 meruerunt
1254 4311 1291 4367 uti
1320 4307 1518 4378 exterioribus,
1545 4327 1614 4383 quse
1641 4308 1767 4383 possident

117 4406 178 4462 bruc
191 4407 313 4462 ancilla?
328 4409 399 4464 Caro
417 4408 553 4475 videlicet,
570 4407 604 4463 de
620 4424 673 4477 quo
687 4409 724 4462 ait
744 4408 909 4479 Apostolus:
968 4407 1026 4462 suis
1041 4407 1160 4478 quinque
1174 4406 1316 4462 sensibus.
1335 4403 1386 4474 Qui
1408 4412 1489 4460 reete
1513 4406 1646 4477 quinque
1660 4403 1766 4477 panibus

927 4456 953 4516 tt

121 4517 132 4544 a
153 4496 224 4550 Caro
250 4497 420 4568 concupiscit
442 4497 577 4553 adversus
605 4496 739 4568 spiritum,
755 4505 782 4551 et
797 4496 911 4566 spiritus
968 4496 1084 4558 aluntur,
1100 4496 1164 4568 quia
1178 4495 1248 4550 tales
1263 4509 1377 4551 necesse
1392 4500 1435 4549 est
1446 4491 1608 4565 legalibus,
1627 4493 1655 4550 id
1669 4500 1712 4550 est
1725 4508 1768 4546 sa-

116 4592 251 4649 adversus
264 4609 393 4649 earnem:
418 4595 594 4650 adversantur
614 4593 685 4649 euim
709 4593 761 4648 sibi
786 4595 845 4649 haec
859 4594 913 4649 duo
967 4586 1104 4641 cularibus
1118 4582 1363 4654 anuuopraeeeptis
1378 4581 1496 4636 imiimi·

118 4683 191 4753 (dol.
209 4684 249 4752 r).
268 4682 356 4739 »Haec
370 4698 387 4738 a
401 4684 459 4739 Deo
473 4699 569 4739 omues
584 4691 760 4753 corruperat:
781 4682 914 4754 quodvis
1004 4681 1100 4737 Officia
1115 4698 1223 4754 quoquc
1241 4696 1303 4753 quae
1316 4679 1495 4736 celebrantur
1505 4678 1534 4734 in
1552 4689 1658 4753 quarta
1672 4679 1768 4738 hebdo-

117 4772 214 4842 aliquis
229 4771 363 4827 voluntati
378 4772 438 4841 ejus
454 4773 579 4828 resistere
601 4778 719 4844 poterat,
740 4772 795 4826 imo
818 4787 914 4826 omnes
967 4770 1310 4826 matinanteNattvitatem
1335 4766 1445 4823 Domini
1474 4767 1622 4838 spiritales
1640 4786 1691 4843 per
1704 4784 1767 4842 qua-

119 4868 226 4923 Satanar
242 4869 412 4924 vendiderat.
430 4868 794 4941 Nuliapugnagrariorilla,
805 4867 915 4940 quando
968 4877 1031 4924 tuor
1042 4868 1189 4940 Evangelia
1204 4868 1238 4923 ad
1253 4867 1385 4939 potiorem
1413 4865 1621 4937 perlectionem
1644 4869 1770 4926 excitam.

119 4965 260 5021 inimicum
286 4982 366 5020 suum
391 4967 473 5021 homo
502 4968 602 5037 portat,
628 4973 654 5019 et
682 4964 821 5020 inimicum
836 4978 915 5018 suurn
968 4968 1046 5024 Unde
1061 4967 1125 5022 dicit
1139 4966 1253 5037 epistola
1269 4981 1329 5037 qnae
1343 4964 1371 5019 in
1386 4964 1486 5019 eodem
1504 4966 1613 5038 legitur
1628 4983 1636 5024 ο
1654 4991 1666 5016 ι
1684 4966 1771 5024 Scien-

120 5054 222 5125 P³⁵⁰l¹²
239 5054 349 5125 quando
364 5055 399 5111 de
413 5055 495 5111 domo
515 5056 573 5123 ejus
594 5062 635 5109 ⁰³²
655 5053 701 5122 ‘lui
717 5069 747 5108 ⁵⁰
762 5053 914 5124 imitusssflb
970 5075 1010 5120 tes
1025 5065 1089 5137 quia
1103 5067 1171 5120 hora
1185 5072 1227 5119 est
1240 5063 1296 5133 jam
1310 5078 1361 5118 nos
1385 5061 1421 5117 de
1436 5077 1537 5119 somno
1552 5080 1685 5137 surgere,
1709 5078 1773 5120 nunc

121 5152 229 5222 quaudo
245 5152 316 5207 bona
332 5152 423 5206 omnia
438 5152 464 5208 ei
495 5152 569 5214 iacit,
585 5149 725 5221 etipseei
749 5149 817 5204 mala
833 5148 915 5204 retri-
968 5162 1057 5210 arrtem
1087 5153 1197 5224 propior
1220 5161 1261 5207 est
1288 5160 1383 5207 nostra
1412 5150 1489 5206 salus
1515 5168 1606 5223 quam
1623 5170 1688 5210 eum
1721 5168 1773 5210 ere·

123 5245 197 5300 buet.
217 5247 290 5302 Talis
304 5257 346 5303 est
361 5264 446 5304 caro:
472 5265 532 5321 quae
555 5253 658 5320 quanto
683 5247 772 5319 magis
787 5247 914 5312 nutritur,
970 5252 1064 5307 dimus
1081 5254 1170 5319 (born.
1182 5249 1278 5319 steri.»
1297 5249 1337 5303 De
1357 5246 1456 5303 iisdem
1484 5248 1667 5321 spiritalibus
1679 5248 1773 5306 dicitis

121 5339 196 5388 tauto
228 5337 317 5407 magis
346 5337 487 5407 gloriatur,
518 5345 592 5392 teuto
624 5336 715 5409 magis
743 5337 770 5391 in
797 5335 916 5390 unimam
970 5357 1052 5412 snpra
1081 5340 1153 5396 dioto
1181 5338 1251 5393 litrro
1280 5338 1389 5406 (Deus.)
1422 5359 1433 5386 n
1467 5336 1542 5392 Naro
1565 5335 1776 5411 quimandosd

121 5428 221 5501 surgit.
254 5430 380 5503 Quinque
408 5437 480 5489 enim
510 5436 650 5490 ministros
676 5434 767 5500 ltnbet¹
797 5433 916 5505 qtrinque
971 5431 1111 5502 integrum
1138 5426 1305 5492 renuntiant,
1335 5433 1362 5480 et
1389 5434 1510 5497 quatuor
1532 5436 1602 5484 sunt
1626 5428 1772 5495 millia‚et

121 5543 219 5582 sensns
251 5528 385 5597 corporis,
414 5532 512 5599 quibus
540 5532 659 5588 animam
680 5532 754 5587 ducit
773 5531 916 5601 captivam.
971 5536 1074 5598 septem
1089 5526 1206 5596 panibus
1220 5523 1324 5588 relecti,
1340 5522 1394 5578 boc
1414 5531 1458 5579 est
1471 5524 1644 5597 evangelica
1661 5524 1772 5584 tectione

121 5625 237 5695 Quando
266 5625 370 5680 seilicet
393 5626 489 5696 aliquis
517 5640 623 5698 peccat,
648 5630 691 5686 vel
711 5629 829 5684 videndo
844 5628 918 5684 deci·
972 5620 1773 5695 sublirnesetspiritaligratiasuntdocti.Guinssi1ci·

121 5717 263 5788 ottoniel
278 5713 416 5773 audiendo
431 5718 585 5787 attrahitur,
602 5719 645 5774 uel
663 5717 803 5774 odorando
823 5718 916 5775 illicita
973 5714 1087 5773 dcandm
1114 5711 1249 5768 distantia
1270 5723 1353 5767 causa
1376 5708 1506 5782 mystice.
1534 5716 1567 5768 ut
1596 5726 1671 5783 reor,
1697 5709 1775 5771 inis·
