3780 6038
666 260 831 317 borentot
854 258 994 315 hBBthS
1015 257 1286 314 vtttooctttttntsts

1751 258 1805 314 ast

161 377 268 437 Christo
295 382 365 440 tacta
388 393 459 451 sunt,
484 386 611 458 quoniam
640 386 674 440 ab
688 386 748 456 ipso
776 394 802 440 et
817 384 897 441 electi
923 391 950 439 et
965 381 991 441 A
1007 382 1158 451 (tenram,
1171 383 1208 451 h).
1225 381 1294 438 Sunt
1307 382 1426 454 quidam,
1453 380 1499 449 qni
1515 380 1643 437 Romanae
1669 380 1806 437 Ecclesiae

160 470 312 525 consecrati
341 472 458 529 tuemnt.
476 477 505 530 lu
528 475 590 530 aliis
605 491 670 530 sero
695 474 831 539 omnibus,
847 473 954 529 anullis

160 555 222 610 aliis
241 556 299 614 steri
314 559 386 626 licet,
416 563 468 618 nisi
483 580 498 618 a
513 563 621 619 sicariis
645 563 753 619 Christi.
770 567 838 618 sunt
865 572 953 617 autem

160 643 255 701 vicarii
271 647 371 703 Christi
388 650 481 709 clerici
497 653 522 706 in
537 653 679 719 electione,
696 652 815 723 episcopi
826 652 956 707 inconse-

159 733 297 791 cratione.
316 737 412 794 Creteri
427 756 524 796 omnes
551 749 643 812 petere
659 741 769 813 quidem
797 741 953 811 episcopum

160 830 282 890 possunt,
299 825 401 895 eligere
430 846 495 884 sero
510 828 553 884 rel
567 846 727 887 consecrare
755 846 808 885 non
824 837 950 901 possunt.

159 909 217 967 lloc
232 924 357 969 sanctum
373 928 581 985 sacramentnm,
599 918 760 975 electionem
789 919 915 974 videlicet
929 927 956 974 et

159 1002 394 1059 consecrationem
410 1007 606 1076 apostolorum,
618 1008 739 1062 Christus
755 1008 870 1078 primum
882 1006 953 1073 lecit,

159 1103 208 1158 per
221 1090 293 1160 quod
310 1100 410 1148 caetera
426 1094 520 1150 herent
535 1105 718 1152 sacramenta.
735 1096 764 1152 Si
780 1113 844 1173 vero
859 1112 954 1152 sacra-

160 1186 290 1244 mentum,
322 1183 394 1253 quod
423 1184 550 1254 primum.
569 1193 597 1240 ut
624 1186 728 1241 dictum
757 1193 808 1250 cst,
832 1185 954 1241 Christus

159 1263 223 1320 iecit
246 1283 296 1339 per
321 1271 506 1342 semetipsum,
533 1272 611 1329 aliter
640 1272 738 1330 iactum
767 1273 847 1329 luerit
874 1289 956 1343 quam

159 1352 261 1421 docuit,
279 1357 457 1415 Sacramenta
484 1370 583 1417 caetma
611 1379 672 1433 quse
699 1371 858 1433 sequnntur,
888 1377 957 1435 quas

159 1442 233 1499 vires
249 1445 353 1502 habere
368 1448 487 1515 valeant,
503 1466 554 1507 nec
566 1451 729 1516 ratiodocet,
745 1451 957 1524 ethdesignorat

161 1530 330 1590 Christiana.
351 1535 512 1610 Quicunque
528 1556 595 1612 ergo
610 1540 809 1595 sineccnouica
825 1540 957 1595 electione

162 1628 189 1674 et
204 1621 291 1677 libera
306 1628 512 1684 consecratione
527 1629 577 1683 sub
595 1630 704 1684 nomine
719 1628 854 1699 pontificis
868 1628 955 1685 cccle-

1008 470 1099 526 omnia
1115 471 1196 527 licere
1211 478 1314 541 putant,
1329 479 1356 527 et
1371 470 1449 543 quasi
1464 468 1582 542 quadam
1597 469 1801 541 dispensatione

1008 567 1086 623 aliter
1101 584 1180 640 quam
1196 567 1290 623 divina
1310 568 1451 638 Scriptura
1474 566 1606 639 praecipit,
1625 582 1685 622 cam
1717 567 1808 623 tacere

1008 671 1101 727 posse.
1129 655 1291 728 Quicunque
1317 673 1384 729 ergo
1409 656 1449 713 sio
1472 656 1550 726 sapit.
1586 654 1698 725 decipit.
1735 656 1806 710 Nam

1009 745 1141 800 liomanoe
1152 745 1284 803 Ecclesiae
1297 754 1358 814 post
1373 747 1483 802 Petrum
1501 744 1614 801 minime
1629 744 1703 809 licet,
1732 744 1805 817 quod

1010 834 1087 889 Petro
1102 850 1156 889 non
1170 833 1257 890 licuit.
1278 835 1356 889 Petro
1366 850 1428 905 quae
1441 833 1550 903 liganda
1578 831 1770 903 erantligandi
1781 841 1807 888 et

1008 938 1071 993 quac
1084 922 1215 977 solvenda
1237 922 1361 978 solvendi
1374 931 1414 977 est
1428 939 1443 976 a
1455 921 1563 978 Christo
1591 921 1652 975 data
1674 929 1805 992 potestas,

1009 1026 1135 1082 nonquae
1150 1011 1260 1083 liganda
1284 1010 1417 1073 solvendi,
1435 1010 1477 1064 vel
1493 1026 1554 1081 quae
1569 1018 1646 1064 erant
1670 1009 1806 1065 solvenda

1009 1097 1113 1172 ligandi
1124 1114 1256 1155 concessa
1271 1099 1399 1155 l'aoultas.
1419 1100 1514 1155 Petrus
1529 1098 1634 1153 etiamsi
1658 1098 1807 1171 aliquando

1009 1186 1088 1241 aliter
1103 1186 1170 1260 egit,
1186 1188 1285 1243 Paulus
1297 1187 1360 1245 licet
1374 1186 1808 1243 inconversioneadhucnoiitius

1010 1275 1035 1331 ei
1050 1275 1190 1332 infaciem
1205 1276 1332 1332 resistere
1357 1275 1468 1331 minime
1491 1274 1580 1330 timuit
1594 1276 1668 1346 (Cat.
1699 1289 1729 1341 tt,
1746 1276 1804 1346 tt).

1010 1364 1104 1420 Petrus
1114 1381 1178 1421 vero
1192 1365 1233 1419 sui
1243 1366 1361 1434 junioris
1377 1365 1590 1435 increpationem
1606 1363 1724 1419 libenter
1741 1379 1806 1418 sus-

1010 1453 1124 1523 cipiens,
1137 1452 1207 1524 quod
1223 1453 1283 1523 plus
1295 1453 1370 1522 justo
1385 1452 1498 1518 fecerat,
1513 1452 1663 1524 diligenter
1672 1452 1803 1507 correxit.

1013 1549 1142 1603 l’raetcrca
1158 1546 1230 1602 nullu
1242 1548 1344 1603 ratione
1361 1547 1419 1602 lieri
1443 1546 1505 1603 licet
1520 1548 1592 1619 quod
1616 1546 1742 1602 Christus
1757 1563 1809 1603 suo

1012 1646 1136 1718 exemplo
1148 1662 1202 1702 non
1217 1647 1327 1713 docuit;
1344 1648 1402 1718 ipse
1430 1648 1502 1701 enirn
1518 1646 1607 1719 legem
1632 1647 1738 1701 solvere
1753 1660 1808 1702 non

159 1709 228 1765 siam
247 1712 287 1766 vol
308 1722 469 1784 potestatem
499 1718 710 1774 ecclesiasticam
738 1718 790 1772 sibi
818 1719 1095 1801 uindicaressvenp,
1111 1735 1691 1807 sed,dimppepeqpapp'v‘ngpomanq
1715 1735 1809 1805 imque

159 1801 308 1869 Plss‘fflmii·
340 1805 383 1860 ¹15⁰
407 1805 466 1873 jam
496 1821 551 1861 ¹¹0ss
589 1822 639 1879 ljer
665 1806 763 1863 (iillum
788 1806 878 1876 intrat,
907 1805 956 1862 Μ
1010 1822 1139 1880 Ecclesia
1151 1823 1304 1879 divinarum
1319 1823 1617 1895 scripturarumlegem
1632 1822 1738 1879 solvere
1753 1838 1809 1877 non

159 1886 441 1949 aflundssflsoendiiffi
458 1896 955 1967 ¹¹¹⁰¹¹ii⁰¹¹0¹¹iflielssll⁵⁰⁰i⁰⁵⁰0ffl·
1009 1911 1102 1978 dehet,
1133 1913 1181 1967 scd
1206 1929 1375 1968 conservare
1402 1922 1430 1968 et
1459 1913 1554 1967 tradita
1584 1912 1672 1966 sibia
1700 1912 1810 1967 Christo

160 1984 274 2047 putetur,
292 1982 339 2036 sed
363 1983 433 2038 inter
448 1983 521 2040 iures
550 1994 577 2040 ct
602 1985 722 2040 lntrones
745 1993 956 2041 connumeretur
1009 2010 1143 2073 „01051320
1157 2018 1210 2057 110„
1226 2002 1259 2056 ,d
1276 2018 1353 2056 suas„
1368 2001 1810 2065 vopunqapemupfflsecundum

158 2073 250 2144 (loon.
275 2096 300 2143 x,
332 2080 540 2157 l).421lste
569 2082 629 2137 aliis
653 2081 871 2139 benedictionem
900 2099 954 2138 non

159 2175 285 2247 porrigit,
302 2178 349 2232 sed
366 2182 621 2251 pestem,etvulnus
637 2183 726 2253 potius
742 2182 956 2239 interceridetur·

159 2279 239 2335 quom
255 2264 380 2335 salutem,
405 2270 450 2341 qui
465 2279 538 2327 tauta
551 2273 765 2343 presumptione
780 2273 830 2329 Dei
846 2272 958 2328 maledi·

158 2352 276 2408 ctionem
292 2364 424 2414 meretur.
457 2360 527 2415 Nam
556 2360 700 2431 episcopus
729 2360 774 2432 qui
798 2362 956 2417 canonicam

159 2441 331 2514 electionem,
348 2455 375 2501 et
389 2447 504 2504 liberam
521 2450 751 2506 consecrationem
780 2466 835 2505 non
864 2450 954 2518 habet,

157 2548 197 2595 est
213 2543 290 2613 quasi
300 2543 382 2600 arbor
393 2562 447 2601 non
475 2548 580 2603 habens
595 2548 728 2604 radicem.
762 2549 851 2605 hibor
865 2556 956 2604 autern

160 2645 222 2701 quaa
245 2631 366 2689 radicem
401 2652 455 2691 non
484 2638 574 2703 habet,
608 2638 689 2692 etiam
720 2637 820 2693 silolia
848 2637 954 2705 habeat,

160 2716 277 2775 fructum
308 2720 380 2778 icrre
407 2724 560 2781 mrllntenus
589 2725 671 2782 valet.
702 2727 744 2784 hd
767 2726 956 2797 hujuscemodi

160 2808 287 2864 arborem
299 2811 421 2867 Christus
435 2814 544 2885 quidem
563 2814 690 2883 accessit,
719 2825 745 2872 ct
760 2831 819 2873 cum
835 2815 873 2870 ibi
885 2816 955 2873 truc·

158 2911 214 2961 tum
224 2923 279 2962 non
288 2907 446 2978 invenisset,
458 2927 519 2967 eum
529 2912 666 2969 maledixit
680 2914 774 2986 (ltere.
788 2930 824 2978 nr.
841 2917 898 2981 at).
908 2912 956 2969 llle

158 2995 274 3053 manime
289 3014 305 3053 a
321 2998 379 3056 Deo
389 3000 955 3075 maledicitur,quisacramentislicelesiae

1011 2098 1095 2175 423
1115 2099 1214 2154 Christi
1232 2100 1447 2170 dispositionem.
1460 2099 1487 2154 Si
1507 2100 1586 2154 etiam
1602 2116 1616 2153 a
1631 2116 1684 2154 suo
1697 2099 1810 2170 juniore

1010 2198 1132 2254 Romano
1146 2197 1267 2269 pontilici
1294 2198 1457 2271 suggeritur,
1483 2206 1512 2252 ut
1537 2197 1560 2252 si
1575 2197 1720 2270 aliquando
1747 2197 1811 2268 plus

1007 2284 1083 2354 justo
1099 2286 1203 2351 iecerit,
1217 2286 1434 2359 justecorrigat,
1465 2294 1592 2357 tanquam
1610 2286 1705 2340 Petrus
1734 2285 1813 2340 Petili

1010 2375 1225 2430 admonitionem
1239 2376 1373 2448 suscepit,
1390 2386 1415 2431 et
1430 2376 1489 2447 ipse
1506 2375 1643 2446 suscipiet,
1657 2375 1681 2430 si
1696 2376 1810 2430 Petrum

1009 2463 1109 2519 imitari
1124 2463 1268 2520 desiderat.

1047 2602 1253 2658 Adversuseos
1281 2601 1327 2676 qui
1346 2611 1439 2659 contra
1467 2601 1567 2657 Christi
1594 2600 1806 2673 dispositionem

1010 2692 1252 2761 armentur,bonus
1267 2693 1362 2748 doctor
1384 2701 1410 2747 et
1424 2700 1528 2764 martyr
1537 2690 1688 2763 Cyprianus
1716 2690 1807 2763 loqui-

1011 2796 1065 2852 tur,
1075 2789 1169 2846 dicens
1181 2808 1188 2845 ε
1198 2791 1368 2847 Adulterum
1379 2793 1431 2858 cst,
1453 2791 1574 2862 impiam
1589 2793 1617 2845 ct
1626 2790 1809 2861 sacriloquos,

1010 2890 1192 2962 quodcunque
1203 2890 1409 2959 lrumnnosecto
1418 2886 1812 2960 instituitur‚attdispensatio

1011 2976 1118 3034 Christi
1130 2976 1362 3046 cicietur.Quisic
1371 2977 1566 3050 agittenehras
1575 2975 1812 3046 proluce‚noctem

160 3096 240 3164 quasi
254 3096 354 3153 sociari
369 3114 419 3154 sna
446 3100 590 3170 cupiditate
604 3100 753 3167 desiderat,
770 3117 824 3157 non
850 3100 951 3156 Christi
968 3103 992 3165 C
1009 3092 1058 3148 1)Γο
1073 3076 1127 3137 die·
1144 3091 1194 3147 Ρη)
1210 3076 1272 3133 ⁰5b⁰
1283 3076 1394 3137 famem·
1410 3091 1461 3147 ΡΝ)
1481 3085 1544 3148 9⁰¹⁰
1573 3074 1655 3141 mim·
1673 3090 1810 3130 menum

160 3190 304 3248 charitate.
335 3194 369 3249 Et
410 3196 499 3251 omnis
522 3198 568 3268 qui
606 3196 785 3253 sacramentis
826 3196 958 3254 Ecclesiae
1012 3164 1319 3263 Pms‘medmfflbuu’
1348 3181 1399 3235 ¹³¹⁰
1431 3164 1488 3220 ¹⁶¹³
1509 3172 1638 3219 mmm·
1670 3164 1734 3219 ΝΜ
1761 3161 1812 3220 fuit

160 3299 292 3347 caemento
306 3292 446 3347 charitatis
470 3309 523 3348 non
547 3294 675 3367 iungitur,
691 3294 820 3365 injuriam
848 3295 957 3367 quidem

162 3385 294 3444 Ecclesiae
307 3388 380 3452 tacit,
408 3391 457 3446 set
472 3392 549 3462 quasi
571 3392 661 3463 paries
688 3393 776 3448 luteus
798 3392 955 3464 dissipatur,

162 3482 208 3556 qui
234 3484 296 3540 licet
322 3486 444 3542 dealbari
468 3488 553 3558 possit
580 3489 613 3544 ad
645 3497 762 3562 tempus,
792 3489 849 3559 ejus
869 3490 960 3545 subita

161 3580 399 3654 dissolutione,qui
409 3593 471 3641 ante
485 3585 657 3642 confidebant
681 3588 708 3642 in
720 3604 763 3653 co,
780 3597 953 3659 premuntur.

162 3669 218 3727 llac
232 3670 315 3745 igitur
326 3672 503 3731 similitudine
519 3683 595 3732 recte
623 3675 761 3750 colligitur
774 3677 846 3749 quod
862 3678 907 3749 qui
923 3678 957 3733 ad

161 3766 288 3838 injuriam
303 3778 405 3828 sancte
423 3772 555 3830 Ecclesiae
582 3773 795 3831 ecclesiasticum
824 3774 957 3844 ordinem,

160 3866 185 3914 et
213 3859 329 3917 maxime
356 3860 513 3933 pontificum
540 3863 703 3935 assequitur,
735 3878 812 3919 suam
847 3863 958 3919 destru-

161 3953 281 4011 ctionem
291 3955 318 4011 in
333 3957 438 4027 primls,
454 3957 554 4014 deinde
569 3958 661 4030 pepuli
676 3966 793 4015 mortem
808 3966 952 4030 operatur.

163 4052 196 4107 ttt
210 4060 274 4110 tunc
288 4053 413 4112 Ecclesia
436 4055 560 4125 injuriam
574 4057 679 4128 pariter
701 4055 815 4112 sustinet
831 4065 857 4113 et
875 4073 955 4113 vore·

161 4150 298 4216 cundiam,
314 4151 422 4224 quando
449 4150 476 4206 iu
502 4152 630 4226 eligendo
657 4150 794 4223 pontilicc,
825 4153 958 4210 canonica

162 4239 259 4296 electio
282 4248 309 4296 et
336 4238 422 4296 libera
449 4240 617 4296 consecratio
646 4240 717 4313 perit
742 4249 769 4296 et
797 4242 869 4313 quod
898 4242 959 4298 vitm

162 4328 305 4393 meritis‚et
318 4329 460 4399 sapientiae
474 4329 604 4385 doctrinae
618 4337 702 4399 etque
717 4330 803 4386 sacris
817 4330 959 4386 ordinibus

163 4416 287 4480 debetur,
300 4416 352 4470 illis
366 4417 443 4489 quasi
454 4417 600 4488 imponitur
622 4417 719 4489 quibus
734 4434 785 4475 nec
801 4419 879 4475 honae
894 4419 956 4475 tite

160 4513 264 4577 merita,
280 4529 330 4569 nec
353 4514 492 4585 sapientiae
520 4514 654 4581 doctrina,
683 4531 734 4570 nec
751 4517 823 4572 sacri
845 4517 957 4573 ordines

160 4600 356 4675 suffragantur.
373 4603 420 4658 lsti
449 4610 597 4672 terrenum,
609 4605 664 4659 imo
680 4605 840 4675 paludosum
858 4606 958 4663 liabent

162 4699 378 4770 tundamentum,
394 4709 420 4756 et
435 4701 497 4757 ideo
511 4712 640 4759 corruunt
655 4700 739 4778 422
755 4704 801 4775 qni
830 4703 878 4758 tali
899 4703 959 4758 luu-

162 4798 291 4854 damonto
312 4798 495 4858 edittcantue.
528 4799 686 4856 [letalibus
714 4801 784 4855 etnim
814 4801 912 4857 dicitur·
932 4802 958 4856 in

162 4896 958 4972 Psalnto:projecistieos,dcmotlcvttrerttoril’sulaxxtr,

162 4991 215 5049 lh).
247 4985 364 5042 Granius
392 4988 459 5043 nihil
487 4998 530 5043 est
572 4988 643 5060 apud
667 4988 805 5044 Christum
831 4988 960 5044 Ecclesiae

160 5082 270 5154 injuria,
299 5084 374 5151 cujus
389 5096 562 5142 sacramenta
576 5086 621 5157 qui
636 5102 765 5156 perverse
793 5086 959 5156 suscipiunt,

160 5194 224 5236 cunt
239 5178 345 5235 Christo
361 5197 421 5237 esse
445 5182 487 5237 trel
514 5182 644 5253 prodesse
659 5198 714 5237 non
736 5187 864 5253 possunt.
894 5182 960 5237 Cum

163 5277 271 5332 Christo
286 5277 385 5332 etenim
400 5278 479 5332 simul
494 5286 590 5334 essent
605 5288 698 5334 contra
717 5278 857 5334 Christum
869 5277 962 5335 iacere

1010 3253 1116 3309 illomm
1130 3262 1201 3309 netas
1214 3252 1380 3309 venerabilis
1395 3268 1446 3308 nec
1461 3261 1501 3309 est
1517 3250 1811 3322 auctoritasimltanda,

1013 3342 1059 3414 qui
1074 3342 1228 3398 Susannam
1244 3342 1369 3414 pudicam
1384 3357 1562 3413 corrumpere
1576 3340 1709 3397 soluerint
1728 3357 1801 3414 ;quo

1013 3446 1073 3484 rum
1090 3439 1210 3486 veterem
1222 3430 1372 3503 nequitiem
1387 3429 1536 3495 imitentur,
1549 3430 1593 3501 qui
1619 3428 1721 3485 Christi
1734 3428 1810 3485 veri·

1013 3526 1108 3585 tutem,
1124 3528 1150 3574 et
1165 3519 1227 3589 ejus
1243 3534 1352 3591 sponsae
1374 3518 1556 3591 virginitatem
1571 3516 1675 3573 violare
1703 3516 1812 3573 machi·

1011 3615 1124 3663 uantur.
1149 3608 1183 3664 lli
1211 3615 1275 3664 sunt
1314 3607 1406 3679 utique
1436 3607 1481 3679 qui
1522 3606 1575 3662 Dei
1616 3604 1812 3676 dispositiones

1012 3696 1166 3764 immutant,
1183 3706 1209 3752 et
1223 3696 1385 3752 traditiones
1406 3710 1470 3752 suas
1483 3703 1602 3751 statuere
1625 3702 1769 3751 conantur.
1787 3696 1812 3750 Α

1013 3786 1111 3858 quibus
1139 3785 1282 3842 recedente
1310 3784 1432 3840 doctrina
1459 3783 1608 3852 Dominica,
1653 3783 1757 3841 recedit
1784 3791 1812 3839 et

1013 3874 1120 3930 Domini
1132 3873 1228 3946 gratia,
1238 3889 1353 3946 quorum
1364 3873 1809 3946 sccusactnquandoquesummns

1013 3964 1109 4019 Pastor
1123 3963 1271 4020 vindicabit
1285 3973 1309 4019 et
1325 3962 1420 4018 ultoris
1450 3962 1554 4035 vigore,
1571 3970 1596 4017 et
1604 3959 1706 4030 judicis
1728 3968 1810 4034 pote·

1013 4073 1092 4121 state.
1109 4064 1333 4135 Dispensationes
1349 4063 1458 4138 quidem
1473 4063 1500 4118 in
1523 4061 1647 4118 Ecclesia
1672 4061 1808 4119 iaciendas

1013 4160 1085 4221 sunt,
1115 4170 1170 4209 non
1194 4169 1285 4209 amore
1309 4152 1441 4225 pecuniae,
1480 4150 1521 4206 sel
1543 4150 1665 4224 quolibet
1687 4151 1808 4208 humano

1013 4243 1117 4307 favore,
1130 4242 1180 4299 sed
1194 4242 1238 4314 pia
1253 4250 1278 4296 et
1293 4240 1463 4298 misericordi
1489 4238 1813 4297 intentionc.'luncenim

1012 4349 1027 4388 a
1042 4339 1150 4403 pastore
1164 4330 1297 4388 Ecclesiae
1310 4329 1476 4403 dispensatio
1487 4329 1531 4401 pie
1547 4338 1574 4384 et
1594 4328 1812 4386 misericorditer

972 4457 997 4516 D
1014 4429 1072 4486 heri
1087 4429 1217 4497 creditor,
1233 4444 1296 4484 cum
1318 4428 1418 4501 aliquid
1428 4427 1516 4482 minus
1527 4426 1647 4497 perfecte
1656 4426 1692 4482 ad
1703 4435 1813 4500 tempus

1014 4518 1043 4573 lit
1057 4518 1092 4574 ab
1104 4518 1159 4583 illo,
1176 4517 1218 4573 vel
1237 4516 1298 4573 heri
1314 4517 1486 4588 permittitur,
1504 4531 1557 4571 non
1583 4514 1723 4571 voluntate
1751 4533 1814 4584 sua,

1012 4607 1062 4663 sed
1077 4607 1191 4662 aliorum
1207 4615 1370 4663 necessitate
1400 4606 1475 4661 nein
1494 4605 1561 4676 ipsis
1591 4604 1715 4661 videlicet
1745 4603 1814 4662 fides

1013 4704 1168 4760 Christiana
1178 4704 1356 4775 periclitetur.
1364 4704 1409 4759 Sic
1425 4703 1507 4775 iqitur
1520 4701 1645 4758 iacienda
1655 4710 1683 4758 et
1698 4701 1814 4775 dispen-

1013 4792 1082 4849 satio
1110 4790 1195 4868 424
1223 4792 1259 4847 ab
1283 4790 1414 4856 Ecclesia,
1440 4800 1469 4845 ut
1497 4788 1560 4847 iidci
1587 4799 1688 4846 uostrae
1712 4791 1815 4847 veritas

1014 4890 1198 4945 instruaturet
1212 4889 1233 4943 si
1249 4889 1313 4961 quid
1342 4888 1420 4944 aliter
1435 4889 1469 4943 ad
1490 4889 1583 4943 horam
1605 4887 1706 4944 lectum
1730 4888 1815 4945 luerit

1015 4987 1059 5043 vel
1072 4986 1246 5057 permissum,
1263 4993 1416 5057 opportuno
1431 4994 1555 5056 tompore
1569 4985 1738 5056 corrigatur.
1755 4987 1815 5043 llac

1015 5083 1164 5141 indiscreta
1187 5093 1214 5140 et
1228 5093 1321 5139 sancta
1340 5083 1543 5154 dispensatione
1581 5082 1622 5137 usi
1648 5090 1712 5139 sunt
1740 5083 1815 5139 beati

1015 5181 1130 5252 apostoli
1142 5182 1237 5236 Petrus
1248 5189 1274 5237 et
1283 5181 1381 5235 Paulus
1399 5189 1512 5251 propter
1526 5188 1628 5235 metum
1644 5180 1814 5248 iudeorum,

1015 5296 1050 5335 ne
1065 5280 1117 5349 ipsi
1140 5279 1474 5335 scandalizarentur.Nam
1500 5279 1600 5334 l'aulus
1622 5286 1685 5349 post
1699 5294 1816 5335 conver·

164 5392 245 5433 nemo
261 5383 360 5447 potest,
374 5391 435 5432 cum
450 5377 509 5447 ipse
524 5376 596 5432 dicat
613 5379 684 5446 :Qui
695 5392 752 5432 nitri
782 5382 960 5443 ostraceum,
1016 5376 1123 5431 sionem
1138 5378 1308 5433 Timotheum
1320 5376 1511 5432 circumcisum
1524 5375 1816 5437 lecitetcasremonias

162 5479 320 5532 contremo
334 5477 461 5546 cettheo.
478 5490 517 5537 xt,
533 5476 589 5546 ⁹23).
600 5476 652 5544 Qui
663 5483 755 5530 autern
780 5492 841 5531 cum
856 5476 964 5531 Christo
1017 5473 1099 5528 etiam
1114 5472 1235 5528 exercuit
1249 5472 1404 5528 ludaeorum
1420 5480 1446 5527 et
1462 5472 1558 5527 Petrus
1577 5470 1668 5542 coegit
1681 5471 1816 5544 quosdam

168 5571 964 5644 nonestnccsibiprodesse,necaliispotest,cumipse
1015 5570 1161 5644 judaizare
1190 5571 1343 5642 gentilium.
1376 5572 1496 5642 Uterque
1534 5578 1647 5626 sauctus
1674 5570 1817 5640 apostolus

165 5672 525 5740 itemmassecatzonincn
546 5670 656 5739 callipit
680 5683 802 5736 circeum,
827 5671 965 5742 dispcrqit
1019 5668 1150 5725 sititulans
1166 5686 1196 5724 se
1212 5669 1313 5724 veteris
1336 5667 1407 5740 legis
1421 5674 1559 5740 ptmcepta
1587 5680 1713 5732 sectare;
1724 5682 1758 5722 ue
1772 5666 1817 5740 qui

160 5768 256 5841 libid).
275 5767 310 5825 ltt
324 5767 387 5827 alibi
400 5766 464 5825 dicit
479 5784 486 5823 :
502 5767 569 5824 Sine
582 5781 629 5822 mc
640 5763 719 5823 nihil
731 5768 849 5837 potestte
868 5771 965 5835 tacere
1020 5764 1115 5824 lideles
1130 5782 1162 5824 ex
1177 5766 1277 5826 tutaets
1292 5764 1356 5824 iacti
1380 5764 1496 5835 lucrant,
1511 5771 1668 5839 susceptam
1694 5762 1818 5823 reritctie
