<?xml version="1.0" encoding="UTF-8"?>
<!DOCTYPE html PUBLIC "-//W3C//DTD XHTML 1.0 Transitional//EN"
    "http://www.w3.org/TR/xhtml1/DTD/xhtml1-transitional.dtd">
<html xmlns="http://www.w3.org/1999/xhtml" xml:lang="en" lang="en">
 <head>
  <title>
</title>
<meta http-equiv="Content-Type" content="text/html;charset=utf-8" />
  <meta name='ocr-system' content='tesseract 3.04.00' />
  <meta name='ocr-capabilities' content='ocr_page ocr_carea ocr_par ocr_line ocrx_word'/>
</head>
<body>
  <div class='ocr_page' id='page_1' title='image "./patrologiaecurs60unkngoog_0440.png"; bbox 0 0 3780 6038; ppageno 0'>
   <div class='ocr_carea' id='block_1_1' title="bbox 113 175 1771 253">
    <p class='ocr_par' dir='ltr' id='par_1_1' title="bbox 113 175 1771 253">
     <span class='ocr_line' id='line_1_1' title="bbox 113 175 1771 253; baseline 0.013 -23"><span class='ocrx_word' id='word_1_1' title='bbox 113 182 167 239; x_wconf 75' lang='lat'><strong>869</strong></span> <span class='ocrx_word' id='word_1_2' title='bbox 570 175 862 237; x_wconf 70' lang='lat' dir='ltr'><strong>ucmovnssotvtcs</strong></span> <span class='ocrx_word' id='word_1_3' title='bbox 880 176 933 235; x_wconf 84' lang='lat' dir='ltr'><strong>SS.</strong></span> <span class='ocrx_word' id='word_1_4' title='bbox 954 176 1106 239; x_wconf 74' lang='lat' dir='ltr'><strong>Persou.</strong></span> <span class='ocrx_word' id='word_1_5' title='bbox 1125 212 1160 228; x_wconf 89' lang='lat'><strong>-·</strong></span> <span class='ocrx_word' id='word_1_6' title='bbox 1180 182 1242 239; x_wconf 82' lang='lat' dir='ltr'><strong>tta.</strong></span> <span class='ocrx_word' id='word_1_7' title='bbox 1263 179 1288 241; x_wconf 90' lang='lat' dir='ltr'><strong>l.</strong></span> <span class='ocrx_word' id='word_1_8' title='bbox 1713 192 1771 253; x_wconf 75' lang='lat'><strong>87⁰.</strong></span> 
     </span>
    </p>
   </div>
   <div class='ocr_carea' id='block_1_2' title="bbox 107 301 1762 486">
    <p class='ocr_par' dir='ltr' id='par_1_2' title="bbox 107 301 1762 486">
     <span class='ocr_line' id='line_1_2' title="bbox 109 301 1760 382; baseline 0.006 -20"><span class='ocrx_word' id='word_1_9' title='bbox 109 304 266 372; x_wconf 85' lang='lat' dir='ltr'><strong>tentaverit,</strong></span> <span class='ocrx_word' id='word_1_10' title='bbox 281 304 341 362; x_wconf 87' lang='lat' dir='ltr'><strong>siae</strong></span> <span class='ocrx_word' id='word_1_11' title='bbox 355 302 478 377; x_wconf 89' lang='lat' dir='ltr'><strong>periculo</strong></span> <span class='ocrx_word' id='word_1_12' title='bbox 491 301 568 360; x_wconf 82' lang='lat' dir='ltr'><strong>exire</strong></span> <span class='ocrx_word' id='word_1_13' title='bbox 587 319 643 361; x_wconf 92' lang='lat' dir='ltr'><strong>non</strong></span> <span class='ocrx_word' id='word_1_14' title='bbox 661 303 766 375; x_wconf 87' lang='lat' dir='ltr'><strong>possit:</strong></span> <span class='ocrx_word' id='word_1_15' title='bbox 786 301 871 359; x_wconf 91' lang='lat' dir='ltr'><strong>veluti</strong></span> <span class='ocrx_word' id='word_1_16' title='bbox 885 302 908 358; x_wconf 91' lang='lat' dir='ltr'><strong>si</strong></span> <span class='ocrx_word' id='word_1_17' title='bbox 921 303 952 367; x_wconf 86' lang='grc' dir='ltr'><strong>Α</strong></span> <span class='ocrx_word' id='word_1_18' title='bbox 965 305 1036 377; x_wconf 91' lang='lat' dir='ltr'><strong>apud</strong></span> <span class='ocrx_word' id='word_1_19' title='bbox 1051 306 1177 364; x_wconf 85' lang='lat' dir='ltr'><strong>homines</strong></span> <span class='ocrx_word' id='word_1_20' title='bbox 1192 308 1282 376; x_wconf 89' lang='lat' dir='ltr'><strong>electi,</strong></span> <span class='ocrx_word' id='word_1_21' title='bbox 1306 310 1378 382; x_wconf 91' lang='lat' dir='ltr'><strong>apud</strong></span> <span class='ocrx_word' id='word_1_22' title='bbox 1401 312 1488 369; x_wconf 88' lang='lat' dir='ltr'><strong>Deum</strong></span> <span class='ocrx_word' id='word_1_23' title='bbox 1511 312 1603 370; x_wconf 82' lang='lat' dir='ltr'><strong>fenum</strong></span> <span class='ocrx_word' id='word_1_24' title='bbox 1629 315 1760 374; x_wconf 85' lang='lat' dir='ltr'><strong>existunt.</strong></span> 
     </span>
     <span class='ocr_line' id='line_1_3' title="bbox 107 391 1762 486; baseline 0.006 -25"><span class='ocrx_word' id='word_1_25' title='bbox 107 394 186 467; x_wconf 70' lang='lat' dir='ltr'><strong>iures</strong></span> <span class='ocrx_word' id='word_1_26' title='bbox 201 395 255 451; x_wconf 74' lang='lat'><strong>¹10⁰</strong></span> <span class='ocrx_word' id='word_1_27' title='bbox 270 394 361 451; x_wconf 60' lang='lat' dir='ltr'><strong>facere</strong></span> <span class='ocrx_word' id='word_1_28' title='bbox 378 408 384 461; x_wconf 77' lang='grc' dir='ltr'><strong>ἱ</strong></span> <span class='ocrx_word' id='word_1_29' title='bbox 401 391 475 465; x_wconf 76' lang='lat' dir='ltr'><strong>(1¹³0d</strong></span> <span class='ocrx_word' id='word_1_30' title='bbox 486 392 510 448; x_wconf 69' lang='lat' dir='ltr'><strong>Si</strong></span> <span class='ocrx_word' id='word_1_31' title='bbox 530 392 627 450; x_wconf 68' lang='grc' dir='ltr'><strong>ῐθθθΐῑδ</strong></span> <span class='ocrx_word' id='word_1_32' title='bbox 655 408 775 465; x_wconf 48' lang='lat' dir='ltr'><strong>peccat</strong></span> <span class='ocrx_word' id='word_1_33' title='bbox 805 391 827 448; x_wconf 66' lang='lat' dir='ltr'><strong>Si</strong></span> <span class='ocrx_word' id='word_1_34' title='bbox 856 409 911 449; x_wconf 82' lang='lat' dir='ltr'><strong>¹1⁰n</strong></span> <span class='ocrx_word' id='word_1_35' title='bbox 964 401 1032 458; x_wconf 87' lang='lat' dir='ltr'><strong>Tum</strong></span> <span class='ocrx_word' id='word_1_36' title='bbox 1048 403 1173 460; x_wconf 89' lang='lat' dir='ltr'><strong>diabolus</strong></span> <span class='ocrx_word' id='word_1_37' title='bbox 1184 404 1243 475; x_wconf 90' lang='lat' dir='ltr'><strong>jam</strong></span> <span class='ocrx_word' id='word_1_38' title='bbox 1258 406 1408 478; x_wconf 76' lang='lat' dir='ltr'><strong>deglutisse</strong></span> <span class='ocrx_word' id='word_1_39' title='bbox 1425 409 1523 467; x_wconf 90' lang='lat' dir='ltr'><strong>dieitur</strong></span> <span class='ocrx_word' id='word_1_40' title='bbox 1538 413 1688 484; x_wconf 91' lang='lat' dir='ltr'><strong>quemjam</strong></span> <span class='ocrx_word' id='word_1_41' title='bbox 1699 430 1762 486; x_wconf 88' lang='lat' dir='ltr'><strong>per·</strong></span> 
     </span>
    </p>
   </div>
   <div class='ocr_carea' id='block_1_3' title="bbox 112 480 912 643">
    <p class='ocr_par' dir='ltr' id='par_1_3' title="bbox 112 480 912 643">
     <span class='ocr_line' id='line_1_4' title="bbox 112 480 910 554; baseline -0.003 -16"><span class='ocrx_word' id='word_1_42' title='bbox 112 483 223 552; x_wconf 84' lang='lat' dir='ltr'><strong>leceris,</strong></span> <span class='ocrx_word' id='word_1_43' title='bbox 239 499 304 539; x_wconf 91' lang='lat' dir='ltr'><strong>reus</strong></span> <span class='ocrx_word' id='word_1_44' title='bbox 318 483 433 554; x_wconf 84' lang='lat' dir='ltr'><strong>perjurii</strong></span> <span class='ocrx_word' id='word_1_45' title='bbox 448 482 496 537; x_wconf 89' lang='lat' dir='ltr'><strong>sis.</strong></span> <span class='ocrx_word' id='word_1_46' title='bbox 513 484 543 537; x_wconf 91' lang='lat' dir='ltr'><strong>In</strong></span> <span class='ocrx_word' id='word_1_47' title='bbox 559 488 633 538; x_wconf 84' lang='lat' dir='ltr'><strong>tanto</strong></span> <span class='ocrx_word' id='word_1_48' title='bbox 648 497 716 553; x_wconf 86' lang='lat' dir='ltr'><strong>ergo</strong></span> <span class='ocrx_word' id='word_1_49' title='bbox 730 480 793 537; x_wconf 86' lang='lat' dir='ltr'><strong>mali</strong></span> <span class='ocrx_word' id='word_1_50' title='bbox 808 481 910 537; x_wconf 92' lang='lat' dir='ltr'><strong>discri-</strong></span> 
     </span>
     <span class='ocr_line' id='line_1_5' title="bbox 112 569 912 643; baseline -0.003 -16"><span class='ocrx_word' id='word_1_51' title='bbox 112 573 186 628; x_wconf 84' lang='lat' dir='ltr'><strong>mine</strong></span> <span class='ocrx_word' id='word_1_52' title='bbox 201 579 231 627; x_wconf 90' lang='lat' dir='ltr'><strong>ut</strong></span> <span class='ocrx_word' id='word_1_53' title='bbox 245 571 381 628; x_wconf 89' lang='lat' dir='ltr'><strong>evadendi</strong></span> <span class='ocrx_word' id='word_1_54' title='bbox 391 571 480 627; x_wconf 88' lang='lat' dir='ltr'><strong>aditus</strong></span> <span class='ocrx_word' id='word_1_55' title='bbox 495 575 598 643; x_wconf 84' lang='lat' dir='ltr'><strong>pateat,</strong></span> <span class='ocrx_word' id='word_1_56' title='bbox 615 571 723 627; x_wconf 88' lang='lat' dir='ltr'><strong>minora</strong></span> <span class='ocrx_word' id='word_1_57' title='bbox 747 569 837 643; x_wconf 89' lang='lat' dir='ltr'><strong>polius</strong></span> <span class='ocrx_word' id='word_1_58' title='bbox 860 569 912 626; x_wconf 91' lang='lat' dir='ltr'><strong>eli·</strong></span> 
     </span>
    </p>
   </div>
   <div class='ocr_carea' id='block_1_4' title="bbox 111 667 913 1273">
    <p class='ocr_par' dir='ltr' id='par_1_4' title="bbox 111 667 913 1273">
     <span class='ocr_line' id='line_1_6' title="bbox 113 667 913 743; baseline -0.004 -17"><span class='ocrx_word' id='word_1_59' title='bbox 113 668 206 743; x_wconf 90' lang='lat' dir='ltr'><strong>genda</strong></span> <span class='ocrx_word' id='word_1_60' title='bbox 216 677 289 735; x_wconf 87' lang='lat' dir='ltr'><strong>sunt,</strong></span> <span class='ocrx_word' id='word_1_61' title='bbox 301 667 913 742; x_wconf 85' lang='lat' dir='ltr'><strong>utmajoravitentur.1)iabolusquandodeei-</strong></span> 
     </span>
     <span class='ocr_line' id='line_1_7' title="bbox 112 756 912 831; baseline -0.001 -17"><span class='ocrx_word' id='word_1_62' title='bbox 112 774 179 830; x_wconf 82' lang='lat' dir='ltr'><strong>pere</strong></span> <span class='ocrx_word' id='word_1_63' title='bbox 194 756 455 831; x_wconf 83' lang='lat' dir='ltr'><strong>[valthuemquam,</strong></span> <span class='ocrx_word' id='word_1_64' title='bbox 470 758 547 830; x_wconf 87' lang='lat' dir='ltr'><strong>prius</strong></span> <span class='ocrx_word' id='word_1_65' title='bbox 557 766 680 813; x_wconf 89' lang='lat' dir='ltr'><strong>naturam</strong></span> <span class='ocrx_word' id='word_1_66' title='bbox 699 756 912 829; x_wconf 72' lang='lat' dir='ltr'><strong>uniuscuiusque</strong></span> 
     </span>
     <span class='ocr_line' id='line_1_8' title="bbox 111 845 911 919; baseline -0.003 -16"><span class='ocrx_word' id='word_1_67' title='bbox 111 847 240 917; x_wconf 74' lang='lat' dir='ltr'><strong>intendit,</strong></span> <span class='ocrx_word' id='word_1_68' title='bbox 257 855 285 902; x_wconf 91' lang='lat' dir='ltr'><strong>at</strong></span> <span class='ocrx_word' id='word_1_69' title='bbox 301 847 364 902; x_wconf 91' lang='lat' dir='ltr'><strong>inde</strong></span> <span class='ocrx_word' id='word_1_70' title='bbox 379 862 411 903; x_wconf 83' lang='lat' dir='ltr'><strong>se</strong></span> <span class='ocrx_word' id='word_1_71' title='bbox 424 846 545 919; x_wconf 92' lang='lat' dir='ltr'><strong>applicat</strong></span> <span class='ocrx_word' id='word_1_72' title='bbox 568 846 641 902; x_wconf 92' lang='lat' dir='ltr'><strong>unde</strong></span> <span class='ocrx_word' id='word_1_73' title='bbox 663 855 754 918; x_wconf 86' lang='lat' dir='ltr'><strong>aptum</strong></span> <span class='ocrx_word' id='word_1_74' title='bbox 772 845 911 901; x_wconf 90' lang='lat' dir='ltr'><strong>bominem</strong></span> 
     </span>
     <span class='ocr_line' id='line_1_9' title="bbox 112 935 912 1007; baseline -0.001 -15"><span class='ocrx_word' id='word_1_75' title='bbox 112 936 148 992; x_wconf 91' lang='lat' dir='ltr'><strong>ad</strong></span> <span class='ocrx_word' id='word_1_76' title='bbox 163 936 333 1007; x_wconf 89' lang='lat' dir='ltr'><strong>peccandum</strong></span> <span class='ocrx_word' id='word_1_77' title='bbox 355 935 523 1007; x_wconf 84' lang='lat' dir='ltr'><strong>inspexerit.</strong></span> <span class='ocrx_word' id='word_1_78' title='bbox 556 937 596 991; x_wconf 82' lang='lat' dir='ltr'><strong>Er</strong></span> <span class='ocrx_word' id='word_1_79' title='bbox 624 951 655 991; x_wconf 86' lang='lat' dir='ltr'><strong>ea</strong></span> <span class='ocrx_word' id='word_1_80' title='bbox 681 942 761 1007; x_wconf 88' lang='lat' dir='ltr'><strong>parte</strong></span> <span class='ocrx_word' id='word_1_81' title='bbox 788 935 912 991; x_wconf 88' lang='lat' dir='ltr'><strong>homines</strong></span> 
     </span>
     <span class='ocr_line' id='line_1_10' title="bbox 114 1023 911 1096; baseline -0.003 -16"><span class='ocrx_word' id='word_1_82' title='bbox 114 1029 212 1092; x_wconf 86' lang='lat' dir='ltr'><strong>tentat,</strong></span> <span class='ocrx_word' id='word_1_83' title='bbox 228 1040 282 1096; x_wconf 93' lang='lat' dir='ltr'><strong>qua</strong></span> <span class='ocrx_word' id='word_1_84' title='bbox 297 1040 344 1080; x_wconf 93' lang='lat' dir='ltr'><strong>eos</strong></span> <span class='ocrx_word' id='word_1_85' title='bbox 358 1041 408 1096; x_wconf 94' lang='lat' dir='ltr'><strong>per</strong></span> <span class='ocrx_word' id='word_1_86' title='bbox 423 1032 599 1081; x_wconf 82' lang='lat' dir='ltr'><strong>exercentem</strong></span> <span class='ocrx_word' id='word_1_87' title='bbox 615 1026 757 1080; x_wconf 87' lang='lat' dir='ltr'><strong>humorem</strong></span> <span class='ocrx_word' id='word_1_88' title='bbox 774 1023 852 1080; x_wconf 80' lang='lat' dir='ltr'><strong>facile</strong></span> <span class='ocrx_word' id='word_1_89' title='bbox 867 1024 911 1078; x_wconf 89' lang='lat' dir='ltr'><strong>in·</strong></span> 
     </span>
     <span class='ocr_line' id='line_1_11' title="bbox 112 1111 911 1183; baseline 0 -16"><span class='ocrx_word' id='word_1_90' title='bbox 112 1113 221 1168; x_wconf 88' lang='lat' dir='ltr'><strong>clinare</strong></span> <span class='ocrx_word' id='word_1_91' title='bbox 235 1113 271 1168; x_wconf 91' lang='lat' dir='ltr'><strong>ad</strong></span> <span class='ocrx_word' id='word_1_92' title='bbox 287 1113 352 1168; x_wconf 89' lang='lat' dir='ltr'><strong>vitia</strong></span> <span class='ocrx_word' id='word_1_93' title='bbox 380 1112 523 1183; x_wconf 80' lang='lat' dir='ltr'><strong>conspicit,</strong></span> <span class='ocrx_word' id='word_1_94' title='bbox 552 1117 582 1167; x_wconf 87' lang='lat' dir='ltr'><strong>ut</strong></span> <span class='ocrx_word' id='word_1_95' title='bbox 609 1111 764 1169; x_wconf 90' lang='lat' dir='ltr'><strong>secundum</strong></span> <span class='ocrx_word' id='word_1_96' title='bbox 788 1112 911 1167; x_wconf 87' lang='lat' dir='ltr'><strong>lrnmoris</strong></span> 
     </span>
     <span class='ocr_line' id='line_1_12' title="bbox 111 1199 911 1273; baseline -0.005 -14"><span class='ocrx_word' id='word_1_97' title='bbox 111 1201 340 1272; x_wconf 88' lang='lat' dir='ltr'><strong>consparsionem</strong></span> <span class='ocrx_word' id='word_1_98' title='bbox 355 1201 484 1256; x_wconf 86' lang='lat' dir='ltr'><strong>adhibeat</strong></span> <span class='ocrx_word' id='word_1_99' title='bbox 498 1202 688 1257; x_wconf 77' lang='lat' dir='ltr'><strong>tentationem.</strong></span> <span class='ocrx_word' id='word_1_100' title='bbox 710 1202 781 1273; x_wconf 86' lang='lat' dir='ltr'><strong>Lege</strong></span> <span class='ocrx_word' id='word_1_101' title='bbox 800 1199 911 1255; x_wconf 88' lang='lat' dir='ltr'><strong>Balaam</strong></span> 
     </span>
    </p>
   </div>
   <div class='ocr_carea' id='block_1_5' title="bbox 110 1296 911 1637">
    <p class='ocr_par' dir='ltr' id='par_1_5' title="bbox 110 1296 911 1637">
     <span class='ocr_line' id='line_1_13' title="bbox 110 1296 911 1372; baseline -0.005 -18"><span class='ocrx_word' id='word_1_102' title='bbox 110 1299 158 1370; x_wconf 93' lang='lat' dir='ltr'><strong>qui</strong></span> <span class='ocrx_word' id='word_1_103' title='bbox 173 1298 201 1354; x_wconf 91' lang='lat' dir='ltr'><strong>in</strong></span> <span class='ocrx_word' id='word_1_104' title='bbox 216 1296 305 1372; x_wconf 86' lang='lat' dir='ltr'><strong>ligura</strong></span> <span class='ocrx_word' id='word_1_105' title='bbox 319 1298 422 1355; x_wconf 83' lang='lat' dir='ltr'><strong>diaboli</strong></span> <span class='ocrx_word' id='word_1_106' title='bbox 437 1307 532 1356; x_wconf 90' lang='lat' dir='ltr'><strong>contra</strong></span> <span class='ocrx_word' id='word_1_107' title='bbox 547 1298 676 1371; x_wconf 91' lang='lat' dir='ltr'><strong>populum</strong></span> <span class='ocrx_word' id='word_1_108' title='bbox 692 1298 787 1354; x_wconf 86' lang='lat' dir='ltr'><strong>Deiex</strong></span> <span class='ocrx_word' id='word_1_109' title='bbox 800 1313 833 1354; x_wconf 94' lang='lat' dir='ltr'><strong>ea</strong></span> <span class='ocrx_word' id='word_1_110' title='bbox 847 1313 911 1369; x_wconf 89' lang='lat' dir='ltr'><strong>par-</strong></span> 
     </span>
     <span class='ocr_line' id='line_1_14' title="bbox 110 1387 910 1460; baseline -0.004 -16"><span class='ocrx_word' id='word_1_111' title='bbox 110 1397 137 1444; x_wconf 90' lang='lat' dir='ltr'><strong>te</strong></span> <span class='ocrx_word' id='word_1_112' title='bbox 153 1388 282 1460; x_wconf 72' lang='lat' dir='ltr'><strong>praecepit</strong></span> <span class='ocrx_word' id='word_1_113' title='bbox 297 1387 466 1459; x_wconf 90' lang='lat' dir='ltr'><strong>perniciosos</strong></span> <span class='ocrx_word' id='word_1_114' title='bbox 481 1387 653 1460; x_wconf 79' lang='lat' dir='ltr'><strong>praetendere</strong></span> <span class='ocrx_word' id='word_1_115' title='bbox 668 1387 795 1459; x_wconf 85' lang='lat' dir='ltr'><strong>laqueos,</strong></span> <span class='ocrx_word' id='word_1_116' title='bbox 807 1402 843 1442; x_wconf 76' lang='lat' dir='ltr'><strong>ex</strong></span> <span class='ocrx_word' id='word_1_117' title='bbox 858 1402 910 1458; x_wconf 88' lang='lat' dir='ltr'><strong>qua</strong></span> 
     </span>
     <span class='ocr_line' id='line_1_15' title="bbox 110 1476 909 1548; baseline -0.004 -16"><span class='ocrx_word' id='word_1_118' title='bbox 110 1476 220 1532; x_wconf 82' lang='lat' dir='ltr'><strong>facilius</strong></span> <span class='ocrx_word' id='word_1_119' title='bbox 229 1477 315 1532; x_wconf 87' lang='lat' dir='ltr'><strong>sensit</strong></span> <span class='ocrx_word' id='word_1_120' title='bbox 325 1492 374 1532; x_wconf 88' lang='lat' dir='ltr'><strong>eos</strong></span> <span class='ocrx_word' id='word_1_121' title='bbox 388 1493 452 1532; x_wconf 89' lang='lat' dir='ltr'><strong>esse</strong></span> <span class='ocrx_word' id='word_1_122' title='bbox 467 1476 594 1548; x_wconf 89' lang='lat' dir='ltr'><strong>lapsuros</strong></span> <span class='ocrx_word' id='word_1_123' title='bbox 608 1477 707 1548; x_wconf 87' lang='lat' dir='ltr'><strong>(Num.</strong></span> <span class='ocrx_word' id='word_1_124' title='bbox 724 1478 822 1545; x_wconf 81' lang='grc' dir='ltr'>ιιιιι).</span> <span class='ocrx_word' id='word_1_125' title='bbox 840 1476 909 1530; x_wconf 85' lang='lat' dir='ltr'><strong>Nam</strong></span> 
     </span>
     <span class='ocr_line' id='line_1_16' title="bbox 111 1564 910 1637; baseline -0.003 -16"><span class='ocrx_word' id='word_1_126' title='bbox 111 1574 141 1621; x_wconf 92' lang='lat' dir='ltr'><strong>et</strong></span> <span class='ocrx_word' id='word_1_127' title='bbox 154 1566 219 1637; x_wconf 89' lang='lat' dir='ltr'><strong>quia</strong></span> <span class='ocrx_word' id='word_1_128' title='bbox 234 1564 334 1621; x_wconf 91' lang='lat' dir='ltr'><strong>alicubi</strong></span> <span class='ocrx_word' id='word_1_129' title='bbox 349 1565 472 1631; x_wconf 79' lang='lat' dir='ltr'><strong>deducit,</strong></span> <span class='ocrx_word' id='word_1_130' title='bbox 488 1581 541 1621; x_wconf 89' lang='lat' dir='ltr'><strong>non</strong></span> <span class='ocrx_word' id='word_1_131' title='bbox 556 1581 617 1620; x_wconf 88' lang='lat' dir='ltr'><strong>earn</strong></span> <span class='ocrx_word' id='word_1_132' title='bbox 629 1582 680 1636; x_wconf 91' lang='lat' dir='ltr'><strong>per</strong></span> <span class='ocrx_word' id='word_1_133' title='bbox 698 1565 780 1620; x_wconf 83' lang='lat' dir='ltr'><strong>aliam</strong></span> <span class='ocrx_word' id='word_1_134' title='bbox 804 1573 910 1635; x_wconf 91' lang='lat' dir='ltr'><strong>partem</strong></span> 
     </span>
    </p>
   </div>
   <div class='ocr_carea' id='block_1_6' title="bbox 965 490 1766 1660">
    <p class='ocr_par' dir='ltr' id='par_1_6' title="bbox 965 490 1766 1660">
     <span class='ocr_line' id='line_1_17' title="bbox 966 490 1764 576; baseline 0.018 -31"><span class='ocrx_word' id='word_1_135' title='bbox 966 490 1037 549; x_wconf 82' lang='lat' dir='ltr'><strong>lecto</strong></span> <span class='ocrx_word' id='word_1_136' title='bbox 1056 494 1161 550; x_wconf 91' lang='lat' dir='ltr'><strong>scelere</strong></span> <span class='ocrx_word' id='word_1_137' title='bbox 1179 496 1327 553; x_wconf 76' lang='lat' dir='ltr'><strong>devorasse</strong></span> <span class='ocrx_word' id='word_1_138' title='bbox 1347 498 1467 553; x_wconf 89' lang='lat' dir='ltr'><strong>videtur.</strong></span> <span class='ocrx_word' id='word_1_139' title='bbox 1494 501 1561 556; x_wconf 86' lang='lat' dir='ltr'><strong>Eum</strong></span> <span class='ocrx_word' id='word_1_140' title='bbox 1588 518 1654 558; x_wconf 89' lang='lat' dir='ltr'><strong>vero</strong></span> <span class='ocrx_word' id='word_1_141' title='bbox 1683 520 1764 576; x_wconf 90' lang='lat' dir='ltr'><strong>quem</strong></span> 
     </span>
     <span class='ocr_line' id='line_1_18' title="bbox 966 581 1766 658; baseline 0.018 -24"><span class='ocrx_word' id='word_1_142' title='bbox 966 596 1021 638; x_wconf 92' lang='lat' dir='ltr'><strong>non</strong></span> <span class='ocrx_word' id='word_1_143' title='bbox 1034 581 1177 654; x_wconf 75' lang='lat' dir='ltr'><strong>deglutivit</strong></span> <span class='ocrx_word' id='word_1_144' title='bbox 1191 586 1314 657; x_wconf 89' lang='lat' dir='ltr'><strong>corporis</strong></span> <span class='ocrx_word' id='word_1_145' title='bbox 1329 586 1506 658; x_wconf 83' lang='lat' dir='ltr'><strong>perfectione,</strong></span> <span class='ocrx_word' id='word_1_146' title='bbox 1523 589 1572 645; x_wconf 90' lang='lat' dir='ltr'><strong>sed</strong></span> <span class='ocrx_word' id='word_1_147' title='bbox 1586 590 1766 648; x_wconf 82' lang='lat' dir='ltr'><strong>tentationum</strong></span> 
     </span>
     <span class='ocr_line' id='line_1_19' title="bbox 967 676 1763 756; baseline 0.018 -25"><span class='ocrx_word' id='word_1_148' title='bbox 967 676 1103 733; x_wconf 86' lang='lat' dir='ltr'><strong>illecebris</strong></span> <span class='ocrx_word' id='word_1_149' title='bbox 1118 680 1222 735; x_wconf 92' lang='lat' dir='ltr'><strong>mordet</strong></span> <span class='ocrx_word' id='word_1_150' title='bbox 1237 690 1266 736; x_wconf 94' lang='lat' dir='ltr'><strong>ut</strong></span> <span class='ocrx_word' id='word_1_151' title='bbox 1279 681 1405 751; x_wconf 85' lang='lat' dir='ltr'><strong>devoret,</strong></span> <span class='ocrx_word' id='word_1_152' title='bbox 1427 685 1517 741; x_wconf 92' lang='lat' dir='ltr'><strong>adbuc</strong></span> <span class='ocrx_word' id='word_1_153' title='bbox 1544 686 1621 756; x_wconf 89' lang='lat' dir='ltr'><strong>quasi</strong></span> <span class='ocrx_word' id='word_1_154' title='bbox 1648 687 1675 742; x_wconf 93' lang='lat' dir='ltr'><strong>in</strong></span> <span class='ocrx_word' id='word_1_155' title='bbox 1702 705 1763 744; x_wconf 84' lang='lat' dir='ltr'><strong>mn-</strong></span> 
     </span>
     <span class='ocr_line' id='line_1_20' title="bbox 966 765 1763 833; baseline 0.015 -14"><span class='ocrx_word' id='word_1_156' title='bbox 966 765 1028 821; x_wconf 82' lang='lat' dir='ltr'><strong>nilla</strong></span> <span class='ocrx_word' id='word_1_157' title='bbox 1045 767 1158 822; x_wconf 88' lang='lat' dir='ltr'><strong>mandit.</strong></span> <span class='ocrx_word' id='word_1_158' title='bbox 1173 768 1251 825; x_wconf 89' lang='lat' dir='ltr'><strong>Unde</strong></span> <span class='ocrx_word' id='word_1_159' title='bbox 1265 778 1292 825; x_wconf 94' lang='lat' dir='ltr'><strong>et</strong></span> <span class='ocrx_word' id='word_1_160' title='bbox 1309 771 1409 827; x_wconf 82' lang='lat' dir='ltr'><strong>Paulus</strong></span> <span class='ocrx_word' id='word_1_161' title='bbox 1425 773 1507 829; x_wconf 89' lang='lat' dir='ltr'><strong>babet</strong></span> <span class='ocrx_word' id='word_1_162' title='bbox 1522 773 1647 831; x_wconf 89' lang='lat' dir='ltr'><strong>stimulos</strong></span> <span class='ocrx_word' id='word_1_163' title='bbox 1672 777 1763 833; x_wconf 87' lang='lat' dir='ltr'><strong>carnis</strong></span> 
     </span>
     <span class='ocr_line' id='line_1_21' title="bbox 966 853 1762 935; baseline 0.016 -27"><span class='ocrx_word' id='word_1_164' title='bbox 966 853 1063 926; x_wconf 92' lang='lat' dir='ltr'><strong>quibus</strong></span> <span class='ocrx_word' id='word_1_165' title='bbox 1078 856 1242 922; x_wconf 88' lang='lat' dir='ltr'><strong>humilietur,</strong></span> <span class='ocrx_word' id='word_1_166' title='bbox 1266 875 1321 914; x_wconf 89' lang='lat' dir='ltr'><strong>non</strong></span> <span class='ocrx_word' id='word_1_167' title='bbox 1347 861 1429 918; x_wconf 91' lang='lat' dir='ltr'><strong>babet</strong></span> <span class='ocrx_word' id='word_1_168' title='bbox 1455 864 1587 934; x_wconf 88' lang='lat' dir='ltr'><strong>peccandi</strong></span> <span class='ocrx_word' id='word_1_169' title='bbox 1612 864 1762 935; x_wconf 85' lang='lat' dir='ltr'><strong>perlectio-</strong></span> 
     </span>
     <span class='ocr_line' id='line_1_22' title="bbox 965 950 1762 1032; baseline 0.019 -28"><span class='ocrx_word' id='word_1_170' title='bbox 965 965 1094 1024; x_wconf 84' lang='lat' dir='ltr'><strong>nemque</strong></span> <span class='ocrx_word' id='word_1_171' title='bbox 1109 950 1283 1024; x_wconf 89' lang='lat' dir='ltr'><strong>deglutiatur.</strong></span> <span class='ocrx_word' id='word_1_172' title='bbox 1301 954 1339 1010; x_wconf 93' lang='lat' dir='ltr'><strong>0s</strong></span> <span class='ocrx_word' id='word_1_173' title='bbox 1354 955 1458 1013; x_wconf 89' lang='lat' dir='ltr'><strong>diaboli</strong></span> <span class='ocrx_word' id='word_1_174' title='bbox 1482 960 1562 1014; x_wconf 85' lang='lat' dir='ltr'><strong>verba</strong></span> <span class='ocrx_word' id='word_1_175' title='bbox 1587 959 1647 1032; x_wconf 86' lang='lat' dir='ltr'><strong>ejus</strong></span> <span class='ocrx_word' id='word_1_176' title='bbox 1675 971 1762 1027; x_wconf 81' lang='lat' dir='ltr'><strong>sunt;</strong></span> 
     </span>
     <span class='ocr_line' id='line_1_23' title="bbox 966 1039 1763 1122; baseline 0.018 -29"><span class='ocrx_word' id='word_1_177' title='bbox 966 1039 1048 1094; x_wconf 90' lang='lat' dir='ltr'><strong>verba</strong></span> <span class='ocrx_word' id='word_1_178' title='bbox 1064 1056 1131 1096; x_wconf 85' lang='lat' dir='ltr'><strong>varo</strong></span> <span class='ocrx_word' id='word_1_179' title='bbox 1144 1042 1204 1110; x_wconf 89' lang='lat' dir='ltr'><strong>ejus</strong></span> <span class='ocrx_word' id='word_1_180' title='bbox 1218 1041 1413 1113; x_wconf 84' lang='lat' dir='ltr'><strong>inspirationes</strong></span> <span class='ocrx_word' id='word_1_181' title='bbox 1429 1048 1544 1105; x_wconf 80' lang='lat' dir='ltr'><strong>occulta</strong></span> <span class='ocrx_word' id='word_1_182' title='bbox 1569 1058 1641 1117; x_wconf 92' lang='lat' dir='ltr'><strong>sunt,</strong></span> <span class='ocrx_word' id='word_1_183' title='bbox 1666 1050 1763 1122; x_wconf 87' lang='lat' dir='ltr'><strong>quibua</strong></span> 
     </span>
     <span class='ocr_line' id='line_1_24' title="bbox 965 1127 1765 1209; baseline 0.013 -25"><span class='ocrx_word' id='word_1_184' title='bbox 965 1127 1205 1184; x_wconf 87' lang='lat' dir='ltr'><strong>cordahominunr</strong></span> <span class='ocrx_word' id='word_1_185' title='bbox 1220 1129 1366 1204; x_wconf 89' lang='lat' dir='ltr'><strong>alloquens</strong></span> <span class='ocrx_word' id='word_1_186' title='bbox 1389 1134 1504 1191; x_wconf 90' lang='lat' dir='ltr'><strong>occultis</strong></span> <span class='ocrx_word' id='word_1_187' title='bbox 1531 1137 1584 1191; x_wconf 91' lang='lat' dir='ltr'><strong>urit</strong></span> <span class='ocrx_word' id='word_1_188' title='bbox 1611 1138 1765 1209; x_wconf 89' lang='lat' dir='ltr'><strong>cupiditati-</strong></span> 
     </span>
     <span class='ocr_line' id='line_1_25' title="bbox 965 1225 1764 1308; baseline 0.016 -28"><span class='ocrx_word' id='word_1_189' title='bbox 965 1227 1030 1281; x_wconf 88' lang='lat' dir='ltr'><strong>bus.</strong></span> <span class='ocrx_word' id='word_1_190' title='bbox 1054 1225 1171 1296; x_wconf 89' lang='lat' dir='ltr'><strong>Quidam</strong></span> <span class='ocrx_word' id='word_1_191' title='bbox 1191 1228 1227 1284; x_wconf 94' lang='lat' dir='ltr'><strong>ob</strong></span> <span class='ocrx_word' id='word_1_192' title='bbox 1256 1229 1472 1304; x_wconf 76' lang='lat' dir='ltr'><strong>incorrigibilem</strong></span> <span class='ocrx_word' id='word_1_193' title='bbox 1495 1233 1675 1306; x_wconf 87' lang='lat' dir='ltr'><strong>iniquitatem,</strong></span> <span class='ocrx_word' id='word_1_194' title='bbox 1700 1238 1764 1308; x_wconf 71' lang='lat' dir='ltr'><strong>«quia</strong></span> 
     </span>
     <span class='ocr_line' id='line_1_26' title="bbox 965 1316 1763 1394; baseline 0.016 -27"><span class='ocrx_word' id='word_1_195' title='bbox 965 1322 1062 1384; x_wconf 90' lang='lat' dir='ltr'><strong>sponte</strong></span> <span class='ocrx_word' id='word_1_196' title='bbox 1076 1331 1130 1370; x_wconf 91' lang='lat' dir='ltr'><strong>non</strong></span> <span class='ocrx_word' id='word_1_197' title='bbox 1154 1316 1337 1385; x_wconf 79' lang='lat' dir='ltr'><strong>corriguntur,</strong></span> <span class='ocrx_word' id='word_1_198' title='bbox 1366 1320 1514 1376; x_wconf 84' lang='lat' dir='ltr'><strong>immundis</strong></span> <span class='ocrx_word' id='word_1_199' title='bbox 1546 1322 1686 1394; x_wconf 91' lang='lat' dir='ltr'><strong>spiritibus</strong></span> <span class='ocrx_word' id='word_1_200' title='bbox 1714 1342 1763 1380; x_wconf 89' lang='lat' dir='ltr'><strong>ve-</strong></span> 
     </span>
     <span class='ocr_line' id='line_1_27' title="bbox 966 1403 1762 1484; baseline 0.015 -27"><span class='ocrx_word' id='word_1_201' title='bbox 966 1403 1047 1459; x_wconf 79' lang='lat' dir='ltr'><strong>xandi</strong></span> <span class='ocrx_word' id='word_1_202' title='bbox 1063 1404 1202 1460; x_wconf 89' lang='lat' dir='ltr'><strong>traduntur</strong></span> <span class='ocrx_word' id='word_1_203' title='bbox 1216 1415 1245 1461; x_wconf 94' lang='lat' dir='ltr'><strong>ut</strong></span> <span class='ocrx_word' id='word_1_204' title='bbox 1260 1407 1410 1479; x_wconf 82' lang='lat' dir='ltr'><strong>arripiendi</strong></span> <span class='ocrx_word' id='word_1_205' title='bbox 1425 1425 1473 1465; x_wconf 90' lang='lat' dir='ltr'><strong>eos</strong></span> <span class='ocrx_word' id='word_1_206' title='bbox 1483 1410 1622 1467; x_wconf 72' lang='lat' dir='ltr'><strong>daemones</strong></span> <span class='ocrx_word' id='word_1_207' title='bbox 1632 1428 1762 1484; x_wconf 91' lang='lat' dir='ltr'><strong>corpora·</strong></span> 
     </span>
     <span class='ocr_line' id='line_1_28' title="bbox 965 1497 1761 1573; baseline 0.014 -22"><span class='ocrx_word' id='word_1_208' title='bbox 965 1497 1027 1554; x_wconf 91' lang='lat' dir='ltr'><strong>liter</strong></span> <span class='ocrx_word' id='word_1_209' title='bbox 1037 1499 1155 1555; x_wconf 86' lang='lat' dir='ltr'><strong>babeant</strong></span> <span class='ocrx_word' id='word_1_210' title='bbox 1164 1508 1336 1573; x_wconf 90' lang='lat' dir='ltr'><strong>potestatem,</strong></span> <span class='ocrx_word' id='word_1_211' title='bbox 1351 1504 1555 1573; x_wconf 81' lang='lat' dir='ltr'><strong>terroribusque</strong></span> <span class='ocrx_word' id='word_1_212' title='bbox 1565 1521 1659 1562; x_wconf 92' lang='lat' dir='ltr'><strong>eorum</strong></span> <span class='ocrx_word' id='word_1_213' title='bbox 1668 1508 1761 1564; x_wconf 86' lang='lat' dir='ltr'><strong>afflicti</strong></span> 
     </span>
     <span class='ocr_line' id='line_1_29' title="bbox 965 1587 1762 1660; baseline 0.015 -19"><span class='ocrx_word' id='word_1_214' title='bbox 965 1587 1151 1656; x_wconf 86' lang='lat' dir='ltr'><strong>humilientur,</strong></span> <span class='ocrx_word' id='word_1_215' title='bbox 1168 1598 1194 1644; x_wconf 88' lang='lat' dir='ltr'><strong>et</strong></span> <span class='ocrx_word' id='word_1_216' title='bbox 1222 1591 1372 1660; x_wconf 87' lang='lat' dir='ltr'><strong>poeniteant</strong></span> <span class='ocrx_word' id='word_1_217' title='bbox 1399 1609 1431 1648; x_wconf 90' lang='lat' dir='ltr'><strong>ac</strong></span> <span class='ocrx_word' id='word_1_218' title='bbox 1459 1593 1608 1650; x_wconf 89' lang='lat' dir='ltr'><strong>salventur.</strong></span> <span class='ocrx_word' id='word_1_219' title='bbox 1634 1595 1710 1653; x_wconf 85' lang='lat' dir='ltr'><strong>Siout</strong></span> <span class='ocrx_word' id='word_1_220' title='bbox 1735 1605 1762 1653; x_wconf 91' lang='lat' dir='ltr'><strong>et</strong></span> 
     </span>
    </p>
   </div>
   <div class='ocr_carea' id='block_1_7' title="bbox 111 1653 1761 1747">
    <p class='ocr_par' dir='ltr' id='par_1_7' title="bbox 111 1653 1761 1747">
     <span class='ocr_line' id='line_1_30' title="bbox 111 1653 1761 1747; baseline 0.007 -16"><span class='ocrx_word' id='word_1_221' title='bbox 111 1655 203 1724; x_wconf 54' lang='grc' dir='ltr'><strong>Μὴν</strong></span> <span class='ocrx_word' id='word_1_222' title='bbox 219 1655 274 1710; x_wconf 60' lang='lat' dir='ltr'><strong>¹¹5⁸i</strong></span> <span class='ocrx_word' id='word_1_223' title='bbox 289 1654 327 1709; x_wconf 61' lang='lat' dir='ltr'><strong>ibi</strong></span> <span class='ocrx_word' id='word_1_224' title='bbox 343 1656 402 1725; x_wconf 60' lang='lat'><strong>⁰5⁰³</strong></span> <span class='ocrx_word' id='word_1_225' title='bbox 416 1654 546 1726; x_wconf 63' lang='lat' dir='ltr'><strong>impefflffl</strong></span> <span class='ocrx_word' id='word_1_226' title='bbox 569 1654 697 1709; x_wconf 58' lang='lat' dir='ltr'><strong>mendi‘·</strong></span> <span class='ocrx_word' id='word_1_227' title='bbox 725 1653 823 1709; x_wconf 75' lang='lat' dir='ltr'><strong>N¹¹¹¹¹¹⁸</strong></span> <span class='ocrx_word' id='word_1_228' title='bbox 846 1653 908 1709; x_wconf 79' lang='lat'><strong>⁰¹¹¹·</strong></span> <span class='ocrx_word' id='word_1_229' title='bbox 923 1664 949 1725; x_wconf 87' lang='grc' dir='ltr'><em>Β</em></span> <span class='ocrx_word' id='word_1_230' title='bbox 963 1676 1113 1747; x_wconf 82' lang='lat' dir='ltr'><strong>Apostolus</strong></span> <span class='ocrx_word' id='word_1_231' title='bbox 1127 1677 1275 1734; x_wconf 83' lang='lat' dir='ltr'><strong>Corinthiis</strong></span> <span class='ocrx_word' id='word_1_232' title='bbox 1290 1680 1418 1737; x_wconf 88' lang='lat' dir='ltr'><strong>scribens</strong></span> <span class='ocrx_word' id='word_1_233' title='bbox 1431 1682 1497 1739; x_wconf 92' lang='lat' dir='ltr'><strong>dicit</strong></span> <span class='ocrx_word' id='word_1_234' title='bbox 1516 1701 1523 1737; x_wconf 92' lang='lat'>:</span> <span class='ocrx_word' id='word_1_235' title='bbox 1541 1707 1552 1732; x_wconf 78' lang='grc' dir='ltr'><strong>ι</strong></span> <span class='ocrx_word' id='word_1_236' title='bbox 1568 1685 1680 1741; x_wconf 86' lang='lat' dir='ltr'><strong>Tradite</strong></span> <span class='ocrx_word' id='word_1_237' title='bbox 1708 1687 1761 1742; x_wconf 89' lang='lat' dir='ltr'><strong>bu-</strong></span> 
     </span>
    </p>
   </div>
   <div class='ocr_carea' id='block_1_8' title="bbox 110 1743 910 2083">
    <p class='ocr_par' dir='ltr' id='par_1_8' title="bbox 110 1743 910 2083">
     <span class='ocr_line' id='line_1_31' title="bbox 110 1743 909 1816; baseline 0.003 -19"><span class='ocrx_word' id='word_1_238' title='bbox 110 1759 175 1815; x_wconf 88' lang='lat' dir='ltr'><strong>pam</strong></span> <span class='ocrx_word' id='word_1_239' title='bbox 190 1758 245 1798; x_wconf 92' lang='lat' dir='ltr'><strong>non</strong></span> <span class='ocrx_word' id='word_1_240' title='bbox 259 1743 407 1812; x_wconf 80' lang='lat' dir='ltr'><strong>existimet,</strong></span> <span class='ocrx_word' id='word_1_241' title='bbox 422 1760 504 1816; x_wconf 92' lang='lat' dir='ltr'><strong>quam</strong></span> <span class='ocrx_word' id='word_1_242' title='bbox 520 1759 556 1799; x_wconf 84' lang='lat' dir='ltr'><strong>ex</strong></span> <span class='ocrx_word' id='word_1_243' title='bbox 570 1744 681 1815; x_wconf 88' lang='lat' dir='ltr'><strong>propria</strong></span> <span class='ocrx_word' id='word_1_244' title='bbox 695 1743 823 1815; x_wconf 89' lang='lat' dir='ltr'><strong>passione</strong></span> <span class='ocrx_word' id='word_1_245' title='bbox 845 1759 909 1799; x_wconf 88' lang='lat' dir='ltr'><strong>sus-</strong></span> 
     </span>
     <span class='ocr_line' id='line_1_32' title="bbox 112 1831 910 1904; baseline -0.001 -18"><span class='ocrx_word' id='word_1_246' title='bbox 112 1832 190 1895; x_wconf 90' lang='lat' dir='ltr'><strong>tinet,</strong></span> <span class='ocrx_word' id='word_1_247' title='bbox 212 1832 260 1888; x_wconf 90' lang='lat' dir='ltr'><strong>sed</strong></span> <span class='ocrx_word' id='word_1_248' title='bbox 278 1840 410 1904; x_wconf 89' lang='lat' dir='ltr'><strong>quantum</strong></span> <span class='ocrx_word' id='word_1_249' title='bbox 440 1833 512 1889; x_wconf 88' lang='lat' dir='ltr'><strong>valet</strong></span> <span class='ocrx_word' id='word_1_250' title='bbox 540 1841 637 1888; x_wconf 91' lang='lat' dir='ltr'><strong>eontra</strong></span> <span class='ocrx_word' id='word_1_251' title='bbox 662 1832 689 1887; x_wconf 91' lang='lat' dir='ltr'><strong>id</strong></span> <span class='ocrx_word' id='word_1_252' title='bbox 713 1831 784 1904; x_wconf 90' lang='lat' dir='ltr'><strong>quod</strong></span> <span class='ocrx_word' id='word_1_253' title='bbox 814 1831 910 1887; x_wconf 90' lang='lat' dir='ltr'><strong>tolerat</strong></span> 
     </span>
     <span class='ocr_line' id='line_1_33' title="bbox 110 1919 908 1994; baseline -0.003 -18"><span class='ocrx_word' id='word_1_254' title='bbox 110 1929 227 1993; x_wconf 77' lang='lat' dir='ltr'><strong>pugnet.</strong></span> <span class='ocrx_word' id='word_1_255' title='bbox 247 1922 317 1976; x_wconf 85' lang='lat' dir='ltr'><strong>Nam</strong></span> <span class='ocrx_word' id='word_1_256' title='bbox 332 1922 356 1976; x_wconf 89' lang='lat' dir='ltr'><strong>si</strong></span> <span class='ocrx_word' id='word_1_257' title='bbox 370 1922 562 1994; x_wconf 89' lang='lat' dir='ltr'><strong>consparsioni</strong></span> <span class='ocrx_word' id='word_1_258' title='bbox 578 1921 692 1986; x_wconf 85' lang='lat' dir='ltr'><strong>ceditur,</strong></span> <span class='ocrx_word' id='word_1_259' title='bbox 709 1920 851 1976; x_wconf 88' lang='lat' dir='ltr'><strong>tentationi</strong></span> <span class='ocrx_word' id='word_1_260' title='bbox 865 1919 908 1976; x_wconf 85' lang='lat' dir='ltr'><strong>rel</strong></span> 
     </span>
     <span class='ocr_line' id='line_1_34' title="bbox 111 2009 909 2083; baseline 0 -18"><span class='ocrx_word' id='word_1_261' title='bbox 111 2009 180 2065; x_wconf 90' lang='lat' dir='ltr'><strong>vilio</strong></span> <span class='ocrx_word' id='word_1_262' title='bbox 194 2025 366 2083; x_wconf 90' lang='lat' dir='ltr'><strong>nequaquam</strong></span> <span class='ocrx_word' id='word_1_263' title='bbox 382 2010 527 2067; x_wconf 88' lang='lat' dir='ltr'><strong>resistitur.</strong></span> <span class='ocrx_word' id='word_1_264' title='bbox 544 2009 608 2066; x_wconf 85' lang='lat' dir='ltr'><strong>ldeo</strong></span> <span class='ocrx_word' id='word_1_265' title='bbox 623 2010 751 2066; x_wconf 87' lang='lat' dir='ltr'><strong>diabolus</strong></span> <span class='ocrx_word' id='word_1_266' title='bbox 770 2010 796 2064; x_wconf 92' lang='lat' dir='ltr'><strong>in</strong></span> <span class='ocrx_word' id='word_1_267' title='bbox 821 2010 909 2065; x_wconf 89' lang='lat' dir='ltr'><strong>sacris</strong></span> 
     </span>
    </p>
   </div>
   <div class='ocr_carea' id='block_1_9' title="bbox 110 2105 910 2976">
    <p class='ocr_par' dir='ltr' id='par_1_9' title="bbox 110 2105 910 2976">
     <span class='ocr_line' id='line_1_35' title="bbox 111 2105 909 2181; baseline -0.001 -19"><span class='ocrx_word' id='word_1_268' title='bbox 111 2106 229 2181; x_wconf 87' lang='lat' dir='ltr'><strong>eloquiis</strong></span> <span class='ocrx_word' id='word_1_269' title='bbox 244 2106 406 2173; x_wconf 75' lang='lat' dir='ltr'><strong>vehemoth,</strong></span> <span class='ocrx_word' id='word_1_270' title='bbox 422 2106 448 2160; x_wconf 93' lang='lat' dir='ltr'><strong>id</strong></span> <span class='ocrx_word' id='word_1_271' title='bbox 465 2115 506 2161; x_wconf 93' lang='lat' dir='ltr'><strong>est</strong></span> <span class='ocrx_word' id='word_1_272' title='bbox 520 2105 631 2174; x_wconf 87' lang='lat' dir='ltr'><strong>animal,</strong></span> <span class='ocrx_word' id='word_1_273' title='bbox 655 2105 764 2173; x_wconf 88' lang='lat' dir='ltr'><strong>dicitur,</strong></span> <span class='ocrx_word' id='word_1_274' title='bbox 788 2105 852 2177; x_wconf 89' lang='lat' dir='ltr'><strong>quia</strong></span> <span class='ocrx_word' id='word_1_275' title='bbox 874 2105 909 2161; x_wconf 90' lang='lat' dir='ltr'><strong>da</strong></span> 
     </span>
     <span class='ocr_line' id='line_1_36' title="bbox 111 2194 909 2268; baseline -0.003 -16"><span class='ocrx_word' id='word_1_276' title='bbox 111 2195 188 2253; x_wconf 80' lang='lat' dir='ltr'><strong>omlis</strong></span> <span class='ocrx_word' id='word_1_277' title='bbox 203 2195 299 2268; x_wconf 90' lang='lat' dir='ltr'><strong>lapsus</strong></span> <span class='ocrx_word' id='word_1_278' title='bbox 314 2194 350 2250; x_wconf 91' lang='lat' dir='ltr'><strong>ad</strong></span> <span class='ocrx_word' id='word_1_279' title='bbox 365 2205 451 2250; x_wconf 89' lang='lat' dir='ltr'><strong>terras</strong></span> <span class='ocrx_word' id='word_1_280' title='bbox 463 2194 561 2250; x_wconf 88' lang='lat' dir='ltr'><strong>cecidit</strong></span> <span class='ocrx_word' id='word_1_281' title='bbox 574 2195 654 2263; x_wconf 89' lang='lat' dir='ltr'><strong>;ideo</strong></span> <span class='ocrx_word' id='word_1_282' title='bbox 666 2195 822 2261; x_wconf 85' lang='lat' dir='ltr'><strong>Laviatban‚</strong></span> <span class='ocrx_word' id='word_1_283' title='bbox 831 2194 857 2249; x_wconf 91' lang='lat' dir='ltr'><strong>id</strong></span> <span class='ocrx_word' id='word_1_284' title='bbox 869 2202 909 2250; x_wconf 87' lang='lat' dir='ltr'><strong>est</strong></span> 
     </span>
     <span class='ocr_line' id='line_1_37' title="bbox 113 2282 909 2357; baseline 0.001 -19"><span class='ocrx_word' id='word_1_285' title='bbox 113 2300 230 2355; x_wconf 88' lang='lat' dir='ltr'><strong>serpens</strong></span> <span class='ocrx_word' id='word_1_286' title='bbox 241 2283 276 2339; x_wconf 94' lang='lat' dir='ltr'><strong>de</strong></span> <span class='ocrx_word' id='word_1_287' title='bbox 286 2283 375 2357; x_wconf 89' lang='lat' dir='ltr'><strong>aquis,</strong></span> <span class='ocrx_word' id='word_1_288' title='bbox 387 2283 496 2348; x_wconf 82' lang='lat' dir='ltr'><strong>dicitur,</strong></span> <span class='ocrx_word' id='word_1_289' title='bbox 509 2283 572 2355; x_wconf 89' lang='lat' dir='ltr'><strong>quia</strong></span> <span class='ocrx_word' id='word_1_290' title='bbox 582 2283 609 2338; x_wconf 91' lang='lat' dir='ltr'><strong>in</strong></span> <span class='ocrx_word' id='word_1_291' title='bbox 620 2282 699 2354; x_wconf 86' lang='lat' dir='ltr'><strong>bujus</strong></span> <span class='ocrx_word' id='word_1_292' title='bbox 719 2283 811 2340; x_wconf 80' lang='lat' dir='ltr'><strong>saeculi</strong></span> <span class='ocrx_word' id='word_1_293' title='bbox 836 2298 909 2339; x_wconf 91' lang='lat' dir='ltr'><strong>mare</strong></span> 
     </span>
     <span class='ocr_line' id='line_1_38' title="bbox 112 2371 907 2445; baseline -0.005 -16"><span class='ocrx_word' id='word_1_294' title='bbox 112 2371 224 2429; x_wconf 90' lang='lat' dir='ltr'><strong>volubili</strong></span> <span class='ocrx_word' id='word_1_295' title='bbox 235 2381 360 2428; x_wconf 89' lang='lat' dir='ltr'><strong>versatur</strong></span> <span class='ocrx_word' id='word_1_296' title='bbox 370 2374 478 2428; x_wconf 86' lang='lat' dir='ltr'><strong>astutia.</strong></span> <span class='ocrx_word' id='word_1_297' title='bbox 494 2373 559 2427; x_wconf 86' lang='lat' dir='ltr'><strong>Avis</strong></span> <span class='ocrx_word' id='word_1_298' title='bbox 574 2380 722 2445; x_wconf 88' lang='lat' dir='ltr'><strong>propterea</strong></span> <span class='ocrx_word' id='word_1_299' title='bbox 741 2372 907 2440; x_wconf 91' lang='lat' dir='ltr'><strong>nominatur,</strong></span> 
     </span>
     <span class='ocr_line' id='line_1_39' title="bbox 111 2459 909 2534; baseline 0.001 -18"><span class='ocrx_word' id='word_1_300' title='bbox 111 2462 176 2533; x_wconf 92' lang='lat' dir='ltr'><strong>quia</strong></span> <span class='ocrx_word' id='word_1_301' title='bbox 192 2477 242 2534; x_wconf 91' lang='lat' dir='ltr'><strong>per</strong></span> <span class='ocrx_word' id='word_1_302' title='bbox 256 2463 411 2533; x_wconf 87' lang='lat' dir='ltr'><strong>superbiam</strong></span> <span class='ocrx_word' id='word_1_303' title='bbox 427 2461 460 2516; x_wconf 92' lang='lat' dir='ltr'><strong>ad</strong></span> <span class='ocrx_word' id='word_1_304' title='bbox 475 2461 529 2516; x_wconf 91' lang='lat' dir='ltr'><strong>alla</strong></span> <span class='ocrx_word' id='word_1_305' title='bbox 544 2460 709 2516; x_wconf 89' lang='lat' dir='ltr'><strong>sustollitur.</strong></span> <span class='ocrx_word' id='word_1_306' title='bbox 730 2462 763 2516; x_wconf 86' lang='lat' dir='ltr'><strong>Et</strong></span> <span class='ocrx_word' id='word_1_307' title='bbox 776 2470 850 2518; x_wconf 90' lang='lat' dir='ltr'><strong>recte</strong></span> <span class='ocrx_word' id='word_1_308' title='bbox 864 2459 909 2517; x_wconf 89' lang='lat' dir='ltr'><strong>bis</strong></span> 
     </span>
     <span class='ocr_line' id='line_1_40' title="bbox 113 2548 908 2620; baseline -0.001 -15"><span class='ocrx_word' id='word_1_309' title='bbox 113 2548 253 2605; x_wconf 85' lang='lat' dir='ltr'><strong>vocabulis</strong></span> <span class='ocrx_word' id='word_1_310' title='bbox 268 2550 357 2603; x_wconf 91' lang='lat' dir='ltr'><strong>tribus</strong></span> <span class='ocrx_word' id='word_1_311' title='bbox 372 2548 529 2620; x_wconf 84' lang='lat' dir='ltr'><strong>appellatur</strong></span> <span class='ocrx_word' id='word_1_312' title='bbox 545 2548 590 2620; x_wconf 92' lang='lat' dir='ltr'><strong>qui</strong></span> <span class='ocrx_word' id='word_1_313' title='bbox 605 2563 656 2620; x_wconf 85' lang='lat' dir='ltr'><strong>pro</strong></span> <span class='ocrx_word' id='word_1_314' title='bbox 670 2564 719 2604; x_wconf 91' lang='lat' dir='ltr'><strong>suo</strong></span> <span class='ocrx_word' id='word_1_315' title='bbox 742 2549 839 2605; x_wconf 88' lang='lat' dir='ltr'><strong>merito</strong></span> <span class='ocrx_word' id='word_1_316' title='bbox 858 2563 908 2604; x_wconf 91' lang='lat' dir='ltr'><strong>ae-</strong></span> 
     </span>
     <span class='ocr_line' id='line_1_41' title="bbox 111 2637 909 2710; baseline -0.003 -16"><span class='ocrx_word' id='word_1_317' title='bbox 111 2654 172 2694; x_wconf 92' lang='lat' dir='ltr'><strong>rem</strong></span> <span class='ocrx_word' id='word_1_318' title='bbox 187 2637 266 2710; x_wconf 85' lang='lat' dir='ltr'><strong>quasi</strong></span> <span class='ocrx_word' id='word_1_319' title='bbox 282 2638 340 2694; x_wconf 91' lang='lat' dir='ltr'><strong>avis</strong></span> <span class='ocrx_word' id='word_1_320' title='bbox 355 2653 406 2710; x_wconf 90' lang='lat' dir='ltr'><strong>pro</strong></span> <span class='ocrx_word' id='word_1_321' title='bbox 420 2654 531 2694; x_wconf 89' lang='lat' dir='ltr'><strong>carcere</strong></span> <span class='ocrx_word' id='word_1_322' title='bbox 546 2638 655 2707; x_wconf 91' lang='lat' dir='ltr'><strong>meruit,</strong></span> <span class='ocrx_word' id='word_1_323' title='bbox 677 2645 780 2693; x_wconf 89' lang='lat' dir='ltr'><strong>terram</strong></span> <span class='ocrx_word' id='word_1_324' title='bbox 800 2639 909 2693; x_wconf 91' lang='lat' dir='ltr'><strong>brutum</strong></span> 
     </span>
     <span class='ocr_line' id='line_1_42' title="bbox 111 2725 909 2797; baseline -0.004 -15"><span class='ocrx_word' id='word_1_325' title='bbox 111 2726 214 2782; x_wconf 91' lang='lat' dir='ltr'><strong>animal</strong></span> <span class='ocrx_word' id='word_1_326' title='bbox 227 2727 354 2793; x_wconf 91' lang='lat' dir='ltr'><strong>eomedit,</strong></span> <span class='ocrx_word' id='word_1_327' title='bbox 368 2734 517 2797; x_wconf 87' lang='lat' dir='ltr'><strong>serpensut</strong></span> <span class='ocrx_word' id='word_1_328' title='bbox 532 2726 560 2781; x_wconf 90' lang='lat' dir='ltr'><strong>in</strong></span> <span class='ocrx_word' id='word_1_329' title='bbox 575 2727 653 2794; x_wconf 84' lang='lat' dir='ltr'><strong>hujus</strong></span> <span class='ocrx_word' id='word_1_330' title='bbox 668 2726 761 2782; x_wconf 86' lang='lat' dir='ltr'><strong>saeculi</strong></span> <span class='ocrx_word' id='word_1_331' title='bbox 775 2741 850 2780; x_wconf 87' lang='lat' dir='ltr'><strong>mare</strong></span> <span class='ocrx_word' id='word_1_332' title='bbox 864 2725 909 2780; x_wconf 91' lang='lat' dir='ltr'><strong>in-</strong></span> 
     </span>
     <span class='ocr_line' id='line_1_43' title="bbox 110 2814 910 2887; baseline 0.001 -18"><span class='ocrx_word' id='word_1_333' title='bbox 110 2830 179 2871; x_wconf 91' lang='lat' dir='ltr'><strong>sana</strong></span> <span class='ocrx_word' id='word_1_334' title='bbox 191 2817 308 2886; x_wconf 88' lang='lat' dir='ltr'><strong>jactatur</strong></span> <span class='ocrx_word' id='word_1_335' title='bbox 322 2816 508 2872; x_wconf 77' lang='lat' dir='ltr'><strong>fluctuatione.</strong></span> <span class='ocrx_word' id='word_1_336' title='bbox 527 2816 567 2870; x_wconf 83' lang='grc' dir='ltr'><strong>Ει</strong></span> <span class='ocrx_word' id='word_1_337' title='bbox 595 2831 629 2871; x_wconf 89' lang='grc' dir='ltr'><strong>ει</strong></span> <span class='ocrx_word' id='word_1_338' title='bbox 658 2814 729 2870; x_wconf 91' lang='lat' dir='ltr'><strong>enim</strong></span> <span class='ocrx_word' id='word_1_339' title='bbox 758 2814 830 2887; x_wconf 90' lang='lat' dir='ltr'><strong>qnod</strong></span> <span class='ocrx_word' id='word_1_340' title='bbox 859 2830 910 2885; x_wconf 89' lang='lat' dir='ltr'><strong>per</strong></span> 
     </span>
     <span class='ocr_line' id='line_1_44' title="bbox 112 2903 907 2976; baseline -0.005 -16"><span class='ocrx_word' id='word_1_341' title='bbox 112 2904 236 2960; x_wconf 91' lang='lat' dir='ltr'><strong>membra</strong></span> <span class='ocrx_word' id='word_1_342' title='bbox 249 2920 298 2960; x_wconf 93' lang='lat' dir='ltr'><strong>sua</strong></span> <span class='ocrx_word' id='word_1_343' title='bbox 322 2904 446 2960; x_wconf 89' lang='lat' dir='ltr'><strong>diabolus</strong></span> <span class='ocrx_word' id='word_1_344' title='bbox 469 2913 607 2976; x_wconf 86' lang='lat' dir='ltr'><strong>operatur,</strong></span> <span class='ocrx_word' id='word_1_345' title='bbox 629 2904 741 2960; x_wconf 92' lang='lat' dir='ltr'><strong>sortitur</strong></span> <span class='ocrx_word' id='word_1_346' title='bbox 765 2903 907 2968; x_wconf 88' lang='lat' dir='ltr'><strong>vocabula,</strong></span> 
     </span>
    </p>
   </div>
   <div class='ocr_carea' id='block_1_10' title="bbox 107 3001 949 3519">
    <p class='ocr_par' dir='ltr' id='par_1_10' title="bbox 107 3001 949 3519">
     <span class='ocr_line' id='line_1_45' title="bbox 111 3001 949 3083; baseline -0.002 -25"><span class='ocrx_word' id='word_1_347' title='bbox 111 3002 148 3058; x_wconf 88' lang='lat' dir='ltr'><strong>ita</strong></span> <span class='ocrx_word' id='word_1_348' title='bbox 162 3003 271 3075; x_wconf 88' lang='lat' dir='ltr'><strong>utquod</strong></span> <span class='ocrx_word' id='word_1_349' title='bbox 282 3002 382 3074; x_wconf 86' lang='lat' dir='ltr'><strong>singuli</strong></span> <span class='ocrx_word' id='word_1_350' title='bbox 392 3003 617 3077; x_wconf 91' lang='lat' dir='ltr'><strong>aguntincitante</strong></span> <span class='ocrx_word' id='word_1_351' title='bbox 629 3003 684 3067; x_wconf 94' lang='lat' dir='ltr'><strong>illo,</strong></span> <span class='ocrx_word' id='word_1_352' title='bbox 706 3003 766 3074; x_wconf 89' lang='lat' dir='ltr'><strong>ipse</strong></span> <span class='ocrx_word' id='word_1_353' title='bbox 782 3001 908 3058; x_wconf 91' lang='lat' dir='ltr'><strong>nomine·</strong></span> <span class='ocrx_word' id='word_1_354' title='bbox 924 3021 949 3083; x_wconf 78' lang='lat' dir='ltr'>C</span> 
     </span>
     <span class='ocr_line' id='line_1_46' title="bbox 109 3090 910 3163; baseline 0.004 -18"><span class='ocrx_word' id='word_1_355' title='bbox 109 3099 155 3145; x_wconf 94' lang='lat' dir='ltr'><strong>tur</strong></span> <span class='ocrx_word' id='word_1_356' title='bbox 169 3106 201 3146; x_wconf 86' lang='lat' dir='ltr'><strong>ex</strong></span> <span class='ocrx_word' id='word_1_357' title='bbox 217 3106 260 3149; x_wconf 87' lang='lat' dir='ltr'><strong>eo.</strong></span> <span class='ocrx_word' id='word_1_358' title='bbox 277 3090 365 3161; x_wconf 87' lang='lat' dir='ltr'><strong>Quem</strong></span> <span class='ocrx_word' id='word_1_359' title='bbox 388 3093 458 3148; x_wconf 91' lang='lat' dir='ltr'><strong>enim</strong></span> <span class='ocrx_word' id='word_1_360' title='bbox 483 3109 537 3148; x_wconf 90' lang='lat' dir='ltr'><strong>non</strong></span> <span class='ocrx_word' id='word_1_361' title='bbox 561 3091 661 3163; x_wconf 86' lang='lat' dir='ltr'><strong>decipit</strong></span> <span class='ocrx_word' id='word_1_362' title='bbox 689 3090 815 3146; x_wconf 90' lang='lat' dir='ltr'><strong>diabolus</strong></span> <span class='ocrx_word' id='word_1_363' title='bbox 837 3091 910 3148; x_wconf 87' lang='lat' dir='ltr'><strong>unde</strong></span> 
     </span>
     <span class='ocr_line' id='line_1_47' title="bbox 107 3179 908 3253; baseline 0 -18"><span class='ocrx_word' id='word_1_364' title='bbox 107 3179 209 3235; x_wconf 89' lang='lat' dir='ltr'><strong>animal</strong></span> <span class='ocrx_word' id='word_1_365' title='bbox 224 3188 275 3246; x_wconf 87' lang='lat' dir='ltr'><strong>est,</strong></span> <span class='ocrx_word' id='word_1_366' title='bbox 292 3181 344 3237; x_wconf 90' lang='lat' dir='ltr'><strong>boc</strong></span> <span class='ocrx_word' id='word_1_367' title='bbox 359 3190 401 3236; x_wconf 91' lang='lat' dir='ltr'><strong>est</strong></span> <span class='ocrx_word' id='word_1_368' title='bbox 414 3197 465 3253; x_wconf 93' lang='lat' dir='ltr'><strong>per</strong></span> <span class='ocrx_word' id='word_1_369' title='bbox 478 3182 570 3238; x_wconf 89' lang='lat' dir='ltr'><strong>carnis</strong></span> <span class='ocrx_word' id='word_1_370' title='bbox 586 3180 732 3247; x_wconf 82' lang='lat' dir='ltr'><strong>luxuriam,</strong></span> <span class='ocrx_word' id='word_1_371' title='bbox 748 3188 832 3236; x_wconf 91' lang='lat' dir='ltr'><strong>tentat</strong></span> <span class='ocrx_word' id='word_1_372' title='bbox 854 3197 908 3235; x_wconf 87' lang='lat' dir='ltr'><strong>un·</strong></span> 
     </span>
     <span class='ocr_line' id='line_1_48' title="bbox 108 3267 909 3342; baseline 0 -19"><span class='ocrx_word' id='word_1_373' title='bbox 108 3267 145 3324; x_wconf 93' lang='lat' dir='ltr'><strong>de</strong></span> <span class='ocrx_word' id='word_1_374' title='bbox 160 3283 276 3340; x_wconf 89' lang='lat' dir='ltr'><strong>serpens</strong></span> <span class='ocrx_word' id='word_1_375' title='bbox 291 3276 341 3335; x_wconf 87' lang='lat' dir='ltr'><strong>est,</strong></span> <span class='ocrx_word' id='word_1_376' title='bbox 359 3269 411 3326; x_wconf 92' lang='lat' dir='ltr'><strong>boc</strong></span> <span class='ocrx_word' id='word_1_377' title='bbox 427 3277 452 3325; x_wconf 90' lang='lat' dir='ltr'><strong>et</strong></span> <span class='ocrx_word' id='word_1_378' title='bbox 466 3269 619 3342; x_wconf 81' lang='lat' dir='ltr'><strong>cupiditatis</strong></span> <span class='ocrx_word' id='word_1_379' title='bbox 633 3284 667 3326; x_wconf 92' lang='lat' dir='ltr'><strong>ac</strong></span> <span class='ocrx_word' id='word_1_380' title='bbox 687 3269 804 3326; x_wconf 91' lang='lat' dir='ltr'><strong>nocendi</strong></span> <span class='ocrx_word' id='word_1_381' title='bbox 828 3269 909 3324; x_wconf 91' lang='lat' dir='ltr'><strong>mali·</strong></span> 
     </span>
     <span class='ocr_line' id='line_1_49' title="bbox 108 3358 909 3430; baseline 0 -18"><span class='ocrx_word' id='word_1_382' title='bbox 108 3358 163 3422; x_wconf 74' lang='grc' dir='ltr'>ιιις</span> <span class='ocrx_word' id='word_1_383' title='bbox 179 3374 261 3430; x_wconf 91' lang='lat' dir='ltr'><strong>quem</strong></span> <span class='ocrx_word' id='word_1_384' title='bbox 276 3366 367 3414; x_wconf 90' lang='lat' dir='ltr'><strong>antem</strong></span> <span class='ocrx_word' id='word_1_385' title='bbox 382 3374 433 3415; x_wconf 92' lang='lat' dir='ltr'><strong>nec</strong></span> <span class='ocrx_word' id='word_1_386' title='bbox 449 3359 490 3416; x_wconf 89' lang='lat' dir='ltr'><strong>sic</strong></span> <span class='ocrx_word' id='word_1_387' title='bbox 505 3358 617 3430; x_wconf 90' lang='lat' dir='ltr'><strong>decipit,</strong></span> <span class='ocrx_word' id='word_1_388' title='bbox 642 3358 786 3414; x_wconf 91' lang='lat' dir='ltr'><strong>insidiatur</strong></span> <span class='ocrx_word' id='word_1_389' title='bbox 806 3358 832 3414; x_wconf 91' lang='grc' dir='ltr'><strong>ει</strong></span> <span class='ocrx_word' id='word_1_390' title='bbox 856 3374 909 3414; x_wconf 91' lang='lat' dir='ltr'><strong>un-</strong></span> 
     </span>
     <span class='ocr_line' id='line_1_50' title="bbox 109 3445 908 3519; baseline 0.003 -18"><span class='ocrx_word' id='word_1_391' title='bbox 109 3445 213 3502; x_wconf 85' lang='lat' dir='ltr'><strong>dearia</strong></span> <span class='ocrx_word' id='word_1_392' title='bbox 223 3455 274 3515; x_wconf 84' lang='lat' dir='ltr'><strong>est,</strong></span> <span class='ocrx_word' id='word_1_393' title='bbox 284 3451 337 3504; x_wconf 90' lang='lat' dir='ltr'><strong>boc</strong></span> <span class='ocrx_word' id='word_1_394' title='bbox 350 3456 391 3503; x_wconf 88' lang='lat' dir='ltr'><strong>est</strong></span> <span class='ocrx_word' id='word_1_395' title='bbox 401 3447 536 3519; x_wconf 78' lang='lat' dir='ltr'><strong>superbire</strong></span> <span class='ocrx_word' id='word_1_396' title='bbox 551 3448 640 3503; x_wconf 89' lang='lat' dir='ltr'><strong>ruina.</strong></span> <span class='ocrx_word' id='word_1_397' title='bbox 656 3446 735 3504; x_wconf 89' lang='lat' dir='ltr'><strong>Unde</strong></span> <span class='ocrx_word' id='word_1_398' title='bbox 758 3447 831 3503; x_wconf 91' lang='lat' dir='ltr'><strong>enim</strong></span> <span class='ocrx_word' id='word_1_399' title='bbox 855 3448 908 3503; x_wconf 92' lang='lat' dir='ltr'><strong>do·</strong></span> 
     </span>
    </p>
   </div>
   <div class='ocr_carea' id='block_1_11' title="bbox 109 3541 803 3706">
    <p class='ocr_par' dir='ltr' id='par_1_11' title="bbox 109 3541 803 3706">
     <span class='ocr_line' id='line_1_51' title="bbox 109 3541 803 3618; baseline 0.003 -19"><span class='ocrx_word' id='word_1_400' title='bbox 109 3541 155 3600; x_wconf 89' lang='lat' dir='ltr'><strong>loa</strong></span> <span class='ocrx_word' id='word_1_401' title='bbox 173 3553 320 3616; x_wconf 73' lang='lat' dir='ltr'><strong>preparat,</strong></span> <span class='ocrx_word' id='word_1_402' title='bbox 341 3561 486 3618; x_wconf 89' lang='lat' dir='ltr'><strong>quousque</strong></span> <span class='ocrx_word' id='word_1_403' title='bbox 505 3545 623 3602; x_wconf 89' lang='lat' dir='ltr'><strong>inveniat</strong></span> <span class='ocrx_word' id='word_1_404' title='bbox 644 3545 726 3613; x_wconf 87' lang='lat' dir='ltr'><strong>viam,</strong></span> <span class='ocrx_word' id='word_1_405' title='bbox 752 3561 803 3618; x_wconf 90' lang='lat' dir='ltr'><strong>per</strong></span> 
     </span>
     <span class='ocr_line' id='line_1_52' title="bbox 111 3632 395 3706; baseline 0.007 -18"><span class='ocrx_word' id='word_1_406' title='bbox 111 3632 251 3690; x_wconf 89' lang='lat' dir='ltr'><strong>incautum</strong></span> <span class='ocrx_word' id='word_1_407' title='bbox 266 3633 395 3706; x_wconf 84' lang='lat' dir='ltr'><strong>decipiat.</strong></span> 
     </span>
    </p>
   </div>
   <div class='ocr_carea' id='block_1_12' title="bbox 827 3560 909 3618">
    <p class='ocr_par' dir='ltr' id='par_1_12' title="bbox 827 3560 909 3618">
     <span class='ocr_line' id='line_1_53' title="bbox 827 3560 909 3618; baseline -0.012 -17"><span class='ocrx_word' id='word_1_408' title='bbox 827 3560 909 3618; x_wconf 90' lang='lat' dir='ltr'><strong>quam</strong></span> 
     </span>
    </p>
   </div>
   <div class='ocr_carea' id='block_1_13' title="bbox 450 3822 567 3863">
    <p class='ocr_par' dir='ltr' id='par_1_13' title="bbox 450 3822 567 3863">
     <span class='ocr_line' id='line_1_54' title="bbox 450 3822 567 3863; baseline -0.009 -1"><span class='ocrx_word' id='word_1_409' title='bbox 450 3822 567 3863; x_wconf 73' lang='lat' dir='ltr'><strong>Divisio.</strong></span> 
     </span>
    </p>
   </div>
   <div class='ocr_carea' id='block_1_14' title="bbox 110 3963 911 5297">
    <p class='ocr_par' dir='ltr' id='par_1_14' title="bbox 110 3963 911 5297">
     <span class='ocr_line' id='line_1_55' title="bbox 148 3963 908 4036; baseline -0.003 -13"><span class='ocrx_word' id='word_1_410' title='bbox 148 3965 233 4023; x_wconf 90' lang='lat' dir='ltr'><strong>Aliud</strong></span> <span class='ocrx_word' id='word_1_411' title='bbox 247 3973 287 4021; x_wconf 91' lang='lat' dir='ltr'><strong>est</strong></span> <span class='ocrx_word' id='word_1_412' title='bbox 298 3965 401 4022; x_wconf 89' lang='lat' dir='ltr'><strong>intrare</strong></span> <span class='ocrx_word' id='word_1_413' title='bbox 409 3964 550 4021; x_wconf 92' lang='lat' dir='ltr'><strong>diabolum</strong></span> <span class='ocrx_word' id='word_1_414' title='bbox 561 3964 588 4018; x_wconf 94' lang='lat' dir='ltr'><strong>in</strong></span> <span class='ocrx_word' id='word_1_415' title='bbox 600 3972 718 4020; x_wconf 91' lang='lat' dir='ltr'><strong>mentem</strong></span> <span class='ocrx_word' id='word_1_416' title='bbox 733 3963 908 4036; x_wconf 85' lang='lat' dir='ltr'><strong>cujusquam,</strong></span> 
     </span>
     <span class='ocr_line' id='line_1_56' title="bbox 110 4052 908 4112; baseline -0.003 -1"><span class='ocrx_word' id='word_1_417' title='bbox 110 4054 187 4111; x_wconf 88' lang='lat' dir='ltr'><strong>aliud</strong></span> <span class='ocrx_word' id='word_1_418' title='bbox 203 4070 268 4112; x_wconf 87' lang='lat' dir='ltr'><strong>vero</strong></span> <span class='ocrx_word' id='word_1_419' title='bbox 279 4054 441 4110; x_wconf 78' lang='lat' dir='ltr'><strong>inhabitare.</strong></span> <span class='ocrx_word' id='word_1_420' title='bbox 457 4055 527 4108; x_wconf 88' lang='lat' dir='ltr'><strong>Nam</strong></span> <span class='ocrx_word' id='word_1_421' title='bbox 543 4052 570 4108; x_wconf 94' lang='lat' dir='ltr'><strong>in</strong></span> <span class='ocrx_word' id='word_1_422' title='bbox 590 4054 676 4110; x_wconf 89' lang='lat' dir='ltr'><strong>corda</strong></span> <span class='ocrx_word' id='word_1_423' title='bbox 694 4061 851 4110; x_wconf 89' lang='lat' dir='ltr'><strong>sanctorum</strong></span> <span class='ocrx_word' id='word_1_424' title='bbox 872 4055 908 4109; x_wconf 89' lang='lat' dir='ltr'><strong>in·</strong></span> 
     </span>
     <span class='ocr_line' id='line_1_57' title="bbox 111 4141 909 4217; baseline -0.001 -16"><span class='ocrx_word' id='word_1_425' title='bbox 111 4143 235 4217; x_wconf 82' lang='lat' dir='ltr'><strong>graditur</strong></span> <span class='ocrx_word' id='word_1_426' title='bbox 248 4144 314 4199; x_wconf 92' lang='lat' dir='ltr'><strong>durn</strong></span> <span class='ocrx_word' id='word_1_427' title='bbox 329 4143 414 4198; x_wconf 87' lang='lat' dir='ltr'><strong>malas</strong></span> <span class='ocrx_word' id='word_1_428' title='bbox 429 4142 621 4216; x_wconf 76' lang='lat' dir='ltr'><strong>suggestiones</strong></span> <span class='ocrx_word' id='word_1_429' title='bbox 636 4141 765 4211; x_wconf 87' lang='lat' dir='ltr'><strong>insinuat,</strong></span> <span class='ocrx_word' id='word_1_430' title='bbox 780 4143 830 4199; x_wconf 88' lang='lat' dir='ltr'><strong>aad</strong></span> <span class='ocrx_word' id='word_1_431' title='bbox 853 4160 909 4200; x_wconf 89' lang='lat' dir='ltr'><strong>noa</strong></span> 
     </span>
     <span class='ocr_line' id='line_1_58' title="bbox 110 4231 907 4304; baseline 0.003 -18"><span class='ocrx_word' id='word_1_432' title='bbox 110 4231 244 4289; x_wconf 80' lang='lat' dir='ltr'><strong>inhabitat</strong></span> <span class='ocrx_word' id='word_1_433' title='bbox 267 4232 294 4288; x_wconf 93' lang='lat' dir='ltr'><strong>in</strong></span> <span class='ocrx_word' id='word_1_434' title='bbox 316 4232 366 4299; x_wconf 88' lang='lat' dir='ltr'><strong>eia,</strong></span> <span class='ocrx_word' id='word_1_435' title='bbox 392 4231 455 4304; x_wconf 87' lang='lat' dir='ltr'><strong>quia</strong></span> <span class='ocrx_word' id='word_1_436' title='bbox 473 4234 501 4287; x_wconf 94' lang='lat' dir='ltr'><strong>in</strong></span> <span class='ocrx_word' id='word_1_437' title='bbox 519 4247 569 4289; x_wconf 88' lang='lat' dir='ltr'><strong>suo</strong></span> <span class='ocrx_word' id='word_1_438' title='bbox 588 4246 702 4302; x_wconf 92' lang='lat' dir='ltr'><strong>corpore</strong></span> <span class='ocrx_word' id='word_1_439' title='bbox 716 4247 771 4287; x_wconf 92' lang='lat' dir='ltr'><strong>non</strong></span> <span class='ocrx_word' id='word_1_440' title='bbox 786 4246 834 4287; x_wconf 86' lang='lat' dir='ltr'><strong>eos</strong></span> <span class='ocrx_word' id='word_1_441' title='bbox 850 4240 907 4289; x_wconf 82' lang='lat' dir='ltr'><strong>trr-</strong></span> 
     </span>
     <span class='ocr_line' id='line_1_59' title="bbox 111 4326 908 4399; baseline -0.003 -16"><span class='ocrx_word' id='word_1_442' title='bbox 111 4327 196 4384; x_wconf 90' lang='lat' dir='ltr'><strong>dacit.</strong></span> <span class='ocrx_word' id='word_1_443' title='bbox 215 4327 266 4398; x_wconf 84' lang='lat' dir='ltr'><strong>Qui</strong></span> <span class='ocrx_word' id='word_1_444' title='bbox 281 4343 345 4385; x_wconf 92' lang='lat' dir='ltr'><strong>vero</strong></span> <span class='ocrx_word' id='word_1_445' title='bbox 359 4328 388 4383; x_wconf 91' lang='grc' dir='ltr'><strong>ιι</strong></span> <span class='ocrx_word' id='word_1_446' title='bbox 402 4342 519 4399; x_wconf 88' lang='lat' dir='ltr'><strong>corpore</strong></span> <span class='ocrx_word' id='word_1_447' title='bbox 534 4327 595 4397; x_wconf 88' lang='lat' dir='ltr'><strong>ejus</strong></span> <span class='ocrx_word' id='word_1_448' title='bbox 607 4333 680 4394; x_wconf 91' lang='lat' dir='ltr'><strong>sunt,</strong></span> <span class='ocrx_word' id='word_1_449' title='bbox 701 4327 776 4398; x_wconf 85' lang='lat' dir='ltr'><strong>ipsos</strong></span> <span class='ocrx_word' id='word_1_450' title='bbox 798 4326 908 4382; x_wconf 88' lang='lat' dir='ltr'><strong>lababi-</strong></span> 
     </span>
     <span class='ocr_line' id='line_1_60' title="bbox 111 4415 909 4489; baseline -0.004 -16"><span class='ocrx_word' id='word_1_451' title='bbox 111 4425 161 4483; x_wconf 87' lang='lat' dir='ltr'><strong>tat,</strong></span> <span class='ocrx_word' id='word_1_452' title='bbox 177 4418 242 4489; x_wconf 91' lang='lat' dir='ltr'><strong>quia</strong></span> <span class='ocrx_word' id='word_1_453' title='bbox 269 4416 321 4488; x_wconf 89' lang='lat' dir='ltr'><strong>ipsi</strong></span> <span class='ocrx_word' id='word_1_454' title='bbox 346 4425 410 4472; x_wconf 90' lang='lat' dir='ltr'><strong>sunt</strong></span> <span class='ocrx_word' id='word_1_455' title='bbox 435 4417 568 4488; x_wconf 85' lang='lat' dir='ltr'><strong>templum</strong></span> <span class='ocrx_word' id='word_1_456' title='bbox 592 4417 662 4487; x_wconf 84' lang='lat' dir='ltr'><strong>ejus.</strong></span> <span class='ocrx_word' id='word_1_457' title='bbox 695 4415 752 4472; x_wconf 87' lang='lat' dir='ltr'><strong>Etsi</strong></span> <span class='ocrx_word' id='word_1_458' title='bbox 779 4415 909 4487; x_wconf 89' lang='lat' dir='ltr'><strong>subripiat</strong></span> 
     </span>
     <span class='ocr_line' id='line_1_61' title="bbox 111 4504 910 4571; baseline 0.001 -10"><span class='ocrx_word' id='word_1_459' title='bbox 111 4505 250 4563; x_wconf 86' lang='lat' dir='ltr'><strong>mentibus</strong></span> <span class='ocrx_word' id='word_1_460' title='bbox 268 4506 422 4563; x_wconf 90' lang='lat' dir='ltr'><strong>electorum</strong></span> <span class='ocrx_word' id='word_1_461' title='bbox 452 4504 588 4571; x_wconf 87' lang='lat' dir='ltr'><strong>diabolus,</strong></span> <span class='ocrx_word' id='word_1_462' title='bbox 617 4520 673 4560; x_wconf 92' lang='lat' dir='ltr'><strong>non</strong></span> <span class='ocrx_word' id='word_1_463' title='bbox 697 4511 787 4561; x_wconf 91' lang='lat' dir='ltr'><strong>autem</strong></span> <span class='ocrx_word' id='word_1_464' title='bbox 813 4505 841 4560; x_wconf 88' lang='lat' dir='ltr'><strong>in</strong></span> <span class='ocrx_word' id='word_1_465' title='bbox 869 4505 910 4562; x_wconf 87' lang='lat' dir='ltr'><strong>eis</strong></span> 
     </span>
     <span class='ocr_line' id='line_1_62' title="bbox 113 4594 910 4667; baseline 0.001 -17"><span class='ocrx_word' id='word_1_466' title='bbox 113 4594 273 4667; x_wconf 89' lang='lat' dir='ltr'><strong>requiescit,</strong></span> <span class='ocrx_word' id='word_1_467' title='bbox 289 4594 360 4652; x_wconf 88' lang='lat' dir='ltr'><strong>sicut</strong></span> <span class='ocrx_word' id='word_1_468' title='bbox 375 4594 403 4649; x_wconf 94' lang='lat' dir='ltr'><strong>in</strong></span> <span class='ocrx_word' id='word_1_469' title='bbox 417 4595 547 4652; x_wconf 91' lang='lat' dir='ltr'><strong>cordibus</strong></span> <span class='ocrx_word' id='word_1_470' title='bbox 563 4594 756 4665; x_wconf 87' lang='lat' dir='ltr'><strong>repmborum.</strong></span> <span class='ocrx_word' id='word_1_471' title='bbox 774 4595 845 4649; x_wconf 91' lang='lat' dir='ltr'><strong>Nam</strong></span> <span class='ocrx_word' id='word_1_472' title='bbox 860 4610 910 4651; x_wconf 90' lang='lat' dir='ltr'><strong>ea·</strong></span> 
     </span>
     <span class='ocr_line' id='line_1_63' title="bbox 112 4682 911 4751; baseline -0.001 -11"><span class='ocrx_word' id='word_1_473' title='bbox 112 4685 171 4742; x_wconf 90' lang='lat' dir='ltr'><strong>lore</strong></span> <span class='ocrx_word' id='word_1_474' title='bbox 187 4683 252 4741; x_wconf 85' lang='lat' dir='ltr'><strong>fidei</strong></span> <span class='ocrx_word' id='word_1_475' title='bbox 264 4700 326 4741; x_wconf 83' lang='lat' dir='ltr'><strong>mon</strong></span> <span class='ocrx_word' id='word_1_476' title='bbox 343 4683 484 4751; x_wconf 83' lang='lat' dir='ltr'><strong>excitatur,</strong></span> <span class='ocrx_word' id='word_1_477' title='bbox 501 4692 529 4739; x_wconf 93' lang='lat' dir='ltr'><strong>ut</strong></span> <span class='ocrx_word' id='word_1_478' title='bbox 544 4692 622 4739; x_wconf 87' lang='lat' dir='ltr'><strong>exeat</strong></span> <span class='ocrx_word' id='word_1_479' title='bbox 637 4683 672 4739; x_wconf 92' lang='lat' dir='ltr'><strong>ab</strong></span> <span class='ocrx_word' id='word_1_480' title='bbox 701 4682 808 4741; x_wconf 81' lang='lat' dir='ltr'><strong>electis.</strong></span> <span class='ocrx_word' id='word_1_481' title='bbox 836 4685 911 4740; x_wconf 91' lang='lat' dir='ltr'><strong>Non·</strong></span> 
     </span>
     <span class='ocr_line' id='line_1_64' title="bbox 112 4772 909 4846; baseline -0.003 -16"><span class='ocrx_word' id='word_1_482' title='bbox 112 4774 191 4841; x_wconf 91' lang='lat' dir='ltr'><strong>nulli,</strong></span> <span class='ocrx_word' id='word_1_483' title='bbox 212 4788 280 4846; x_wconf 88' lang='lat' dir='ltr'><strong>quos</strong></span> <span class='ocrx_word' id='word_1_484' title='bbox 296 4773 356 4843; x_wconf 90' lang='lat' dir='ltr'><strong>jam</strong></span> <span class='ocrx_word' id='word_1_485' title='bbox 376 4773 458 4829; x_wconf 90' lang='lat' dir='ltr'><strong>avido</strong></span> <span class='ocrx_word' id='word_1_486' title='bbox 485 4788 532 4830; x_wconf 89' lang='lat' dir='ltr'><strong>ore</strong></span> <span class='ocrx_word' id='word_1_487' title='bbox 558 4772 690 4829; x_wconf 87' lang='lat' dir='ltr'><strong>diabolas</strong></span> <span class='ocrx_word' id='word_1_488' title='bbox 718 4772 909 4837; x_wconf 82' lang='lat' dir='ltr'><strong>devoraverat,</strong></span> 
     </span>
     <span class='ocr_line' id='line_1_65' title="bbox 112 4860 910 4933; baseline -0.003 -14"><span class='ocrx_word' id='word_1_489' title='bbox 112 4879 214 4919; x_wconf 89' lang='lat' dir='ltr'><strong>rursus</strong></span> <span class='ocrx_word' id='word_1_490' title='bbox 229 4862 312 4919; x_wconf 89' lang='lat' dir='ltr'><strong>divini</strong></span> <span class='ocrx_word' id='word_1_491' title='bbox 325 4861 422 4933; x_wconf 90' lang='lat' dir='ltr'><strong>judieii</strong></span> <span class='ocrx_word' id='word_1_492' title='bbox 451 4861 558 4918; x_wconf 91' lang='lat' dir='ltr'><strong>occulta</strong></span> <span class='ocrx_word' id='word_1_493' title='bbox 585 4861 760 4917; x_wconf 88' lang='lat' dir='ltr'><strong>miseratione</strong></span> <span class='ocrx_word' id='word_1_494' title='bbox 789 4860 823 4916; x_wconf 91' lang='lat' dir='ltr'><strong>ab</strong></span> <span class='ocrx_word' id='word_1_495' title='bbox 851 4862 910 4931; x_wconf 76' lang='lat' dir='ltr'><strong>eius</strong></span> 
     </span>
     <span class='ocr_line' id='line_1_66' title="bbox 111 4959 909 5032; baseline -0.004 -14"><span class='ocrx_word' id='word_1_496' title='bbox 111 4976 163 5018; x_wconf 90' lang='lat' dir='ltr'><strong>ore</strong></span> <span class='ocrx_word' id='word_1_497' title='bbox 176 4960 347 5032; x_wconf 89' lang='lat' dir='ltr'><strong>diripiuntur,</strong></span> <span class='ocrx_word' id='word_1_498' title='bbox 363 4969 389 5015; x_wconf 91' lang='lat' dir='ltr'><strong>et</strong></span> <span class='ocrx_word' id='word_1_499' title='bbox 415 4960 496 5015; x_wconf 88' lang='lat' dir='ltr'><strong>saluti</strong></span> <span class='ocrx_word' id='word_1_500' title='bbox 518 4959 711 5016; x_wconf 89' lang='lat' dir='ltr'><strong>restituuntur.</strong></span> <span class='ocrx_word' id='word_1_501' title='bbox 737 4959 807 5014; x_wconf 90' lang='lat' dir='ltr'><strong>Nam</strong></span> <span class='ocrx_word' id='word_1_502' title='bbox 835 4974 909 5030; x_wconf 82' lang='lat' dir='ltr'><strong>ampo</strong></span> 
     </span>
     <span class='ocr_line' id='line_1_67' title="bbox 110 5048 909 5122; baseline -0.003 -17"><span class='ocrx_word' id='word_1_503' title='bbox 110 5049 222 5117; x_wconf 87' lang='lat' dir='ltr'><strong>multos,</strong></span> <span class='ocrx_word' id='word_1_504' title='bbox 239 5064 306 5122; x_wconf 91' lang='lat' dir='ltr'><strong>quos</strong></span> <span class='ocrx_word' id='word_1_505' title='bbox 320 5049 451 5120; x_wconf 92' lang='lat' dir='ltr'><strong>antiquus</strong></span> <span class='ocrx_word' id='word_1_506' title='bbox 464 5049 552 5104; x_wconf 88' lang='lat' dir='ltr'><strong>bostis</strong></span> <span class='ocrx_word' id='word_1_507' title='bbox 567 5048 680 5104; x_wconf 84' lang='lat' dir='ltr'><strong>luxuriae</strong></span> <span class='ocrx_word' id='word_1_508' title='bbox 695 5063 775 5105; x_wconf 88' lang='lat' dir='ltr'><strong>eoeao</strong></span> <span class='ocrx_word' id='word_1_509' title='bbox 801 5063 909 5104; x_wconf 89' lang='lat' dir='ltr'><strong>mersos</strong></span> 
     </span>
     <span class='ocr_line' id='line_1_68' title="bbox 111 5134 909 5208; baseline -0.001 -16"><span class='ocrx_word' id='word_1_510' title='bbox 111 5137 208 5202; x_wconf 88' lang='lat' dir='ltr'><strong>tenuit,</strong></span> <span class='ocrx_word' id='word_1_511' title='bbox 229 5138 346 5207; x_wconf 89' lang='lat' dir='ltr'><strong>potentia</strong></span> <span class='ocrx_word' id='word_1_512' title='bbox 374 5136 465 5192; x_wconf 87' lang='lat' dir='ltr'><strong>divina</strong></span> <span class='ocrx_word' id='word_1_513' title='bbox 493 5152 543 5208; x_wconf 90' lang='lat' dir='ltr'><strong>per</strong></span> <span class='ocrx_word' id='word_1_514' title='bbox 567 5136 753 5207; x_wconf 73' lang='lat' dir='ltr'><strong>poenitentiam</strong></span> <span class='ocrx_word' id='word_1_515' title='bbox 783 5134 817 5190; x_wconf 89' lang='lat' dir='ltr'><strong>ab</strong></span> <span class='ocrx_word' id='word_1_516' title='bbox 851 5136 909 5205; x_wconf 83' lang='lat' dir='ltr'><strong>ejus</strong></span> 
     </span>
     <span class='ocr_line' id='line_1_69' title="bbox 110 5222 908 5297; baseline -0.001 -16"><span class='ocrx_word' id='word_1_517' title='bbox 110 5225 238 5283; x_wconf 76' lang='lat' dir='ltr'><strong>saucibus</strong></span> <span class='ocrx_word' id='word_1_518' title='bbox 253 5227 342 5281; x_wconf 82' lang='lat' dir='ltr'><strong>traxit.</strong></span> <span class='ocrx_word' id='word_1_519' title='bbox 354 5223 498 5295; x_wconf 85' lang='lat' dir='ltr'><strong>Quomodo</strong></span> <span class='ocrx_word' id='word_1_520' title='bbox 513 5223 546 5281; x_wconf 90' lang='lat' dir='ltr'><strong>de</strong></span> <span class='ocrx_word' id='word_1_521' title='bbox 564 5227 698 5281; x_wconf 91' lang='lat' dir='ltr'><strong>bonorum</strong></span> <span class='ocrx_word' id='word_1_522' title='bbox 717 5222 829 5280; x_wconf 91' lang='lat' dir='ltr'><strong>interitu</strong></span> <span class='ocrx_word' id='word_1_523' title='bbox 843 5239 908 5297; x_wconf 91' lang='lat' dir='ltr'><strong>pro-</strong></span> 
     </span>
    </p>
   </div>
   <div class='ocr_carea' id='block_1_15' title="bbox 110 5322 909 5485">
    <p class='ocr_par' dir='ltr' id='par_1_15' title="bbox 110 5322 909 5485">
     <span class='ocr_line' id='line_1_70' title="bbox 110 5322 907 5397; baseline -0.005 -16"><span class='ocrx_word' id='word_1_524' title='bbox 110 5326 195 5397; x_wconf 87' lang='lat' dir='ltr'><strong>pbeta</strong></span> <span class='ocrx_word' id='word_1_525' title='bbox 208 5325 274 5382; x_wconf 91' lang='lat' dir='ltr'><strong>dicit</strong></span> <span class='ocrx_word' id='word_1_526' title='bbox 287 5325 390 5382; x_wconf 90' lang='lat' dir='ltr'><strong>eleetos</strong></span> <span class='ocrx_word' id='word_1_527' title='bbox 405 5339 469 5381; x_wconf 84' lang='lat' dir='ltr'><strong>esse</strong></span> <span class='ocrx_word' id='word_1_528' title='bbox 494 5322 594 5380; x_wconf 87' lang='lat' dir='ltr'><strong>diaboli</strong></span> <span class='ocrx_word' id='word_1_529' title='bbox 622 5338 713 5381; x_wconf 88' lang='lat' dir='ltr'><strong>escam</strong></span> <span class='ocrx_word' id='word_1_530' title='bbox 739 5322 855 5389; x_wconf 82' lang='lat' dir='ltr'><strong>(deboc.</strong></span> <span class='ocrx_word' id='word_1_531' title='bbox 875 5323 907 5389; x_wconf 84' lang='grc' dir='ltr'><strong>ι),</strong></span> 
     </span>
     <span class='ocr_line' id='line_1_71' title="bbox 110 5411 909 5485; baseline -0.006 -14"><span class='ocrx_word' id='word_1_532' title='bbox 110 5414 177 5471; x_wconf 92' lang='lat' dir='ltr'><strong>dum</strong></span> <span class='ocrx_word' id='word_1_533' title='bbox 192 5413 257 5469; x_wconf 92' lang='lat' dir='ltr'><strong>alibi</strong></span> <span class='ocrx_word' id='word_1_534' title='bbox 270 5414 402 5485; x_wconf 86' lang='lat' dir='ltr'><strong>seriptum</strong></span> <span class='ocrx_word' id='word_1_535' title='bbox 416 5420 459 5470; x_wconf 87' lang='lat' dir='ltr'><strong>est</strong></span> <span class='ocrx_word' id='word_1_536' title='bbox 473 5413 507 5469; x_wconf 89' lang='lat' dir='ltr'><strong>de</strong></span> <span class='ocrx_word' id='word_1_537' title='bbox 529 5411 598 5469; x_wconf 88' lang='lat' dir='ltr'><strong>illo:</strong></span> <span class='ocrx_word' id='word_1_538' title='bbox 630 5435 642 5459; x_wconf 73' lang='grc' dir='ltr'><strong>ι</strong></span> <span class='ocrx_word' id='word_1_539' title='bbox 673 5412 778 5468; x_wconf 84' lang='lat' dir='ltr'><strong>Ferrum</strong></span> <span class='ocrx_word' id='word_1_540' title='bbox 800 5418 831 5467; x_wconf 90' lang='lat' dir='ltr'><strong>ut</strong></span> <span class='ocrx_word' id='word_1_541' title='bbox 858 5411 909 5467; x_wconf 82' lang='lat' dir='ltr'><strong>boa</strong></span> 
     </span>
    </p>
   </div>
   <div class='ocr_carea' id='block_1_16' title="bbox 960 1775 1763 2033">
    <p class='ocr_par' dir='ltr' id='par_1_16' title="bbox 960 1775 1763 2033">
     <span class='ocr_line' id='line_1_72' title="bbox 960 1775 1762 1855; baseline 0.012 -26"><span class='ocrx_word' id='word_1_542' title='bbox 960 1775 1082 1845; x_wconf 87' lang='lat' dir='ltr'><strong>jusmodi</strong></span> <span class='ocrx_word' id='word_1_543' title='bbox 1102 1777 1209 1833; x_wconf 86' lang='lat' dir='ltr'><strong>Satanae</strong></span> <span class='ocrx_word' id='word_1_544' title='bbox 1223 1776 1251 1832; x_wconf 91' lang='lat' dir='ltr'><strong>in</strong></span> <span class='ocrx_word' id='word_1_545' title='bbox 1263 1778 1402 1833; x_wconf 92' lang='lat' dir='ltr'><strong>interitum</strong></span> <span class='ocrx_word' id='word_1_546' title='bbox 1413 1781 1513 1848; x_wconf 86' lang='lat' dir='ltr'><strong>carnia,</strong></span> <span class='ocrx_word' id='word_1_547' title='bbox 1526 1790 1554 1837; x_wconf 91' lang='grc' dir='ltr'><strong>ιιι</strong></span> <span class='ocrx_word' id='word_1_548' title='bbox 1574 1782 1687 1855; x_wconf 87' lang='lat' dir='ltr'><strong>spiritus</strong></span> <span class='ocrx_word' id='word_1_549' title='bbox 1702 1784 1762 1840; x_wconf 93' lang='lat' dir='ltr'><strong>sal-</strong></span> 
     </span>
     <span class='ocr_line' id='line_1_73' title="bbox 963 1863 1761 1944; baseline 0.016 -27"><span class='ocrx_word' id='word_1_550' title='bbox 963 1879 1013 1918; x_wconf 83' lang='lat' dir='ltr'><strong>vus</strong></span> <span class='ocrx_word' id='word_1_551' title='bbox 1028 1863 1062 1918; x_wconf 90' lang='lat' dir='ltr'><strong>sit</strong></span> <span class='ocrx_word' id='word_1_552' title='bbox 1075 1863 1103 1934; x_wconf 84' lang='lat' dir='ltr'><strong>(t</strong></span> <span class='ocrx_word' id='word_1_553' title='bbox 1117 1864 1177 1921; x_wconf 83' lang='lat' dir='ltr'><strong>Cor.</strong></span> <span class='ocrx_word' id='word_1_554' title='bbox 1195 1864 1237 1936; x_wconf 93' lang='lat' dir='ltr'><strong>v).</strong></span> <span class='ocrx_word' id='word_1_555' title='bbox 1259 1888 1270 1914; x_wconf 88' lang='grc' dir='ltr'><strong>ι</strong></span> <span class='ocrx_word' id='word_1_556' title='bbox 1288 1865 1360 1922; x_wconf 90' lang='lat' dir='ltr'><strong>Utile</strong></span> <span class='ocrx_word' id='word_1_557' title='bbox 1375 1874 1417 1923; x_wconf 87' lang='lat' dir='ltr'><strong>eat</strong></span> <span class='ocrx_word' id='word_1_558' title='bbox 1437 1869 1509 1923; x_wconf 92' lang='lat' dir='ltr'><strong>enim</strong></span> <span class='ocrx_word' id='word_1_559' title='bbox 1533 1871 1665 1941; x_wconf 90' lang='lat' dir='ltr'><strong>quosdam</strong></span> <span class='ocrx_word' id='word_1_560' title='bbox 1692 1888 1761 1944; x_wconf 92' lang='lat' dir='ltr'><strong>pec-</strong></span> 
     </span>
     <span class='ocr_line' id='line_1_74' title="bbox 963 1953 1763 2033; baseline 0.014 -26"><span class='ocrx_word' id='word_1_561' title='bbox 963 1961 1069 2016; x_wconf 88' lang='lat' dir='ltr'><strong>cantes,</strong></span> <span class='ocrx_word' id='word_1_562' title='bbox 1089 1962 1116 2007; x_wconf 94' lang='grc' dir='ltr'><strong>ιιι</strong></span> <span class='ocrx_word' id='word_1_563' title='bbox 1135 1953 1234 2010; x_wconf 81' lang='lat' dir='ltr'><strong>animm</strong></span> <span class='ocrx_word' id='word_1_564' title='bbox 1264 1954 1415 2025; x_wconf 89' lang='lat' dir='ltr'><strong>salventur,</strong></span> <span class='ocrx_word' id='word_1_565' title='bbox 1445 1956 1552 2014; x_wconf 72' lang='lat' dir='ltr'><strong>Satanas</strong></span> <span class='ocrx_word' id='word_1_566' title='bbox 1582 1961 1763 2033; x_wconf 89' lang='lat' dir='ltr'><strong>corporaliter</strong></span> 
     </span>
    </p>
   </div>
   <div class='ocr_carea' id='block_1_17' title="bbox 960 2049 1763 2302">
    <p class='ocr_par' dir='ltr' id='par_1_17' title="bbox 960 2049 1763 2302">
     <span class='ocr_line' id='line_1_75' title="bbox 963 2049 1761 2127; baseline 0.016 -23"><span class='ocrx_word' id='word_1_567' title='bbox 963 2049 1098 2122; x_wconf 92' lang='lat' dir='ltr'><strong>deputari,</strong></span> <span class='ocrx_word' id='word_1_568' title='bbox 1113 2058 1246 2122; x_wconf 82' lang='lat' dir='ltr'><strong>quatenus</strong></span> <span class='ocrx_word' id='word_1_569' title='bbox 1261 2068 1297 2108; x_wconf 84' lang='lat' dir='ltr'><strong>ex</strong></span> <span class='ocrx_word' id='word_1_570' title='bbox 1308 2055 1435 2124; x_wconf 82' lang='lat' dir='ltr'><strong>praesenti</strong></span> <span class='ocrx_word' id='word_1_571' title='bbox 1448 2057 1622 2127; x_wconf 89' lang='lat' dir='ltr'><strong>correptione</strong></span> <span class='ocrx_word' id='word_1_572' title='bbox 1642 2058 1761 2116; x_wconf 82' lang='lat' dir='ltr'><strong>futurum</strong></span> 
     </span>
     <span class='ocr_line' id='line_1_76' title="bbox 960 2139 1763 2218; baseline 0.014 -26"><span class='ocrx_word' id='word_1_573' title='bbox 960 2139 1093 2209; x_wconf 83' lang='lat' dir='ltr'><strong>judicium</strong></span> <span class='ocrx_word' id='word_1_574' title='bbox 1113 2140 1236 2205; x_wconf 89' lang='lat' dir='ltr'><strong>timeant,</strong></span> <span class='ocrx_word' id='word_1_575' title='bbox 1268 2150 1295 2197; x_wconf 94' lang='lat' dir='ltr'><strong>et</strong></span> <span class='ocrx_word' id='word_1_576' title='bbox 1327 2142 1361 2197; x_wconf 95' lang='lat' dir='ltr'><strong>de</strong></span> <span class='ocrx_word' id='word_1_577' title='bbox 1394 2153 1494 2200; x_wconf 87' lang='lat' dir='ltr'><strong>caetero</strong></span> <span class='ocrx_word' id='word_1_578' title='bbox 1525 2144 1683 2218; x_wconf 88' lang='lat' dir='ltr'><strong>delinquere</strong></span> <span class='ocrx_word' id='word_1_579' title='bbox 1715 2165 1763 2205; x_wconf 85' lang='lat' dir='ltr'><strong>ea-</strong></span> 
     </span>
     <span class='ocr_line' id='line_1_77' title="bbox 963 2228 1761 2302; baseline 0.011 -17"><span class='ocrx_word' id='word_1_580' title='bbox 963 2236 1052 2285; x_wconf 86' lang='lat' dir='ltr'><strong>veant.</strong></span> <span class='ocrx_word' id='word_1_581' title='bbox 1069 2228 1186 2299; x_wconf 89' lang='lat' dir='ltr'><strong>Quidam</strong></span> <span class='ocrx_word' id='word_1_582' title='bbox 1202 2238 1290 2286; x_wconf 83' lang='lat' dir='ltr'><strong>autem</strong></span> <span class='ocrx_word' id='word_1_583' title='bbox 1306 2232 1432 2302; x_wconf 90' lang='lat' dir='ltr'><strong>potestati</strong></span> <span class='ocrx_word' id='word_1_584' title='bbox 1447 2233 1603 2290; x_wconf 78' lang='lat' dir='ltr'><strong>daemonum</strong></span> <span class='ocrx_word' id='word_1_585' title='bbox 1618 2238 1653 2291; x_wconf 84' lang='lat' dir='ltr'><strong>ad</strong></span> <span class='ocrx_word' id='word_1_586' title='bbox 1664 2253 1761 2294; x_wconf 92' lang='lat' dir='ltr'><strong>emen·</strong></span> 
     </span>
    </p>
   </div>
   <div class='ocr_carea' id='block_1_18' title="bbox 962 2326 1762 2577">
    <p class='ocr_par' dir='ltr' id='par_1_18' title="bbox 962 2326 1762 2577">
     <span class='ocr_line' id='line_1_78' title="bbox 962 2326 1762 2404; baseline 0.013 -23"><span class='ocrx_word' id='word_1_587' title='bbox 962 2326 1101 2382; x_wconf 91' lang='lat' dir='ltr'><strong>dationem</strong></span> <span class='ocrx_word' id='word_1_588' title='bbox 1116 2327 1300 2399; x_wconf 85' lang='lat' dir='ltr'><strong>deputantur;</strong></span> <span class='ocrx_word' id='word_1_589' title='bbox 1314 2329 1426 2402; x_wconf 89' lang='lat' dir='ltr'><strong>quidam</strong></span> <span class='ocrx_word' id='word_1_590' title='bbox 1440 2346 1505 2388; x_wconf 90' lang='lat' dir='ltr'><strong>vero</strong></span> <span class='ocrx_word' id='word_1_591' title='bbox 1520 2332 1641 2404; x_wconf 87' lang='lat' dir='ltr'><strong>despecti</strong></span> <span class='ocrx_word' id='word_1_592' title='bbox 1656 2335 1692 2390; x_wconf 92' lang='lat' dir='ltr'><strong>ad</strong></span> <span class='ocrx_word' id='word_1_593' title='bbox 1716 2350 1762 2391; x_wconf 91' lang='lat' dir='ltr'><strong>so·</strong></span> 
     </span>
     <span class='ocr_line' id='line_1_79' title="bbox 964 2415 1762 2493; baseline 0.011 -23"><span class='ocrx_word' id='word_1_594' title='bbox 964 2415 1018 2470; x_wconf 92' lang='lat' dir='ltr'><strong>lam</strong></span> <span class='ocrx_word' id='word_1_595' title='bbox 1036 2415 1218 2487; x_wconf 88' lang='lat' dir='ltr'><strong>perditionem</strong></span> <span class='ocrx_word' id='word_1_596' title='bbox 1234 2417 1386 2474; x_wconf 87' lang='lat' dir='ltr'><strong>traduntur.</strong></span> <span class='ocrx_word' id='word_1_597' title='bbox 1401 2418 1615 2493; x_wconf 89' lang='lat' dir='ltr'><strong>Nonnumquam</strong></span> <span class='ocrx_word' id='word_1_598' title='bbox 1633 2422 1762 2479; x_wconf 89' lang='lat' dir='ltr'><strong>diabolus</strong></span> 
     </span>
     <span class='ocr_line' id='line_1_80' title="bbox 963 2504 1761 2577; baseline 0.01 -17"><span class='ocrx_word' id='word_1_599' title='bbox 963 2505 1098 2560; x_wconf 87' lang='lat' dir='ltr'><strong>adversus</strong></span> <span class='ocrx_word' id='word_1_600' title='bbox 1111 2504 1249 2561; x_wconf 91' lang='lat' dir='ltr'><strong>bominem</strong></span> <span class='ocrx_word' id='word_1_601' title='bbox 1262 2505 1369 2577; x_wconf 84' lang='lat' dir='ltr'><strong>justum</strong></span> <span class='ocrx_word' id='word_1_602' title='bbox 1384 2514 1432 2563; x_wconf 88' lang='lat' dir='ltr'><strong>ant</strong></span> <span class='ocrx_word' id='word_1_603' title='bbox 1455 2508 1644 2567; x_wconf 89' lang='lat' dir='ltr'><strong>tribulationes</strong></span> <span class='ocrx_word' id='word_1_604' title='bbox 1668 2510 1761 2569; x_wconf 90' lang='lat' dir='ltr'><strong>cordis</strong></span> 
     </span>
    </p>
   </div>
   <div class='ocr_carea' id='block_1_19' title="bbox 963 2602 1764 2856">
    <p class='ocr_par' dir='ltr' id='par_1_19' title="bbox 963 2602 1764 2856">
     <span class='ocr_line' id='line_1_81' title="bbox 963 2602 1761 2676; baseline 0.013 -20"><span class='ocrx_word' id='word_1_605' title='bbox 963 2602 1002 2656; x_wconf 91' lang='lat' dir='ltr'><strong>illi</strong></span> <span class='ocrx_word' id='word_1_606' title='bbox 1021 2609 1180 2675; x_wconf 79' lang='lat' dir='ltr'><strong>exaggerat,</strong></span> <span class='ocrx_word' id='word_1_607' title='bbox 1200 2610 1248 2657; x_wconf 91' lang='lat' dir='ltr'><strong>aut</strong></span> <span class='ocrx_word' id='word_1_608' title='bbox 1266 2602 1377 2660; x_wconf 85' lang='lat' dir='ltr'><strong>dolores</strong></span> <span class='ocrx_word' id='word_1_609' title='bbox 1406 2605 1533 2676; x_wconf 91' lang='lat' dir='ltr'><strong>eorporis</strong></span> <span class='ocrx_word' id='word_1_610' title='bbox 1552 2608 1675 2665; x_wconf 90' lang='lat' dir='ltr'><strong>suscitat.</strong></span> <span class='ocrx_word' id='word_1_611' title='bbox 1691 2609 1761 2666; x_wconf 79' lang='lat' dir='ltr'><strong>ilinc</strong></span> 
     </span>
     <span class='ocr_line' id='line_1_82' title="bbox 963 2690 1762 2761; baseline 0.009 -15"><span class='ocrx_word' id='word_1_612' title='bbox 963 2698 1005 2746; x_wconf 91' lang='lat' dir='ltr'><strong>est</strong></span> <span class='ocrx_word' id='word_1_613' title='bbox 1024 2691 1096 2761; x_wconf 90' lang='lat' dir='ltr'><strong>quod</strong></span> <span class='ocrx_word' id='word_1_614' title='bbox 1116 2690 1267 2760; x_wconf 77' lang='lat' dir='ltr'><strong>Apostolus</strong></span> <span class='ocrx_word' id='word_1_615' title='bbox 1285 2692 1323 2747; x_wconf 91' lang='lat' dir='ltr'><strong>ait</strong></span> <span class='ocrx_word' id='word_1_616' title='bbox 1339 2710 1346 2746; x_wconf 94' lang='lat'><strong>:</strong></span> <span class='ocrx_word' id='word_1_617' title='bbox 1365 2714 1376 2744; x_wconf 84' lang='grc' dir='ltr'><strong>ι</strong></span> <span class='ocrx_word' id='word_1_618' title='bbox 1395 2693 1479 2750; x_wconf 84' lang='lat' dir='ltr'><strong>Datus</strong></span> <span class='ocrx_word' id='word_1_619' title='bbox 1494 2702 1536 2750; x_wconf 88' lang='lat' dir='ltr'><strong>est</strong></span> <span class='ocrx_word' id='word_1_620' title='bbox 1550 2695 1616 2750; x_wconf 91' lang='lat' dir='ltr'><strong>mibi</strong></span> <span class='ocrx_word' id='word_1_621' title='bbox 1637 2697 1762 2753; x_wconf 90' lang='lat' dir='ltr'><strong>stimulus</strong></span> 
     </span>
     <span class='ocr_line' id='line_1_83' title="bbox 963 2780 1764 2856; baseline 0.004 -20"><span class='ocrx_word' id='word_1_622' title='bbox 963 2780 1052 2836; x_wconf 87' lang='lat' dir='ltr'><strong>carnis</strong></span> <span class='ocrx_word' id='word_1_623' title='bbox 1066 2795 1135 2835; x_wconf 79' lang='lat' dir='ltr'><strong>mete</strong></span> <span class='ocrx_word' id='word_1_624' title='bbox 1148 2780 1262 2851; x_wconf 90' lang='lat' dir='ltr'><strong>angelus</strong></span> <span class='ocrx_word' id='word_1_625' title='bbox 1278 2781 1395 2848; x_wconf 71' lang='lat' dir='ltr'><strong>Satanae,</strong></span> <span class='ocrx_word' id='word_1_626' title='bbox 1415 2789 1444 2837; x_wconf 92' lang='lat' dir='ltr'><strong>ut</strong></span> <span class='ocrx_word' id='word_1_627' title='bbox 1472 2799 1516 2839; x_wconf 91' lang='lat' dir='ltr'><strong>me</strong></span> <span class='ocrx_word' id='word_1_628' title='bbox 1544 2783 1695 2856; x_wconf 84' lang='lat' dir='ltr'><strong>eolapbiret</strong></span> <span class='ocrx_word' id='word_1_629' title='bbox 1724 2784 1764 2856; x_wconf 85' lang='lat'><strong>(11</strong></span> 
     </span>
    </p>
   </div>
   <div class='ocr_carea' id='block_1_20' title="bbox 963 2877 1762 3129">
    <p class='ocr_par' dir='ltr' id='par_1_20' title="bbox 963 2877 1762 3129">
     <span class='ocr_line' id='line_1_84' title="bbox 965 2877 1761 2949; baseline 0.01 -16"><span class='ocrx_word' id='word_1_630' title='bbox 965 2878 1029 2934; x_wconf 85' lang='lat' dir='ltr'><strong>Cor.</strong></span> <span class='ocrx_word' id='word_1_631' title='bbox 1048 2883 1110 2947; x_wconf 83' lang='lat' dir='ltr'><strong>xri).</strong></span> <span class='ocrx_word' id='word_1_632' title='bbox 1131 2900 1141 2925; x_wconf 83' lang='grc' dir='ltr'><strong>ι</strong></span> <span class='ocrx_word' id='word_1_633' title='bbox 1160 2878 1238 2949; x_wconf 75' lang='lat' dir='ltr'><strong>Saepe</strong></span> <span class='ocrx_word' id='word_1_634' title='bbox 1254 2877 1320 2947; x_wconf 85' lang='lat' dir='ltr'><strong>justi</strong></span> <span class='ocrx_word' id='word_1_635' title='bbox 1339 2886 1455 2935; x_wconf 91' lang='lat' dir='ltr'><strong>mentem</strong></span> <span class='ocrx_word' id='word_1_636' title='bbox 1478 2881 1559 2936; x_wconf 89' lang='lat' dir='ltr'><strong>variis</strong></span> <span class='ocrx_word' id='word_1_637' title='bbox 1585 2884 1761 2941; x_wconf 83' lang='lat' dir='ltr'><strong>venationum</strong></span> 
     </span>
     <span class='ocr_line' id='line_1_85' title="bbox 963 2966 1762 3038; baseline 0.011 -17"><span class='ocrx_word' id='word_1_638' title='bbox 963 2966 1107 3023; x_wconf 85' lang='lat' dir='ltr'><strong>doloribus</strong></span> <span class='ocrx_word' id='word_1_639' title='bbox 1122 2967 1162 3021; x_wconf 88' lang='lat' dir='ltr'><strong>vis</strong></span> <span class='ocrx_word' id='word_1_640' title='bbox 1172 2967 1328 3023; x_wconf 85' lang='lat' dir='ltr'><strong>daemonum</strong></span> <span class='ocrx_word' id='word_1_641' title='bbox 1344 2967 1457 3038; x_wconf 93' lang='lat' dir='ltr'><strong>cruciat,</strong></span> <span class='ocrx_word' id='word_1_642' title='bbox 1473 2969 1545 3025; x_wconf 93' lang='lat' dir='ltr'><strong>unde</strong></span> <span class='ocrx_word' id='word_1_643' title='bbox 1560 2970 1696 3028; x_wconf 88' lang='lat' dir='ltr'><strong>interdum</strong></span> <span class='ocrx_word' id='word_1_644' title='bbox 1712 2990 1762 3030; x_wconf 90' lang='lat' dir='ltr'><strong>us·</strong></span> 
     </span>
     <span class='ocr_line' id='line_1_86' title="bbox 964 3055 1761 3129; baseline 0.011 -19"><span class='ocrx_word' id='word_1_645' title='bbox 964 3071 1016 3127; x_wconf 91' lang='lat' dir='ltr'><strong>que</strong></span> <span class='ocrx_word' id='word_1_646' title='bbox 1030 3056 1063 3111; x_wconf 88' lang='lat' dir='ltr'><strong>ad</strong></span> <span class='ocrx_word' id='word_1_647' title='bbox 1077 3055 1277 3128; x_wconf 85' lang='lat' dir='ltr'><strong>desperationis</strong></span> <span class='ocrx_word' id='word_1_648' title='bbox 1290 3057 1442 3129; x_wconf 87' lang='lat' dir='ltr'><strong>angustiam</strong></span> <span class='ocrx_word' id='word_1_649' title='bbox 1458 3067 1626 3117; x_wconf 91' lang='lat' dir='ltr'><strong>coarctatur.</strong></span> <span class='ocrx_word' id='word_1_650' title='bbox 1651 3061 1761 3118; x_wconf 87' lang='lat' dir='ltr'><strong>Perma-</strong></span> 
     </span>
    </p>
   </div>
   <div class='ocr_carea' id='block_1_21' title="bbox 963 3152 1761 3410">
    <p class='ocr_par' dir='ltr' id='par_1_21' title="bbox 963 3152 1761 3410">
     <span class='ocr_line' id='line_1_87' title="bbox 963 3152 1761 3232; baseline 0.011 -25"><span class='ocrx_word' id='word_1_651' title='bbox 963 3153 1038 3209; x_wconf 88' lang='lat' dir='ltr'><strong>nenti</strong></span> <span class='ocrx_word' id='word_1_652' title='bbox 1053 3161 1142 3208; x_wconf 89' lang='lat' dir='ltr'><strong>autem</strong></span> <span class='ocrx_word' id='word_1_653' title='bbox 1159 3153 1186 3208; x_wconf 94' lang='lat' dir='ltr'><strong>in</strong></span> <span class='ocrx_word' id='word_1_654' title='bbox 1202 3152 1252 3208; x_wconf 88' lang='lat' dir='ltr'><strong>Dei</strong></span> <span class='ocrx_word' id='word_1_655' title='bbox 1267 3169 1361 3210; x_wconf 91' lang='lat' dir='ltr'><strong>amore</strong></span> <span class='ocrx_word' id='word_1_656' title='bbox 1375 3155 1473 3211; x_wconf 78' lang='lat' dir='ltr'><strong>animae</strong></span> <span class='ocrx_word' id='word_1_657' title='bbox 1487 3160 1514 3211; x_wconf 86' lang='lat' dir='ltr'><strong>et</strong></span> <span class='ocrx_word' id='word_1_658' title='bbox 1529 3156 1590 3227; x_wconf 90' lang='lat' dir='ltr'><strong>ipsa</strong></span> <span class='ocrx_word' id='word_1_659' title='bbox 1604 3157 1666 3214; x_wconf 88' lang='lat' dir='ltr'><strong>talis</strong></span> <span class='ocrx_word' id='word_1_660' title='bbox 1676 3175 1761 3232; x_wconf 87' lang='lat' dir='ltr'><strong>angu-</strong></span> 
     </span>
     <span class='ocr_line' id='line_1_88' title="bbox 964 3241 1760 3314; baseline 0.009 -16"><span class='ocrx_word' id='word_1_661' title='bbox 964 3243 1015 3298; x_wconf 90' lang='lat' dir='ltr'><strong>stia</strong></span> <span class='ocrx_word' id='word_1_662' title='bbox 1028 3243 1063 3298; x_wconf 90' lang='lat' dir='ltr'><strong>ad</strong></span> <span class='ocrx_word' id='word_1_663' title='bbox 1078 3243 1204 3298; x_wconf 92' lang='lat' dir='ltr'><strong>meritum</strong></span> <span class='ocrx_word' id='word_1_664' title='bbox 1221 3241 1335 3313; x_wconf 87' lang='lat' dir='ltr'><strong>proficit.</strong></span> <span class='ocrx_word' id='word_1_665' title='bbox 1351 3243 1421 3297; x_wconf 88' lang='lat' dir='ltr'><strong>Nam</strong></span> <span class='ocrx_word' id='word_1_666' title='bbox 1436 3244 1531 3300; x_wconf 87' lang='lat' dir='ltr'><strong>sivein</strong></span> <span class='ocrx_word' id='word_1_667' title='bbox 1546 3246 1647 3314; x_wconf 91' lang='lat' dir='ltr'><strong>animo,</strong></span> <span class='ocrx_word' id='word_1_668' title='bbox 1665 3248 1760 3306; x_wconf 84' lang='lat' dir='ltr'><strong>sivein</strong></span> 
     </span>
     <span class='ocr_line' id='line_1_89' title="bbox 963 3330 1760 3410; baseline 0.006 -22"><span class='ocrx_word' id='word_1_669' title='bbox 963 3347 1079 3402; x_wconf 92' lang='lat' dir='ltr'><strong>corpore</strong></span> <span class='ocrx_word' id='word_1_670' title='bbox 1091 3347 1139 3401; x_wconf 88' lang='lat' dir='ltr'><strong>per</strong></span> <span class='ocrx_word' id='word_1_671' title='bbox 1153 3330 1309 3387; x_wconf 89' lang='lat' dir='ltr'><strong>instinctum</strong></span> <span class='ocrx_word' id='word_1_672' title='bbox 1325 3330 1526 3388; x_wconf 90' lang='lat' dir='ltr'><strong>immundorum</strong></span> <span class='ocrx_word' id='word_1_673' title='bbox 1538 3333 1682 3406; x_wconf 88' lang='lat' dir='ltr'><strong>spirituum</strong></span> <span class='ocrx_word' id='word_1_674' title='bbox 1697 3338 1760 3410; x_wconf 92' lang='lat' dir='ltr'><strong>qui-</strong></span> 
     </span>
    </p>
   </div>
   <div class='ocr_carea' id='block_1_22' title="bbox 963 3428 1761 3773">
    <p class='ocr_par' dir='ltr' id='par_1_22' title="bbox 963 3428 1761 3773">
     <span class='ocr_line' id='line_1_90' title="bbox 963 3428 1760 3504; baseline 0.01 -20"><span class='ocrx_word' id='word_1_675' title='bbox 963 3429 1030 3485; x_wconf 87' lang='lat' dir='ltr'><strong>libet</strong></span> <span class='ocrx_word' id='word_1_676' title='bbox 1040 3428 1130 3499; x_wconf 89' lang='lat' dir='ltr'><strong>justus</strong></span> <span class='ocrx_word' id='word_1_677' title='bbox 1144 3429 1263 3485; x_wconf 81' lang='lat' dir='ltr'><strong>adversa</strong></span> <span class='ocrx_word' id='word_1_678' title='bbox 1277 3429 1407 3501; x_wconf 90' lang='lat' dir='ltr'><strong>patiatur,</strong></span> <span class='ocrx_word' id='word_1_679' title='bbox 1419 3446 1451 3486; x_wconf 87' lang='lat' dir='ltr'><strong>ex</strong></span> <span class='ocrx_word' id='word_1_680' title='bbox 1463 3429 1613 3502; x_wconf 89' lang='lat' dir='ltr'><strong>Deiitaque</strong></span> <span class='ocrx_word' id='word_1_681' title='bbox 1623 3434 1760 3504; x_wconf 87' lang='lat' dir='ltr'><strong>permissu</strong></span> 
     </span>
     <span class='ocr_line' id='line_1_91' title="bbox 963 3516 1761 3592; baseline 0.008 -19"><span class='ocrx_word' id='word_1_682' title='bbox 963 3519 991 3574; x_wconf 92' lang='lat' dir='ltr'><strong>id</strong></span> <span class='ocrx_word' id='word_1_683' title='bbox 1005 3518 1113 3590; x_wconf 91' lang='lat' dir='ltr'><strong>patitur.</strong></span> <span class='ocrx_word' id='word_1_684' title='bbox 1130 3516 1210 3585; x_wconf 78' lang='lat' dir='ltr'><strong>erotl</strong></span> <span class='ocrx_word' id='word_1_685' title='bbox 1225 3517 1248 3573; x_wconf 89' lang='lat' dir='ltr'><strong>si</strong></span> <span class='ocrx_word' id='word_1_686' title='bbox 1263 3520 1315 3576; x_wconf 90' lang='lat' dir='ltr'><strong>boe</strong></span> <span class='ocrx_word' id='word_1_687' title='bbox 1330 3519 1418 3590; x_wconf 89' lang='lat' dir='ltr'><strong>ipsum</strong></span> <span class='ocrx_word' id='word_1_688' title='bbox 1433 3519 1467 3575; x_wconf 92' lang='lat' dir='ltr'><strong>ad</strong></span> <span class='ocrx_word' id='word_1_689' title='bbox 1483 3519 1532 3575; x_wconf 89' lang='lat' dir='ltr'><strong>Dei</strong></span> <span class='ocrx_word' id='word_1_690' title='bbox 1542 3520 1658 3592; x_wconf 90' lang='lat' dir='ltr'><strong>gloriam</strong></span> <span class='ocrx_word' id='word_1_691' title='bbox 1674 3522 1761 3579; x_wconf 91' lang='lat' dir='ltr'><strong>burni-</strong></span> 
     </span>
     <span class='ocr_line' id='line_1_92' title="bbox 963 3606 1761 3680; baseline 0.009 -18"><span class='ocrx_word' id='word_1_692' title='bbox 963 3607 998 3662; x_wconf 91' lang='lat' dir='ltr'><strong>lis</strong></span> <span class='ocrx_word' id='word_1_693' title='bbox 1014 3606 1122 3672; x_wconf 85' lang='lat' dir='ltr'><strong>reserat,</strong></span> <span class='ocrx_word' id='word_1_694' title='bbox 1139 3615 1167 3663; x_wconf 92' lang='lat' dir='ltr'><strong>et</strong></span> <span class='ocrx_word' id='word_1_695' title='bbox 1180 3607 1252 3664; x_wconf 87' lang='lat' dir='ltr'><strong>dicat</strong></span> <span class='ocrx_word' id='word_1_696' title='bbox 1268 3625 1274 3662; x_wconf 92' lang='lat'>:</span> <span class='ocrx_word' id='word_1_697' title='bbox 1292 3631 1303 3656; x_wconf 83' lang='grc' dir='ltr'><strong>ι</strong></span> <span class='ocrx_word' id='word_1_698' title='bbox 1323 3607 1353 3662; x_wconf 92' lang='lat' dir='ltr'><strong>Si</strong></span> <span class='ocrx_word' id='word_1_699' title='bbox 1370 3608 1442 3664; x_wconf 93' lang='lat' dir='ltr'><strong>bona</strong></span> <span class='ocrx_word' id='word_1_700' title='bbox 1457 3608 1626 3680; x_wconf 87' lang='lat' dir='ltr'><strong>suscepimus</strong></span> <span class='ocrx_word' id='word_1_701' title='bbox 1637 3610 1671 3667; x_wconf 93' lang='lat' dir='ltr'><strong>de</strong></span> <span class='ocrx_word' id='word_1_702' title='bbox 1679 3627 1761 3670; x_wconf 91' lang='lat' dir='ltr'><strong>manu</strong></span> 
     </span>
     <span class='ocr_line' id='line_1_93' title="bbox 965 3696 1758 3773; baseline -0.001 -20"><span class='ocrx_word' id='word_1_703' title='bbox 965 3696 1082 3760; x_wconf 81' lang='lat' dir='ltr'><strong>Uonrini,</strong></span> <span class='ocrx_word' id='word_1_704' title='bbox 1092 3696 1162 3751; x_wconf 86' lang='lat' dir='ltr'><strong>mala</strong></span> <span class='ocrx_word' id='word_1_705' title='bbox 1172 3704 1353 3769; x_wconf 83' lang='lat' dir='ltr'><strong>cutemquare</strong></span> <span class='ocrx_word' id='word_1_706' title='bbox 1363 3712 1418 3753; x_wconf 95' lang='lat' dir='ltr'><strong>non</strong></span> <span class='ocrx_word' id='word_1_707' title='bbox 1432 3698 1617 3754; x_wconf 90' lang='lat' dir='ltr'><strong>sustineamus</strong></span> <span class='ocrx_word' id='word_1_708' title='bbox 1626 3700 1686 3770; x_wconf 79' lang='lat' dir='ltr'><strong>(lod</strong></span> <span class='ocrx_word' id='word_1_709' title='bbox 1697 3703 1725 3773; x_wconf 85' lang='lat' dir='ltr'><strong>v),</strong></span> <span class='ocrx_word' id='word_1_710' title='bbox 1747 3726 1758 3752; x_wconf 77' lang='grc' dir='ltr'><strong>ι</strong></span> 
     </span>
    </p>
   </div>
   <div class='ocr_carea' id='block_1_23' title="bbox 962 3795 1762 4322">
    <p class='ocr_par' dir='ltr' id='par_1_23' title="bbox 962 3795 1762 4322">
     <span class='ocr_line' id='line_1_94' title="bbox 963 3795 1762 3869; baseline 0.006 -20"><span class='ocrx_word' id='word_1_711' title='bbox 963 3795 1015 3851; x_wconf 84' lang='grc' dir='ltr'>ιειε</span> <span class='ocrx_word' id='word_1_712' title='bbox 1029 3809 1082 3851; x_wconf 85' lang='grc' dir='ltr'><strong>ιιι</strong></span> <span class='ocrx_word' id='word_1_713' title='bbox 1098 3802 1241 3866; x_wconf 88' lang='lat' dir='ltr'><strong>separatur</strong></span> <span class='ocrx_word' id='word_1_714' title='bbox 1256 3795 1352 3863; x_wconf 78' lang='lat' dir='ltr'><strong>abeo,</strong></span> <span class='ocrx_word' id='word_1_715' title='bbox 1382 3795 1432 3851; x_wconf 90' lang='lat' dir='ltr'><strong>sed</strong></span> <span class='ocrx_word' id='word_1_716' title='bbox 1460 3797 1646 3869; x_wconf 90' lang='lat' dir='ltr'><strong>conjungitur,</strong></span> <span class='ocrx_word' id='word_1_717' title='bbox 1674 3798 1762 3860; x_wconf 90' lang='lat' dir='ltr'><strong>quali·</strong></span> 
     </span>
     <span class='ocr_line' id='line_1_95' title="bbox 964 3883 1760 3956; baseline 0.004 -16"><span class='ocrx_word' id='word_1_718' title='bbox 964 3886 1009 3942; x_wconf 90' lang='lat' dir='ltr'><strong>bet</strong></span> <span class='ocrx_word' id='word_1_719' title='bbox 1022 3883 1107 3941; x_wconf 92' lang='lat' dir='ltr'><strong>atroci</strong></span> <span class='ocrx_word' id='word_1_720' title='bbox 1120 3885 1246 3956; x_wconf 83' lang='lat' dir='ltr'><strong>angustia</strong></span> <span class='ocrx_word' id='word_1_721' title='bbox 1256 3890 1424 3956; x_wconf 90' lang='lat' dir='ltr'><strong>torqueatur.</strong></span> <span class='ocrx_word' id='word_1_722' title='bbox 1435 3884 1517 3939; x_wconf 84' lang='lat' dir='ltr'><strong>llulta</strong></span> <span class='ocrx_word' id='word_1_723' title='bbox 1534 3886 1623 3954; x_wconf 80' lang='lat' dir='ltr'><strong>justus</strong></span> <span class='ocrx_word' id='word_1_724' title='bbox 1645 3885 1760 3943; x_wconf 88' lang='lat' dir='ltr'><strong>adversa</strong></span> 
     </span>
     <span class='ocr_line' id='line_1_96' title="bbox 963 3972 1761 4044; baseline 0.003 -15"><span class='ocrx_word' id='word_1_725' title='bbox 963 3973 990 4029; x_wconf 90' lang='lat' dir='ltr'><strong>in</strong></span> <span class='ocrx_word' id='word_1_726' title='bbox 1005 3974 1096 4029; x_wconf 93' lang='lat' dir='ltr'><strong>anima</strong></span> <span class='ocrx_word' id='word_1_727' title='bbox 1111 3973 1222 4044; x_wconf 89' lang='lat' dir='ltr'><strong>patitur,</strong></span> <span class='ocrx_word' id='word_1_728' title='bbox 1250 3972 1425 4044; x_wconf 88' lang='lat' dir='ltr'><strong>instigatione</strong></span> <span class='ocrx_word' id='word_1_729' title='bbox 1452 3974 1616 4041; x_wconf 78' lang='lat' dir='ltr'><strong>damonum,</strong></span> <span class='ocrx_word' id='word_1_730' title='bbox 1644 3976 1693 4030; x_wconf 92' lang='lat' dir='ltr'><strong>sed</strong></span> <span class='ocrx_word' id='word_1_731' title='bbox 1719 3983 1761 4031; x_wconf 91' lang='lat' dir='ltr'><strong>ta·</strong></span> 
     </span>
     <span class='ocr_line' id='line_1_97' title="bbox 962 4069 1758 4143; baseline 0.001 -16"><span class='ocrx_word' id='word_1_732' title='bbox 962 4071 1033 4127; x_wconf 88' lang='lat' dir='ltr'><strong>libus</strong></span> <span class='ocrx_word' id='word_1_733' title='bbox 1053 4069 1226 4126; x_wconf 88' lang='lat' dir='ltr'><strong>tentamentis</strong></span> <span class='ocrx_word' id='word_1_734' title='bbox 1241 4070 1332 4140; x_wconf 90' lang='lat' dir='ltr'><strong>perire</strong></span> <span class='ocrx_word' id='word_1_735' title='bbox 1347 4069 1408 4127; x_wconf 83' lang='lat' dir='ltr'><strong>vitae</strong></span> <span class='ocrx_word' id='word_1_736' title='bbox 1435 4077 1544 4126; x_wconf 83' lang='lat' dir='ltr'><strong>aetemae</strong></span> <span class='ocrx_word' id='word_1_737' title='bbox 1572 4086 1628 4126; x_wconf 92' lang='lat' dir='ltr'><strong>non</strong></span> <span class='ocrx_word' id='word_1_738' title='bbox 1658 4079 1758 4143; x_wconf 86' lang='lat' dir='ltr'><strong>potest,</strong></span> 
     </span>
     <span class='ocr_line' id='line_1_98' title="bbox 963 4157 1761 4234; baseline 0.001 -18"><span class='ocrx_word' id='word_1_739' title='bbox 963 4162 1024 4234; x_wconf 86' lang='lat' dir='ltr'><strong>quia</strong></span> <span class='ocrx_word' id='word_1_740' title='bbox 1034 4159 1097 4232; x_wconf 90' lang='lat' dir='ltr'><strong>pius</strong></span> <span class='ocrx_word' id='word_1_741' title='bbox 1112 4158 1243 4214; x_wconf 89' lang='lat' dir='ltr'><strong>Dominus</strong></span> <span class='ocrx_word' id='word_1_742' title='bbox 1257 4158 1291 4212; x_wconf 93' lang='lat' dir='ltr'><strong>ad</strong></span> <span class='ocrx_word' id='word_1_743' title='bbox 1307 4157 1513 4214; x_wconf 90' lang='lat' dir='ltr'><strong>damnationem</strong></span> <span class='ocrx_word' id='word_1_744' title='bbox 1528 4157 1616 4230; x_wconf 80' lang='lat' dir='ltr'><strong>culpae</strong></span> <span class='ocrx_word' id='word_1_745' title='bbox 1637 4176 1692 4216; x_wconf 93' lang='lat' dir='ltr'><strong>non</strong></span> <span class='ocrx_word' id='word_1_746' title='bbox 1715 4177 1761 4217; x_wconf 89' lang='lat' dir='ltr'><strong>re·</strong></span> 
     </span>
     <span class='ocr_line' id='line_1_99' title="bbox 962 4246 1760 4322; baseline 0.003 -17"><span class='ocrx_word' id='word_1_747' title='bbox 962 4256 1037 4319; x_wconf 92' lang='lat' dir='ltr'><strong>putat</strong></span> <span class='ocrx_word' id='word_1_748' title='bbox 1051 4247 1124 4319; x_wconf 91' lang='lat' dir='ltr'><strong>quod</strong></span> <span class='ocrx_word' id='word_1_749' title='bbox 1139 4247 1173 4302; x_wconf 90' lang='lat' dir='ltr'><strong>de</strong></span> <span class='ocrx_word' id='word_1_750' title='bbox 1188 4262 1244 4302; x_wconf 89' lang='lat' dir='ltr'><strong>suae</strong></span> <span class='ocrx_word' id='word_1_751' title='bbox 1258 4246 1407 4315; x_wconf 84' lang='lat' dir='ltr'><strong>majestatis</strong></span> <span class='ocrx_word' id='word_1_752' title='bbox 1422 4247 1556 4318; x_wconf 91' lang='lat' dir='ltr'><strong>permissu</strong></span> <span class='ocrx_word' id='word_1_753' title='bbox 1578 4246 1676 4303; x_wconf 88' lang='lat' dir='ltr'><strong>nolens</strong></span> <span class='ocrx_word' id='word_1_754' title='bbox 1698 4267 1760 4322; x_wconf 77' lang='lat' dir='ltr'><strong>quas</strong></span> 
     </span>
    </p>
   </div>
   <div class='ocr_carea' id='block_1_24' title="bbox 963 4343 1761 4596">
    <p class='ocr_par' dir='ltr' id='par_1_24' title="bbox 963 4343 1761 4596">
     <span class='ocr_line' id='line_1_100' title="bbox 963 4343 1758 4420; baseline 0.003 -18"><span class='ocrx_word' id='word_1_755' title='bbox 963 4347 1064 4420; x_wconf 89' lang='lat' dir='ltr'><strong>patitur</strong></span> <span class='ocrx_word' id='word_1_756' title='bbox 1077 4351 1177 4417; x_wconf 92' lang='lat' dir='ltr'><strong>portat.</strong></span> <span class='ocrx_word' id='word_1_757' title='bbox 1192 4345 1264 4399; x_wconf 89' lang='lat' dir='ltr'><strong>Nam</strong></span> <span class='ocrx_word' id='word_1_758' title='bbox 1278 4343 1316 4399; x_wconf 93' lang='lat' dir='ltr'><strong>ibi</strong></span> <span class='ocrx_word' id='word_1_759' title='bbox 1343 4358 1500 4415; x_wconf 88' lang='lat' dir='ltr'><strong>peccamus,</strong></span> <span class='ocrx_word' id='word_1_760' title='bbox 1529 4344 1575 4399; x_wconf 91' lang='lat' dir='ltr'><strong>ubi</strong></span> <span class='ocrx_word' id='word_1_761' title='bbox 1603 4346 1758 4417; x_wconf 88' lang='lat' dir='ltr'><strong>cupidatam</strong></span> 
     </span>
     <span class='ocr_line' id='line_1_101' title="bbox 964 4432 1760 4493; baseline 0.003 -1"><span class='ocrx_word' id='word_1_762' title='bbox 964 4435 1007 4492; x_wconf 93' lang='lat' dir='ltr'><strong>vel</strong></span> <span class='ocrx_word' id='word_1_763' title='bbox 1023 4432 1190 4491; x_wconf 91' lang='lat' dir='ltr'><strong>voluntatem</strong></span> <span class='ocrx_word' id='word_1_764' title='bbox 1205 4432 1390 4489; x_wconf 84' lang='lat' dir='ltr'><strong>deflectimus.</strong></span> <span class='ocrx_word' id='word_1_765' title='bbox 1401 4433 1453 4491; x_wconf 92' lang='lat' dir='ltr'><strong>Ubi</strong></span> <span class='ocrx_word' id='word_1_766' title='bbox 1464 4448 1531 4489; x_wconf 91' lang='lat' dir='ltr'><strong>vero</strong></span> <span class='ocrx_word' id='word_1_767' title='bbox 1542 4432 1675 4491; x_wconf 89' lang='lat' dir='ltr'><strong>violenter</strong></span> <span class='ocrx_word' id='word_1_768' title='bbox 1685 4436 1760 4493; x_wconf 89' lang='lat' dir='ltr'><strong>addi·</strong></span> 
     </span>
     <span class='ocr_line' id='line_1_102' title="bbox 963 4522 1761 4596; baseline 0.003 -14"><span class='ocrx_word' id='word_1_769' title='bbox 963 4526 1063 4592; x_wconf 92' lang='lat' dir='ltr'><strong>cimur,</strong></span> <span class='ocrx_word' id='word_1_770' title='bbox 1079 4523 1131 4581; x_wconf 87' lang='lat' dir='ltr'><strong>etsi</strong></span> <span class='ocrx_word' id='word_1_771' title='bbox 1155 4522 1261 4579; x_wconf 83' lang='lat' dir='ltr'><strong>lacinus</strong></span> <span class='ocrx_word' id='word_1_772' title='bbox 1275 4529 1320 4578; x_wconf 91' lang='lat' dir='ltr'><strong>aut</strong></span> <span class='ocrx_word' id='word_1_773' title='bbox 1334 4522 1467 4596; x_wconf 84' lang='lat' dir='ltr'><strong>flagitium</strong></span> <span class='ocrx_word' id='word_1_774' title='bbox 1490 4539 1546 4579; x_wconf 92' lang='lat' dir='ltr'><strong>non</strong></span> <span class='ocrx_word' id='word_1_775' title='bbox 1569 4532 1620 4591; x_wconf 89' lang='lat' dir='ltr'><strong>est,</strong></span> <span class='ocrx_word' id='word_1_776' title='bbox 1647 4525 1761 4584; x_wconf 80' lang='lat' dir='ltr'><strong>miseria</strong></span> 
     </span>
    </p>
   </div>
   <div class='ocr_carea' id='block_1_25' title="bbox 961 4621 1759 4861">
    <p class='ocr_par' dir='ltr' id='par_1_25' title="bbox 961 4621 1759 4861">
     <span class='ocr_line' id='line_1_103' title="bbox 963 4621 1759 4696; baseline 0 -14"><span class='ocrx_word' id='word_1_777' title='bbox 963 4634 1054 4682; x_wconf 90' lang='lat' dir='ltr'><strong>tamen</strong></span> <span class='ocrx_word' id='word_1_778' title='bbox 1068 4639 1117 4696; x_wconf 93' lang='lat' dir='ltr'><strong>pro</strong></span> <span class='ocrx_word' id='word_1_779' title='bbox 1132 4622 1236 4695; x_wconf 88' lang='lat' dir='ltr'><strong>llagitio</strong></span> <span class='ocrx_word' id='word_1_780' title='bbox 1250 4628 1276 4678; x_wconf 93' lang='lat' dir='ltr'><strong>et</strong></span> <span class='ocrx_word' id='word_1_781' title='bbox 1290 4621 1412 4678; x_wconf 76' lang='lat' dir='ltr'><strong>facinore</strong></span> <span class='ocrx_word' id='word_1_782' title='bbox 1426 4628 1481 4677; x_wconf 88' lang='lat' dir='ltr'><strong>est.</strong></span> <span class='ocrx_word' id='word_1_783' title='bbox 1496 4621 1550 4679; x_wconf 89' lang='lat' dir='ltr'><strong>Sed</strong></span> <span class='ocrx_word' id='word_1_784' title='bbox 1579 4623 1644 4695; x_wconf 84' lang='lat' dir='ltr'><strong>quia</strong></span> <span class='ocrx_word' id='word_1_785' title='bbox 1665 4624 1759 4683; x_wconf 82' lang='lat' dir='ltr'><strong>Ueum</strong></span> 
     </span>
     <span class='ocr_line' id='line_1_104' title="bbox 961 4709 1759 4787; baseline 0 -17"><span class='ocrx_word' id='word_1_786' title='bbox 961 4731 1013 4787; x_wconf 92' lang='lat' dir='ltr'><strong>pro</strong></span> <span class='ocrx_word' id='word_1_787' title='bbox 1028 4714 1138 4786; x_wconf 89' lang='lat' dir='ltr'><strong>irrigata</strong></span> <span class='ocrx_word' id='word_1_788' title='bbox 1153 4711 1245 4768; x_wconf 92' lang='lat' dir='ltr'><strong>laudat</strong></span> <span class='ocrx_word' id='word_1_789' title='bbox 1258 4709 1378 4779; x_wconf 87' lang='lat' dir='ltr'><strong>miseria,</strong></span> <span class='ocrx_word' id='word_1_790' title='bbox 1395 4710 1542 4768; x_wconf 88' lang='lat' dir='ltr'><strong>commissa</strong></span> <span class='ocrx_word' id='word_1_791' title='bbox 1557 4713 1652 4783; x_wconf 91' lang='lat' dir='ltr'><strong>procul</strong></span> <span class='ocrx_word' id='word_1_792' title='bbox 1676 4713 1759 4771; x_wconf 91' lang='lat' dir='ltr'><strong>dubio</strong></span> 
     </span>
     <span class='ocr_line' id='line_1_105' title="bbox 963 4802 1231 4861; baseline -0.026 0"><span class='ocrx_word' id='word_1_793' title='bbox 963 4811 1080 4861; x_wconf 84' lang='lat' dir='ltr'><strong>evacuat</strong></span> <span class='ocrx_word' id='word_1_794' title='bbox 1095 4802 1231 4859; x_wconf 85' lang='lat' dir='ltr'><strong>l&#39;acinora.</strong></span> 
     </span>
    </p>
   </div>
   <div class='ocr_carea' id='block_1_26' title="bbox 961 4930 1761 5367">
    <p class='ocr_par' dir='ltr' id='par_1_26' title="bbox 961 4930 1761 5367">
     <span class='ocr_line' id='line_1_106' title="bbox 997 4930 1758 5005; baseline 0 -13"><span class='ocrx_word' id='word_1_795' title='bbox 997 4937 1131 4992; x_wconf 85' lang='lat' dir='ltr'><strong>Praeterea</strong></span> <span class='ocrx_word' id='word_1_796' title='bbox 1146 4931 1293 4990; x_wconf 91' lang='lat' dir='ltr'><strong>videndum</strong></span> <span class='ocrx_word' id='word_1_797' title='bbox 1309 4931 1381 5004; x_wconf 93' lang='lat' dir='ltr'><strong>quod</strong></span> <span class='ocrx_word' id='word_1_798' title='bbox 1392 4939 1509 5005; x_wconf 89' lang='lat' dir='ltr'><strong>quatuor</strong></span> <span class='ocrx_word' id='word_1_799' title='bbox 1519 4939 1581 4988; x_wconf 92' lang='lat' dir='ltr'><strong>sunt</strong></span> <span class='ocrx_word' id='word_1_800' title='bbox 1595 4930 1758 4993; x_wconf 85' lang='lat' dir='ltr'><strong>tentationes</strong></span> 
     </span>
     <span class='ocr_line' id='line_1_107' title="bbox 961 5021 1759 5098; baseline -0.003 -17"><span class='ocrx_word' id='word_1_801' title='bbox 961 5025 1110 5098; x_wconf 87' lang='lat' dir='ltr'><strong>dequibus</strong></span> <span class='ocrx_word' id='word_1_802' title='bbox 1127 5023 1154 5077; x_wconf 92' lang='lat' dir='ltr'><strong>in</strong></span> <span class='ocrx_word' id='word_1_803' title='bbox 1169 5021 1276 5094; x_wconf 91' lang='lat' dir='ltr'><strong>psalmo</strong></span> <span class='ocrx_word' id='word_1_804' title='bbox 1289 5021 1440 5077; x_wconf 90' lang='lat' dir='ltr'><strong>centesimo</strong></span> <span class='ocrx_word' id='word_1_805' title='bbox 1470 5029 1548 5076; x_wconf 80' lang='lat' dir='ltr'><strong>serto</strong></span> <span class='ocrx_word' id='word_1_806' title='bbox 1565 5039 1572 5075; x_wconf 77' lang='grc' dir='ltr'><strong>ι</strong></span> <span class='ocrx_word' id='word_1_807' title='bbox 1606 5042 1617 5072; x_wconf 84' lang='grc' dir='ltr'><strong>ι</strong></span> <span class='ocrx_word' id='word_1_808' title='bbox 1645 5021 1759 5080; x_wconf 88' lang='lat' dir='ltr'><strong>Conlite·</strong></span> 
     </span>
     <span class='ocr_line' id='line_1_108' title="bbox 961 5118 1760 5189; baseline -0.003 -9"><span class='ocrx_word' id='word_1_809' title='bbox 961 5124 1028 5181; x_wconf 90' lang='lat' dir='ltr'><strong>mini</strong></span> <span class='ocrx_word' id='word_1_810' title='bbox 1043 5121 1170 5186; x_wconf 86' lang='lat' dir='ltr'><strong>Domino,</strong></span> <span class='ocrx_word' id='word_1_811' title='bbox 1187 5145 1198 5169; x_wconf 79' lang='grc' dir='ltr'><strong>ι</strong></span> <span class='ocrx_word' id='word_1_812' title='bbox 1215 5119 1291 5189; x_wconf 76' lang='lat' dir='ltr'><strong>errius</strong></span> <span class='ocrx_word' id='word_1_813' title='bbox 1306 5118 1442 5175; x_wconf 88' lang='lat' dir='ltr'><strong>secundus</strong></span> <span class='ocrx_word' id='word_1_814' title='bbox 1458 5134 1554 5175; x_wconf 89' lang='lat' dir='ltr'><strong>versus</strong></span> <span class='ocrx_word' id='word_1_815' title='bbox 1580 5126 1621 5174; x_wconf 86' lang='lat' dir='ltr'><strong>est</strong></span> <span class='ocrx_word' id='word_1_816' title='bbox 1638 5137 1644 5175; x_wconf 93' lang='lat'><strong>:</strong></span> <span class='ocrx_word' id='word_1_817' title='bbox 1673 5143 1685 5169; x_wconf 75' lang='grc' dir='ltr'><strong>ι</strong></span> <span class='ocrx_word' id='word_1_818' title='bbox 1715 5121 1760 5178; x_wconf 90' lang='lat' dir='ltr'><strong>Di·</strong></span> 
     </span>
     <span class='ocr_line' id='line_1_109' title="bbox 962 5206 1759 5285; baseline -0.005 -15"><span class='ocrx_word' id='word_1_819' title='bbox 962 5220 1025 5270; x_wconf 88' lang='lat' dir='ltr'><strong>cant</strong></span> <span class='ocrx_word' id='word_1_820' title='bbox 1036 5211 1082 5285; x_wconf 93' lang='lat' dir='ltr'><strong>qui</strong></span> <span class='ocrx_word' id='word_1_821' title='bbox 1097 5208 1231 5280; x_wconf 90' lang='lat' dir='ltr'><strong>redempti</strong></span> <span class='ocrx_word' id='word_1_822' title='bbox 1246 5214 1307 5264; x_wconf 89' lang='lat' dir='ltr'><strong>sunt</strong></span> <span class='ocrx_word' id='word_1_823' title='bbox 1321 5223 1337 5264; x_wconf 93' lang='grc' dir='ltr'><strong>ι</strong></span> <span class='ocrx_word' id='word_1_824' title='bbox 1352 5206 1478 5263; x_wconf 87' lang='lat' dir='ltr'><strong>Domino.</strong></span> <span class='ocrx_word' id='word_1_825' title='bbox 1494 5206 1681 5264; x_wconf 81' lang='lat' dir='ltr'><strong>confiteantur</strong></span> <span class='ocrx_word' id='word_1_826' title='bbox 1700 5210 1759 5266; x_wconf 88' lang='lat' dir='ltr'><strong>Do·</strong></span> 
     </span>
     <span class='ocr_line' id='line_1_110' title="bbox 962 5295 1761 5367; baseline -0.003 -9"><span class='ocrx_word' id='word_1_827' title='bbox 962 5303 1036 5359; x_wconf 89' lang='lat' dir='ltr'><strong>mino</strong></span> <span class='ocrx_word' id='word_1_828' title='bbox 1051 5296 1239 5356; x_wconf 88' lang='lat' dir='ltr'><strong>misericordia</strong></span> <span class='ocrx_word' id='word_1_829' title='bbox 1254 5296 1325 5367; x_wconf 84' lang='lat' dir='ltr'><strong>ejus,</strong></span> <span class='ocrx_word' id='word_1_830' title='bbox 1341 5304 1368 5352; x_wconf 93' lang='lat' dir='ltr'><strong>et</strong></span> <span class='ocrx_word' id='word_1_831' title='bbox 1381 5295 1516 5351; x_wconf 90' lang='lat' dir='ltr'><strong>mirabilia</strong></span> <span class='ocrx_word' id='word_1_832' title='bbox 1530 5296 1656 5366; x_wconf 84' lang='lat' dir='ltr'><strong>ejuafiliis</strong></span> <span class='ocrx_word' id='word_1_833' title='bbox 1671 5297 1761 5357; x_wconf 88' lang='lat' dir='ltr'><strong>homi·</strong></span> 
     </span>
    </p>
   </div>
   <div class='ocr_carea' id='block_1_27' title="bbox 963 5393 1761 5471">
    <p class='ocr_par' dir='ltr' id='par_1_27' title="bbox 963 5393 1761 5471">
     <span class='ocr_line' id='line_1_111' title="bbox 963 5393 1761 5471; baseline 0.001 -16"><span class='ocrx_word' id='word_1_834' title='bbox 963 5403 1161 5471; x_wconf 69' lang='lat' dir='ltr'><strong>num-quater</strong></span> <span class='ocrx_word' id='word_1_835' title='bbox 1170 5393 1316 5466; x_wconf 86' lang='lat' dir='ltr'><strong>reperitur,</strong></span> <span class='ocrx_word' id='word_1_836' title='bbox 1329 5408 1383 5467; x_wconf 90' lang='lat' dir='ltr'><strong>quo</strong></span> <span class='ocrx_word' id='word_1_837' title='bbox 1393 5408 1508 5450; x_wconf 90' lang='lat' dir='ltr'><strong>numero</strong></span> <span class='ocrx_word' id='word_1_838' title='bbox 1516 5393 1631 5464; x_wconf 84' lang='lat' dir='ltr'><strong>juvante</strong></span> <span class='ocrx_word' id='word_1_839' title='bbox 1641 5395 1761 5456; x_wconf 90' lang='lat' dir='ltr'><strong>Domino</strong></span> 
     </span>
    </p>
   </div>
   <div class='ocr_carea' id='block_1_28' title="bbox 110 5482 1762 5757">
    <p class='ocr_par' dir='ltr' id='par_1_28' title="bbox 110 5482 1762 5757">
     <span class='ocr_line' id='line_1_112' title="bbox 110 5482 1761 5576; baseline -0.011 -15"><span class='ocrx_word' id='word_1_840' title='bbox 110 5502 240 5560; x_wconf 88' lang='lat' dir='ltr'><strong>comedet</strong></span> <span class='ocrx_word' id='word_1_841' title='bbox 252 5504 322 5576; x_wconf 72' lang='lat' dir='ltr'><strong>(iob.</strong></span> <span class='ocrx_word' id='word_1_842' title='bbox 338 5506 394 5572; x_wconf 82' lang='lat' dir='ltr'><strong>xa),</strong></span> <span class='ocrx_word' id='word_1_843' title='bbox 412 5526 423 5551; x_wconf 77' lang='grc' dir='ltr'><strong>ι</strong></span> <span class='ocrx_word' id='word_1_844' title='bbox 440 5501 583 5573; x_wconf 86' lang='lat' dir='ltr'><strong>nisiquod</strong></span> <span class='ocrx_word' id='word_1_845' title='bbox 599 5499 626 5556; x_wconf 89' lang='grc' dir='ltr'><strong>ιιι</strong></span> <span class='ocrx_word' id='word_1_846' title='bbox 641 5498 793 5557; x_wconf 74' lang='lat' dir='ltr'><strong>continuet</strong></span> <span class='ocrx_word' id='word_1_847' title='bbox 816 5499 910 5556; x_wconf 76' lang='lat' dir='ltr'><strong>tenum</strong></span> <span class='ocrx_word' id='word_1_848' title='bbox 963 5494 1093 5563; x_wconf 84' lang='lat' dir='ltr'><strong>qnantum</strong></span> <span class='ocrx_word' id='word_1_849' title='bbox 1107 5482 1224 5542; x_wconf 87' lang='lat' dir='ltr'><strong>aemtari</strong></span> <span class='ocrx_word' id='word_1_850' title='bbox 1233 5482 1379 5552; x_wconf 90' lang='lat' dir='ltr'><strong>valuimus,</strong></span> <span class='ocrx_word' id='word_1_851' title='bbox 1396 5484 1562 5541; x_wconf 86' lang='lat' dir='ltr'><strong>tentationes</strong></span> <span class='ocrx_word' id='word_1_852' title='bbox 1586 5492 1701 5558; x_wconf 92' lang='lat' dir='ltr'><strong>quatuor</strong></span> <span class='ocrx_word' id='word_1_853' title='bbox 1723 5486 1761 5543; x_wconf 89' lang='lat' dir='ltr'><strong>si-</strong></span> 
     </span>
     <span class='ocr_line' id='line_1_113' title="bbox 112 5577 1762 5665; baseline -0.005 -16"><span class='ocrx_word' id='word_1_854' title='bbox 112 5598 187 5660; x_wconf 75' lang='lat' dir='ltr'><strong>nunt,</strong></span> <span class='ocrx_word' id='word_1_855' title='bbox 201 5591 368 5665; x_wconf 88' lang='lat' dir='ltr'><strong>qnialectua</strong></span> <span class='ocrx_word' id='word_1_856' title='bbox 388 5590 468 5649; x_wconf 79' lang='lat' dir='ltr'><strong>cibus</strong></span> <span class='ocrx_word' id='word_1_857' title='bbox 489 5588 641 5647; x_wconf 72' lang='lat' dir='ltr'><strong>meandum</strong></span> <span class='ocrx_word' id='word_1_858' title='bbox 668 5588 796 5647; x_wconf 85' lang='lat' dir='ltr'><strong>homines</strong></span> <span class='ocrx_word' id='word_1_859' title='bbox 817 5588 911 5647; x_wconf 89' lang='lat' dir='ltr'><strong>viden·</strong></span> <span class='ocrx_word' id='word_1_860' title='bbox 962 5583 1141 5661; x_wconf 87' lang='lat' dir='ltr'><strong>gnificantur.</strong></span> <span class='ocrx_word' id='word_1_861' title='bbox 1158 5580 1201 5637; x_wconf 88' lang='lat' dir='ltr'><strong>Ab</strong></span> <span class='ocrx_word' id='word_1_862' title='bbox 1215 5579 1259 5636; x_wconf 89' lang='lat' dir='ltr'><strong>nia</strong></span> <span class='ocrx_word' id='word_1_863' title='bbox 1273 5594 1341 5653; x_wconf 89' lang='lat' dir='ltr'><strong>ergo</strong></span> <span class='ocrx_word' id='word_1_864' title='bbox 1360 5577 1477 5653; x_wconf 88' lang='lat' dir='ltr'><strong>quisque</strong></span> <span class='ocrx_word' id='word_1_865' title='bbox 1499 5579 1621 5638; x_wconf 83' lang='lat' dir='ltr'><strong>irretitus</strong></span> <span class='ocrx_word' id='word_1_866' title='bbox 1647 5580 1762 5654; x_wconf 87' lang='lat' dir='ltr'><strong>eripitur</strong></span> 
     </span>
     <span class='ocr_line' id='line_1_114' title="bbox 112 5664 1761 5757; baseline -0.008 -18"><span class='ocrx_word' id='word_1_867' title='bbox 112 5687 169 5739; x_wconf 84' lang='lat' dir='ltr'><strong>tar.</strong></span> <span class='ocrx_word' id='word_1_868' title='bbox 185 5679 422 5757; x_wconf 76' lang='grc' dir='ltr'>Αεριιιιιιειιιιι</span> <span class='ocrx_word' id='word_1_869' title='bbox 435 5677 622 5739; x_wconf 82' lang='lat' dir='ltr'><strong>dolenorum</strong></span> <span class='ocrx_word' id='word_1_870' title='bbox 645 5692 763 5741; x_wconf 83' lang='grc' dir='ltr'>ιιιιειιι</span> <span class='ocrx_word' id='word_1_871' title='bbox 780 5683 909 5751; x_wconf 83' lang='lat' dir='ltr'><strong>pareunt,</strong></span> <span class='ocrx_word' id='word_1_872' title='bbox 961 5686 1090 5749; x_wconf 87' lang='lat' dir='ltr'><strong>paream</strong></span> <span class='ocrx_word' id='word_1_873' title='bbox 1103 5669 1329 5747; x_wconf 85' lang='lat' dir='ltr'><strong>caiomnegenu</strong></span> <span class='ocrx_word' id='word_1_874' title='bbox 1342 5664 1470 5727; x_wconf 83' lang='lat' dir='ltr'><strong>bectitm.</strong></span> <span class='ocrx_word' id='word_1_875' title='bbox 1484 5668 1535 5727; x_wconf 75' lang='lat' dir='ltr'><strong>Est</strong></span> <span class='ocrx_word' id='word_1_876' title='bbox 1560 5668 1643 5747; x_wconf 79' lang='lat' dir='ltr'><strong>igitur</strong></span> <span class='ocrx_word' id='word_1_877' title='bbox 1668 5668 1761 5744; x_wconf 82' lang='lat' dir='ltr'><strong>prima</strong></span> 
     </span>
    </p>
   </div>
   <div class='ocr_carea' id='block_1_29' title="bbox 0 0 1894 6038">
    <p class='ocr_par' dir='ltr' id='par_1_29' title="bbox 0 0 1894 6038">
     <span class='ocr_line' id='line_1_115' title="bbox 0 0 1894 6038; baseline 0 0"><span class='ocrx_word' id='word_1_878' title='bbox 0 0 1894 6038; x_wconf 95' lang='lat' dir='ltr'><strong> </strong></span> 
     </span>
    </p>
   </div>
  </div>
 </body>
</html>
