3780 6038
105 214 158 273 stt

701 206 879 269 EPISTOLAE
897 212 941 269 ET
959 207 1167 272 PlthlLEGld.

1707 221 1758 278 tlt

104 353 191 411 acopo
213 343 241 392 et
258 334 419 391 Witmundo
444 336 588 404 monacho,
613 343 639 389 et
662 334 823 405 quibusdam
846 337 905 391 aliis
918 347 947 408 Α
960 344 1020 392 ratu
1033 334 1091 392 lieri
1105 336 1239 403 viderunt,
1255 335 1298 393 vel
1321 335 1380 391 aliis
1403 335 1582 395 referentibus
1598 338 1757 407 didicerunt,

104 425 248 482 eonsilium
267 424 420 490 habuimus,
443 424 557 493 qualiter
579 423 682 479 astutiae
706 423 778 478 illius
798 432 908 480 contru-

105 515 219 571 iremus.
234 514 378 582 Poslquam
393 527 459 585 ergo
474 512 532 583 ipse
548 511 607 581 jam
630 519 739 583 paratus
757 519 815 567 crat
840 513 908 568 insi·

105 602 173 676 gnta
201 598 371 672 pontificatus
390 615 526 656 resumere
550 608 577 655 et
604 600 763 656 electionem
780 600 861 656 etiam
881 601 908 656 in

105 690 166 764 ipso
193 697 326 748 conventu
358 689 494 744 multoties
530 688 673 744 refutatam
696 688 792 743 iterum
825 689 853 744 in
880 705 910 746 se

104 788 273 849 retorquere,
284 777 474 848 predictorum
490 777 612 846 consilio,
627 793 676 832 nos
702 785 802 833 mutam
817 778 909 833 horni-

104 867 149 924 nis
162 867 301 925 levitatem
315 872 342 921 et
355 865 486 937 propositi
513 866 553 920 sui
570 866 776 922 mutabilitatem
803 867 908 939 impro-

104 966 211 1034 bantes,
228 965 257 1019 in
270 963 407 1020 audientia
429 963 550 1020 omnium
567 979 616 1019 nos
630 980 799 1035 nequaquam
815 980 909 1021 assen-

105 1071 166 1110 sum
183 1053 342 1126 praebituros
355 1051 492 1121 diximus;
508 1052 559 1106 nisi
584 1053 618 1107 de
642 1053 802 1123 quibusdam
817 1061 911 1109 contra

106 1143 210 1199 lamam
225 1158 313 1208 suam,
330 1149 357 1196 et
370 1140 435 1196 tanti
462 1140 565 1196 ordinis
579 1141 738 1214 dignitatem
767 1157 828 1211 quae
851 1150 912 1213 post

106 1233 270 1288 electionem
284 1247 361 1286 suam
377 1230 455 1286 nobis
483 1230 516 1285 de
536 1246 568 1285 eo
596 1231 776 1299 innotuerant,
793 1231 911 1302 primum

106 1320 238 1377 canonico
255 1319 419 1375 examinatio
434 1316 518 1375 lieret.
531 1318 610 1388 Quod
617 1319 673 1390 ipse
684 1320 795 1392 indigne
810 1319 909 1388 terens,

107 1425 198 1480 neque
211 1408 485 1465 adexaminationem
510 1416 662 1476 venturum,
687 1424 775 1480 neque
798 1408 910 1465 electio·

107 1515 172 1554 nem
192 1513 312 1568 unquam
346 1504 530 1569 suscepturum
557 1513 586 1553 se
617 1496 727 1568 publice
757 1496 909 1554 effumavit.

109 1587 211 1657 Sicque
224 1586 287 1641 data
301 1585 380 1641 nobis
403 1586 500 1640 ilerum
522 1585 631 1641 licentia
649 1587 684 1642 ab
698 1602 731 1641 eo
746 1602 825 1657 quem
850 1586 910 1643 vel·

963 426 1067 496 plenius
1086 425 1163 481 vobis
1195 425 1295 481 reterre
1322 433 1457 494 potentnt.
1489 429 1539 483 llic
1566 427 1648 500 igitur
1667 443 1760 484 conse-

962 521 1049 569 cratus
1072 514 1107 569 ab
1130 512 1246 568 Ostiensi
1276 514 1414 585 episcopo,
1438 531 1500 571 cum
1526 516 1622 571 missas
1642 515 1714 586 apud
1728 515 1758 573 S.

962 610 1069 665 Petrum
1095 609 1205 679 diecret,
1228 610 1298 667 inira
1328 613 1461 668 actionem
1489 612 1592 683 judicio
1623 612 1672 668 Dei
1701 629 1761 686 per-

963 714 1056 754 cussus
1069 706 1118 754 est.
1130 699 1163 753 Et
1176 701 1299 770 quamvis
1320 701 1405 771 tarde,
1426 717 1592 774 cognoscens
1606 718 1635 757 se
1647 717 1758 769 errasse,

963 786 1050 858 seipse
1087 785 1224 858 deposuit,
1263 797 1289 845 et
1324 790 1415 845 accitis
1451 790 1579 846 iratribus
1605 790 1640 847 de
1670 793 1761 847 Monte

964 874 1071 943 Casino,
1096 874 1141 944 qui
1172 892 1263 932 secura
1287 877 1408 947 aderaut,
1432 879 1563 950 precepit
1587 895 1616 935 se
1640 878 1686 935 illo
1709 879 1761 935 de-

965 962 1037 1031 leni,
1052 971 1080 1018 et
1093 963 1120 1018 in
1132 963 1249 1036 capitulo
1265 981 1317 1021 non
1341 975 1370 1022 ut
1383 983 1494 1040 papam,
1509 967 1559 1023 sub
1583 975 1613 1023 ut
1634 966 1760 1024 abbatem

963 1051 1081 1122 sepeliri.

1337 1154 1386 1208 IX.

1150 1249 1192 1307 ld
1205 1249 1344 1308 eamdem.
1359 1282 1393 1292 -
1407 1252 1446 1308 lte
1461 1250 1570 1308 iisdem.

1267 1363 1355 1431 (anno
1371 1364 1463 1435 roas.)

1213 1477 1325 1547 [amer.
1339 1479 1387 1535 alti
1400 1479 1511 1551 capra]

1000 1591 1138 1646 Mantinon
1151 1590 1332 1649 dilectissime
1354 1593 1384 1648 in
1404 1593 1509 1650 Christo
1531 1592 1616 1650 sorori
1630 1609 1664 1652 ac
1677 1596 1764 1656 unicae

108 1677 198 1731 lemus
211 1674 322 1748 eligere,
339 1675 477 1730 excutiens
491 1675 602 1731 brachia
626 1691 684 1743 sua,
707 1676 789 1746 coepit
804 1691 819 1730 a
833 1674 912 1730 nobis
926 1704 952 1764 B
967 1678 1031 1735 tiliae
1046 1679 1117 1735 beati
1132 1680 1212 1748 Petri,
1227 1681 1307 1736 lluoo
1321 1690 1421 1738 sanetae
1436 1682 1622 1756 Lugdunensis
1636 1684 1763 1744 Ecclesia

108 1765 247 1833 recedere,
276 1780 338 1819 oum
374 1762 550 1818 Witmundus
582 1780 616 1818 ex
646 1764 758 1820 consilio
782 1763 913 1819 Ostiensis
965 1777 1531 1842 gefvffi‚ffi1u10mjncharpatenonflcqa,

108 1853 231 1923 episcopi
246 1852 353 1924 publice
368 1852 539 1915 exclamavit,
555 1852 685 1907 infamem
699 1868 842 1923 personam
858 1867 913 1907 non

108 1942 210 1998 debere
224 1941 252 1995 in
276 1942 427 1996 lloruanurn
447 1939 600 2012 pontificem
624 1941 699 2014 eligi,
727 1940 911 2008 reordinari,

109 2057 173 2096 cum
195 2046 329 2095 constaret
352 2055 414 2094 eum
446 2038 627 2094 indubitanter
650 2038 791 2094 infamiam
819 2038 912 2094 incur·

109 2129 189 2195 risse,
204 2127 332 2198 quoniam
357 2127 466 2197 quidem
486 2127 794 2183 excommunicationem
819 2126 912 2183 domni

110 2232 192 2289 papae
207 2216 332 2289 Gregorii
346 2232 396 2287 per
418 2233 520 2271 annum
544 2216 678 2288 integrum
704 2224 731 2271 et
745 2215 912 2285 continuum,

110 2322 137 2370 et
160 2330 193 2369 eo
217 2313 277 2385 plus
301 2313 358 2368 sine
390 2314 520 2369 canonica
542 2313 700 2385 poenitentia
727 2313 908 2369 sustinuisset.

110 2403 213 2459 Taliter
227 2401 317 2472 itaquo
332 2401 460 2457 dimoluto
475 2411 618 2471 conventu,
635 2410 662 2456 ct
676 2403 739 2473 quia
754 2418 808 2458 nox
827 2402 915 2458 immi·

111 2492 207 2560 nebat,
230 2491 311 2546 nobis
329 2491 526 2560 recedentibus,
552 2491 681 2547 remansit
704 2491 758 2546 dux
782 2508 843 2547 eum
868 2507 911 2561 eo,

1001 1866 1131 1936 Quamvis
1149 1867 1275 1936 sciamus,
1296 1868 1459 1924 venerabilis
1472 1870 1592 1940 domina,
1605 1873 1658 1929 hoc
1675 1872 1763 1930 solum

967 1962 1110 2027 resapere,
1134 1958 1186 2011 hoc
1208 1956 1295 2011 solum
1323 1957 1458 2014 inhianter
1483 1965 1508 2014 te
1533 1976 1663 2030 quaerere,
1688 1961 1762 2032 quod

966 2043 1001 2098 ad
1037 2045 1167 2099 honorem
1204 2045 1253 2100 Dei
1286 2054 1311 2100 et
1335 2046 1489 2117 apostolicae
1516 2048 1588 2104 sedis
1614 2050 1762 2120 pertineat,

966 2140 1057 2187 tamen
1067 2131 1235 2189 dissimulare
1249 2150 1304 2189 uon
1318 2149 1460 2205 possumus
1483 2135 1547 2206 quin
1566 2153 1600 2192 ex
1616 2139 1764 2195 abundanti

966 2220 1094 2294 pietatem
1121 2230 1194 2277 tuam
1213 2239 1294 2292 super
1318 2225 1369 2279 hoc
1397 2224 1601 2295 admoneamus,
1622 2236 1652 2283 nt
1666 2228 1765 2286 sanctis

966 2305 1107 2362 desideriis
1127 2306 1177 2361 tuis
1191 2307 1330 2378 parvitatis
1344 2315 1441 2365 nosuoe
1464 2310 1552 2367 studia
1566 2311 1760 2385 adjungamus.

967 2394 1073 2450 Scimus
1088 2394 1197 2466 quidem
1212 2396 1334 2476 qualiter,
1349 2413 1432 2469 supra
1446 2398 1595 2456 femineum
1610 2402 1721 2459 modum
1736 2404 1765 2460 iu

967 2491 1037 2547 virili
1051 2499 1160 2562 pectore
1185 2493 1333 2549 ferventem
1355 2495 1492 2551 eharitmis
1514 2495 1652 2556 flammam
1670 2502 1765 2558 eonci-

111 2598 217 2647 retento
232 2606 324 2645 secum
340 2587 457 2646 Ostiensi
480 2605 541 2644 eum
564 2590 668 2644 caeteris
681 2590 714 2644 ll.
739 2589 873 2660 episcopis
886 2594 915 2644 er
941 2606 944 2611 ·
966 2580 1054 2650 piens,
1070 2582 1267 2654 inexemplum
1287 2582 1357 2639 iacta
1371 2586 1408 2638 sis
1423 2585 1543 2639 omnium
1558 2587 1721 2659 principum,
1736 2597 1766 2647 ut

110 2677 303 2734 mammons.
329 2676 381 2733 uni
400 2693 461 2732 cum
484 2677 531 2732 aiu
545 2678 667 2750 rogando
691 2676 745 2732 dux
765 2677 912 2744 institisset,
967 2684 1029 2724 eum
1045 2675 1079 2736 tc
1094 2685 1155 2739 quae
1176 2670 1318 2740 ammam
1341 2671 1460 2742 potentia
1474 2681 1500 2728 et
1514 2673 1612 2743 onibus
1626 2676 1764 2750 affluebas,

111 2775 141 2822 ut
160 2765 306 2837 quemdam
329 2764 454 2820 Altanum
484 2765 511 2819 in
535 2765 733 2820 salernitanum
757 2765 913 2836 episcopum
968 2774 1063 2822 cuneta
1082 2782 1131 2838 pro
1150 2766 1260 2822 nomine
1287 2767 1395 2823 Domini
1424 2771 1594 2841 expendisse,
1623 2781 1650 2829 et
1672 2775 1766 2832 mundi

111 2861 291 2920 consecraret,
308 2854 355 2908 sed
370 2852 486 2909 Ostiensi
509 2854 709 2909 contradicente
723 2853 808 2909 abbas
822 2853 914 2911 volun·
967 2855 1086 2910 furorem
1110 2862 1324 2926 potestatemque
1347 2855 1527 2928 tenebrarum,
1543 2858 1606 2915 fidei
1630 2871 1766 2920 armatura

112 2950 195 2999 tatem
233 2942 309 2998 ducis
339 2942 451 3013 implere
475 2958 530 2999 non
557 2943 686 3009 auderet,
724 2958 852 3012 quomam
879 2941 915 2997 de
967 2941 1079 2997 evicisse
1098 2943 1284 3014 cognoverint,
1305 2943 1428 2999 similiter
1441 2962 1469 3000 se
1484 2955 1510 3002 et
1524 2963 1579 3003 non
1593 2949 1686 3006 iecisse
1700 2968 1765 3008 eru-

111 3031 333 3088 manilestissima
346 3031 494 3087 ambitione
509 3031 620 3086 altanus
645 3031 783 3087 convictus
807 3031 910 3102 iuerat,
927 3031 1086 3124 Gbescant,
1103 3037 1130 3085 et
1144 3030 1232 3086 lacere
1253 3040 1377 3105 prompta
1391 3033 1534 3089 devotione
1555 3052 1609 3091 non
1631 3038 1763 3098 dubitent.

112 3120 169 3176 dux
182 3120 301 3193 grauiter
314 3119 469 3192 indignatus
482 3120 592 3175 recessit
613 3120 648 3175 ab
663 3119 711 3174 eis.
727 3119 818 3175 libbas
832 3119 914 3191 igitur
968 3118 1021 3175 Sed
1036 3120 1105 3174 inter
1118 3121 1185 3188 haec,
1202 3118 1375 3176 dilectissima
1389 3121 1509 3192 domina,
1525 3125 1560 3179 ad
1574 3133 1692 3182 manem
1717 3127 1764 3186 tibi

112 3209 202 3282 gratia
215 3208 364 3278 destitutus,
387 3208 515 3279 quoniam
529 3209 587 3264 sine
612 3224 645 3264 eu
659 3208 694 3263 ad
712 3209 790 3264 llom.
808 3204 914 3279 pontili-
967 3231 1039 3287 saepe
1055 3215 1236 3270 reducendum
1250 3224 1291 3272 est
1304 3224 1333 3271 ut
1345 3217 1374 3272 in
1384 3218 1606 3277 omnibusmodis
1618 3225 1766 3283 contendas

112 3313 204 3362 catum
236 3306 354 3378 aspirare
382 3305 552 3375 desperabat,
589 3305 724 3377 protunda
752 3304 811 3375 jam
836 3312 914 3360 noete
967 3320 1051 3374 usque
1079 3304 1107 3359 iu
1132 3302 1214 3360 linem
1243 3321 1426 3376 perseverare,
1446 3314 1473 3362 et
1490 3309 1609 3380 gloriosa
1631 3313 1766 3387 principia

113 3393 217 3451 cunctis
240 3394 436 3450 dormientibus
464 3394 628 3466 legationem
656 3393 690 3449 ad
716 3393 812 3450 ducem
831 3392 912 3461 misit,
968 3393 1081 3448 feliciori
1108 3395 1339 3450 consummatione
1366 3394 1505 3466 perficere,
1532 3399 1595 3469 quia
1612 3401 1681 3457 sicut
1698 3419 1766 3475 pru-

113 3482 207 3554 sicque
221 3482 289 3538 duce
305 3483 338 3538 ad
353 3483 480 3538 abbatem
503 3481 641 3548 redeunte,
658 3489 684 3537 et
700 3482 784 3537 abbas
797 3481 915 3555 gratiam
968 3481 1087 3536 dentiam
1107 3489 1179 3536 tuam
1198 3499 1248 3554 per
1271 3483 1401 3553 Spiritum
1421 3485 1543 3542 edoctam
1566 3491 1764 3564 cognoscimus,

114 3571 188 3643 apud
203 3571 299 3627 ducem
314 3579 343 3627 ut
356 3587 428 3643 papa
452 3569 538 3637 lieret,
554 3578 581 3625 et
604 3570 659 3625 dux
681 3570 754 3640 quod
778 3570 915 3641 quaerebat
969 3587 1031 3634 tunc
1049 3579 1142 3633 salutis
1165 3586 1192 3634 et
1218 3579 1392 3650 praeaniorum
1418 3590 1491 3639 certa
1508 3582 1607 3641 fiducia
1629 3596 1678 3657 est,
1703 3604 1766 3648 cum

114 3669 232 3726 obtinuit
256 3670 328 3740 apud
360 3669 498 3734 abbatem,
524 3676 553 3723 ut
576 3668 688 3723 disanus
715 3675 916 3723 consecraretur
968 3684 1052 3737 usque
1067 3667 1095 3722 in
1109 3665 1189 3723 finem
1207 3669 1290 3724 sancti
1306 3670 1435 3740 propositi
1450 3675 1649 3743 perseverantia
1667 3677 1767 3736 dilata·

114 3759 238 3829 sequenti
270 3759 333 3826 die,
364 3758 489 3814 videlicet
517 3757 659 3813 Dominiea
687 3757 714 3811 in
739 3756 856 3824 Palmis,
881 3772 915 3812 ex
970 3764 1020 3810 tur.
1035 3756 1147 3811 Habetis
1164 3756 1297 3827 siquidem
1312 3758 1601 3818 inhaerefidissimos
1617 3765 1764 3839 adjutores,

113 3862 252 3926 praecepto
280 3854 385 3910 abbatis
399 3855 426 3908 id
444 3871 472 3909 se
498 3853 600 3909 cunctis
618 3854 707 3908 iacere
725 3850 915 3923 respondenti·
969 3853 995 3898 εἰ
1010 3844 1143 3917 benignos
1157 3845 1307 3901 devotionis
1320 3855 1416 3903 vestrae
1430 3849 1502 3917 apud
1524 3851 1671 3910 Dominum
1689 3872 1767 3913 com·

114 3942 177 3999 bus.
193 3943 295 3999 Eadem
310 3944 400 4014 itaque
414 3943 457 3998 die
478 3960 540 3998 eum
563 3951 623 4014 post
645 3941 786 4014 prandium
811 3941 915 4008 abbas,
970 3932 1149 4000 mendatores,
1165 3933 1314 4005 piissimum
1333 3935 1435 3990 scilicet
1447 3937 1551 3992 Patrem
1568 3949 1687 3997 nostrum
1701 3962 1768 4002 saa-

116 4031 173 4088 dux
196 4040 224 4088 et
244 4030 379 4104 princeps,
405 4039 656 4101 uterqueasomno
680 4029 829 4085 meridiano
854 4045 915 4083 sur-
970 4027 1020 4075 οἰδ)
1034 4021 1173 4076 memoriae
1192 4036 1301 4092 papum,
1327 4029 1353 4077 et
1370 4023 1524 4080 beatumd
1527 4066 1604 4080 .......
1619 4031 1766 4091 Lucensem

115 4131 259 4199 rexissent,
292 4130 348 4185 solo
376 4128 530 4186 declinante
553 4129 587 4183 ad
616 4127 754 4195 inferiora,
779 4126 827 4182 sed
852 4126 915 4182 rino
970 4109 1290 4208 el³t⁵⁰⁰l³11¹¹ttltttstssut,
1315 4126 1376 4165 cum
1391 4112 1479 4167 adhuc
1501 4113 1632 4188 viverent,
1649 4118 1676 4175 iu
1691 4123 1767 4180 omni

117 4229 256 4286 obtinente
277 4229 424 4301 superiore,
454 4228 516 4296 beu,
546 4229 613 4298 prolr
635 4227 713 4282 dolor
734 4228 740 4280 l
759 4225 844 4280 abbas
867 4239 916 4296 pro
970 4205 1069 4268 meme
1083 4198 1224 4268 admista
1237 4214 1286 4253 V⁰⁵
1301 4199 1491 4270 i¹¹⁸¹¹¹¹¹⁰7⁰¹¹ta
1517 4203 1553 4258 5¹⁸
1568 4220 1639 4261 ¹¹¹¹ssss
1660 4208 1697 4264 ab
1719 4211 1767 4270 ttto

117 4330 243 4386 mercede
257 4329 457 4385 nefandissimas
476 4327 694 4395 consecrationis,
716 4327 797 4381 tultus
820 4333 915 4381 aucto·
970 4302 1078 4350 aeoemae
1087 4293 1184 4364 ‘tumis
1201 4295 1272 4362 sinu,
1287 4295 1314 4349 in
1329 4312 1383 4366 ‘1¹¹⁰
1406 4308 1589 4372 ⁰⁰⁸10⁰²P²0⁸
1606 4319 1665 4360 0⁸⁸⁰
1678 4306 1767 4364 confi-

116 4428 196 4483 ritatc
219 4427 304 4495 ducis,
323 4426 471 4496 pluvialem
494 4425 545 4480 sibi
569 4426 628 4495 ipse
642 4425 779 4496 imposuit,
799 4422 916 4479 Ostiensi
930 4415 956 4478 l)
970 4391 1069 4459 ‘fimus‘
1100 4391 1201 4447 merim
1224 4393 1279 4447 ⁸⁰5⁸
1306 4400 1333 4449 Εἴ
1359 4394 1493 4465 Pff⁰ib¹¹⁸a
1518 4399 1654 4458 charitatis
1671 4415 1768 4465 vestras

116 4530 145 4579 et
158 4523 237 4578 nobis
260 4522 416 4578 inconsultis
431 4530 457 4577 et
471 4537 580 4593 prorsus
600 4521 796 4594 ignorantibus.
821 4519 869 4573 llis
882 4520 919 4574 ita
973 4495 1055 4551 ⁰p⁰m
1077 4481 1315 4549 oemmendabumt
1344 4498 1376 4538 ⁸⁰
1403 4500 1525 4541 amm
1550 4500 1687 4560 Ptsl'efflae
1705 4495 1768 4555 Vttae

116 4620 201 4694 wis
214 4636 275 4675 cum
298 4619 429 4675 Osfieffiis
453 4619 596 4690 episcopus
619 4617 760 4674 nobiscum
784 4616 855 4672 bene
870 4630 920 4686 W
972 4583 1026 4638 quo
1039 4568 1211 4624 ineflabiliter
1228 4571 1367 4639 satiantur,
1392 4573 1544 4630 devotionis
1561 4586 1657 4636 vestrae
1679 4582 1769 4641 visae.

116 4716 210 4772 omnia
224 4716 392 4783 cucurrisset,
403 4722 433 4769 ut
446 4715 513 4770 ridit
527 4715 600 4786 quod
615 4715 699 4770 abbas
709 4731 757 4787 per
771 4713 918 4786 potentiam

116 4813 247 4886 principis
273 4811 382 4868 tardani
406 4812 442 4866 ad
455 4811 667 4867 consecrandum
689 4828 719 4866 se
742 4812 856 4868 Romam
879 4827 919 4868 rra

116 4914 283 4980 intendebat,
298 4914 396 4969 timens
412 4913 527 4969 fortene
542 4913 582 4967 sui
601 4913 732 4986 dignitate
747 4913 917 4985 privaretur,

971 4663 1046 4718 ribus
1070 4664 1251 4736 inspirabunt.
1287 4667 1388 4722 Eorum
1421 4668 1511 4738 itaque
1534 4675 1689 4742 patrociniis
1716 4679 1769 4735 ad.

881 4811 886 4822 ,
968 4760 1029 4829 juta
1043 4761 1070 4816 in
1090 4763 1255 4818 consulendo
1281 4764 1410 4820 Romanae
1431 4766 1557 4823 Ecclesiae
1580 4771 1641 4826 totis
1668 4774 1770 4834 viribus

971 4850 1168 4922 accingimini,
1201 4867 1374 4922 summopere
1405 4854 1593 4927 providentes,
1626 4868 1655 4915 ut
1688 4863 1768 4922 telem

972 4937 1009 4993 ibi
1020 4954 1162 5009 personam
1186 4939 1251 5012 eligi
1266 4941 1446 5009 consentiatis,
1469 4941 1499 4997 in
1525 4960 1578 5014 qua
1605 4950 1690 5018 possit
1712 4969 1771 5014 essa

116 5013 191 5069 sieb
206 5013 260 5068 alio
275 5012 362 5083 prima
376 5028 472 5066 manus
485 5011 651 5067 consecratio
675 5011 700 5066 ai
724 5011 918 5080 imponeretur,
972 5042 999 5090 ,2
1018 5042 1152 5092 ramosum
1184 5036 1308 5092 laborum
1340 5035 1411 5107 finis,
1445 5047 1472 5093 et
1503 5043 1654 5101 animamm
1677 5051 1768 5123 salus,

117 5125 264 5167 conversus
285 5118 326 5164 est
351 5110 379 5164 in
406 5109 451 5163 die
478 5108 571 5178 belli3
606 5117 633 5165 et
660 5109 805 5165 immemor
833 5108 920 5166 lactus
972 5123 1286 5194 inimicorumconsusio,
1302 5133 1329 5182 et
1342 5127 1497 5197 apostolice
1518 5136 1653 5205 reparatio
1676 5138 1770 5214 digni.

119 5207 252 5282 propositi
279 5215 306 5264 et
333 5207 411 5263 factae
440 5207 520 5263 uobis
550 5207 711 5279 sponsionis,
732 5206 805 5276 quod
830 5206 920 5264 dicere
972 5212 1043 5269 tatis.

98 5311 211 5387 pudet,
231 5327 293 5368 cum
312 5311 410 5368 abbata
438 5327 534 5382 pacem
562 5311 673 5382 iaciens,
693 5311 873 5370 reverentiam
892 5310 919 5368 ci
1009 5312 1042 5366 lit
1067 5326 1118 5367 nos
1136 5311 1245 5382 quidem
1264 5311 1326 5369 licet
1352 5310 1386 5369 de
1404 5319 1607 5389 recuperatione
1634 5323 1772 5389 electionis

119 5408 273 5483 peremnia
286 5408 356 5464 siem
375 5424 455 5481 papae
473 5408 610 5481 persolvit.
632 5405 753 5478 Qualiter
771 5415 860 5464 autem
876 5407 921 5465 rel
973 5407 1066 5465 domni
1090 5407 1196 5465 abbatis
1224 5409 1324 5467 montis
1341 5409 1431 5468 Casini
1449 5431 1466 5471 a
1483 5416 1644 5487 quibusdam
1671 5433 1771 5486 sanem

118 5505 257 5579 quomodo
271 5506 386 5561 Romam
401 5505 440 5561 ire
454 5505 588 5578 disponat,
605 5506 734 5577 quoniam
747 5505 920 5576 praesentium
973 5504 1101 5562 Ecclesm
1114 5507 1193 5564 Rom.
1209 5504 1344 5582 episcopis
1366 5516 1393 5565 et
1415 5512 1596 5574 canlinalibus
1608 5520 1770 5594 presbyteria

118 5603 198 5673 lator,
207 5601 389 5676 stparagrini,
401 5600 532 5675 quidquid
543 5610 687 5676 postquam
702 5618 718 5659 a
734 5600 813 5658 nobis
828 5618 921 5660 reces-
974 5601 1188 5671 dissenserimus,
1225 5604 1297 5662 unda
1324 5604 1460 5679 aliquibus
1486 5608 1594 5670 illomm
1620 5631 1668 5673 cur
1692 5616 1771 5675 nobis

119 5706 213 5763 urunt
223 5714 274 5777 per
286 5698 409 5775 &param
428 5707 596 5761 massanus
609 5701 644 5758 de
658 5699 814 5772 huiusmodi
831 5715 921 5776 appa·
976 5697 1055 5756 aliter
1067 5698 1214 5771 rideretur,
1231 5700 1313 5762 etiam
1326 5705 1400 5780 apud
1413 5706 1533 5783 Capuam
1543 5711 1636 5783 wem
1651 5710 1770 5773 redonas
