3780 6038
114 232 168 289 77⁹

115 368 206 421 mum,
222 362 249 408 et
262 352 351 408 asinus
375 366 495 423 praesepe
518 348 621 404 domiui
634 346 674 402 sui
686 349 751 414 (isa.
767 348 800 418 i).
826 370 837 395 i
861 348 909 401 t'i-
924 348 952 408 A

116 451 198 507 debat
213 450 240 505 iu
255 448 385 521 praesepio
396 447 445 503 Dei
462 446 571 513 Filium,
592 462 670 499 suuni
686 444 792 509 Filium,
808 445 917 499 unicum

116 539 213 594 Filium
228 537 392 611 vagientem.
418 535 531 591 Videbat
557 552 585 589 se
607 533 640 588 de
664 532 745 604 stirpe
769 532 855 587 David
879 549 918 587 or-

116 724 271 780 Bethlehem
301 723 447 794 peperisse,
474 737 587 792 quorum
612 720 733 774 omnium
767 718 918 773 testimonia

117 815 145 868 iii
160 813 304 883 prophetia
320 813 434 883 legerat.
452 814 595 879 Coniparat
611 825 676 879 ergo
699 808 782 864 rerba
801 808 917 876 proplie-

115 925 201 971 tamm
217 915 303 984 lacus,
322 922 349 968 et
363 915 390 968 iii
405 914 531 970 omuibus
557 910 638 966 liabet
662 918 820 981 argumenta
842 907 914 963 lidei.

115 1014 143 1069 Si
160 1014 244 1069 llario
258 1030 275 1067 a
290 1012 442 1084 pastoribus
452 1011 555 1075 didicit,
567 1008 702 1063 discamus
720 1015 747 1062 et
762 1024 811 1061 nos
831 1022 847 1061 a
869 1024 915 1060 sa-

112 1103 299 1161 ramalibus«
317 1103 349 1155 Et
363 1100 463 1156 reversi
476 1107 538 1153 suut
554 1105 674 1169 pastores
693 1094 875 1166 glorificantes
889 1102 916 1149 et

114 1192 256 1247 laudantes
270 1191 357 1244 Deuiii
374 1191 400 1243 in
417 1188 543 1244 omnibus
558 1202 619 1255 (puae
634 1185 773 1241 audierant
788 1192 815 1239 et
836 1183 914 1239 ride-

117 1297 186 1358 rant,
203 1289 272 1343 sicut
288 1287 387 1340 dictum
403 1294 442 1339 est
456 1284 489 1339 ad
505 1285 573 1339 illos.
593 1308 603 1330 i
621 1283 660 1336 lle
675 1282 716 1335 liis
737 1297 797 1350 quen
820 1281 914 1335 audie-

112 1385 173 1434 rant
188 1378 222 1432 ab
239 1376 345 1448 augelis
359 1373 505 1429 laudabant
520 1373 616 1439 Deum,
633 1378 659 1425 et
673 1370 706 1424 de
725 1371 766 1424 liis
791 1386 850 1438 qum
870 1369 912 1422 ri-

111 1460 611 1536 demutinBetlilelieuigloiiiioebant
634 1476 705 1515 euni.
730 1458 783 1514 Sed
805 1467 830 1514 et
851 1475 912 1512 iiia-

111 1563 188 1634 gistri
208 1560 387 1633 spiritualium
417 1574 532 1630 gregum
564 1556 645 1611 modo
677 1554 796 1609 fidelium
829 1562 914 1608 castra

112 1653 234 1719 lustrant,
252 1648 391 1721 probitatis
406 1647 531 1715 exempla
546 1644 701 1716 qiiaereudo,
716 1642 797 1698 niodo
812 1642 846 1696 ad
862 1658 913 1713 pa-

111 1739 212 1797 storale
228 1738 347 1795 officium
363 1736 475 1791 redeunt
500 1734 632 1789 docendo.
659 1734 792 1788 Praeti-rea
815 1740 914 1785 iiotaii-

112 1839 188 1903 dum,
205 1853 286 1907 quare
303 1835 385 1891 Filius
399 1834 495 1887 missus
509 1840 550 1886 est
564 1831 652 1902 potius
666 1846 746 1899 quum
772 1830 848 1882 Fater
871 1826 913 1883 iel

114 1927 230 1997 Spiritus
245 1931 362 1980 sanctus.
378 1922 443 1977 lileo
458 1922 541 1976 Filius
566 1919 662 1973 missus
687 1926 735 1986 est,
759 1934 814 1971 nou
837 1916 914 1971 Fater

111 2025 157 2071 aut
173 2014 288 2087 Spiritus
301 2020 419 2077 sanctus
437 2010 501 2080 quia
518 2007 710 2063 iiicouieuieiis
730 2015 786 2061 erat
808 2013 837 2059 iit
858 2007 912 2059 l’a-

112 2122 152 2168 ter
165 2112 200 2169 ab
214 2111 267 2166 alio
287 2109 437 2164 mitteretur
450 2107 495 2177 qui
511 2122 564 2160 non
580 2112 637 2159 erut
650 2105 684 2159 ab
699 2104 762 2158 alio.
788 2103 816 2155 Si
841 2103 912 2157 enim

112 2203 146 2258 ab
162 2201 215 2256 alio
231 2200 389 2263 mitteretur,
408 2196 500 2252 abillo
516 2195 606 2249 i'enire
622 2194 761 2247 liiibereta
777 2208 829 2262 cpio
853 2192 913 2247 iiiit-

110 2297 222 2355 teretur,
238 2297 263 2342 et
278 2295 348 2341 esset
369 2286 406 2339 illi
430 2283 505 2354 quasi
529 2281 664 2353 quoddam
690 2281 851 2350 principium
878 2280 912 2334 ab

110 2387 159 2461 illo
175 2402 192 2443 a
207 2402 260 2457 quo
276 2384 435 2439 mitteretur.
452 2382 597 2453 Propterea
611 2394 677 2451 ergo
700 2379 778 2433 Pater
800 2379 834 2433 ab
858 2378 911 2432 alio

112 2475 181 2531 mitti
196 2490 250 2531 noii
265 2472 356 2539 babet,
372 2471 435 2541 quia
448 2470 482 2525 ab
497 2470 550 2524 alio
573 2486 630 2523 esse
653 2483 706 2522 uon
730 2467 823 2522 liabct.
851 2467 912 2521 ltlis-

114 2582 160 2621 sus
174 2571 213 2620 est
227 2569 316 2618 auteni
332 2560 448 2632 primum
463 2558 555 2624 Filius,
572 2557 616 2626 qui
639 2572 654 2611 a
675 2556 733 2610 solo
757 2557 837 2610 Patre
861 2563 909 2623 est,

113 2661 212 2718 deinde
227 2661 308 2716 etiam
324 2658 440 2730 Spiritus
453 2663 570 2721 sanetus,
587 2655 631 2723 qui
647 2662 685 2707 est
701 2671 717 2709 a
731 2655 808 2707 Patre
824 2661 849 2706 et
865 2654 883 2707 F
886 2654 911 2706 i-

109 2751 158 2807 lio.
176 2750 293 2805 Primum
319 2747 401 2802 Filius
423 2746 496 2800 renit
519 2752 547 2799 ut
574 2744 751 2799 liberarentur
777 2742 899 2797 liomiiies

107 2840 203 2895 Postea
214 2837 328 2909 Spiritus
346 2842 453 2891 sanetus
476 2833 549 2891 uenit
571 2840 601 2886 iit
623 2831 746 2886 homines
770 2830 911 2887 beatifica-

110 2944 212 2991 rentur.
230 2934 348 2989 Primum
364 2932 409 2986 ille
424 2948 440 2986 a
455 2931 526 2986 niolo
541 2929 675 2993 liberarit,
691 2936 786 2999 postea
805 2928 854 2983 iste
876 2926 910 2982 ad

111 3025 185 3080 liena
212 3022 358 3079 revocarit.
391 3020 437 3075 llle
465 3018 576 3073 abstulit
603 3017 676 3086 quod
703 3017 900 3071 sustinebamus

109 3114 158 3168 isto
172 3111 288 3167 reddidit
302 3110 375 3180 quod
389 3107 601 3181 perdideramus.
629 3105 706 3160 l'enit
726 3104 807 3160 Filius
829 3113 909 3159 iiiitii-

109 3211 174 3265 ralis
189 3209 286 3264 missus
301 3224 317 3262 a
333 3207 409 3261 Patre
435 3213 464 3260 ut
487 3203 655 3275 adoptandos
676 3202 704 3257 iii
727 3203 909 3257 liaireditateiii

107 3306 226 3365 roraret,
247 3303 274 3352 et
292 3310 453 3350 consensum
482 3309 560 3347 suuiii
588 3299 617 3345 ut
643 3291 731 3363 gratia
759 3291 911 3362 adoptionis

110 3386 308 3457 comprobaret.
327 3384 420 3452 Neque
436 3381 507 3436 eniiii
523 3381 579 3435 sine
594 3396 726 3435 consensu
741 3379 801 3434 Filii
819 3396 835 3434 a
860 3379 911 3433 Fa·

112 3493 150 3539 tro
165 3481 246 3538 alieni
260 3483 288 3535 in
304 3480 488 3536 liarulitatem
502 3478 617 3533 ducendi
641 3485 725 3532 eraut.
752 3478 822 3531 llisit
845 3493 911 3547 ergo

112 3574 191 3627 Pater
205 3585 253 3642 pro
267 3568 338 3636 liliis,
357 3569 430 3623 renit
444 3567 526 3623 Filius
553 3582 602 3636 pro
632 3567 765 3633 iratribus,
795 3566 858 3636 quia
885 3567 912 3619 in

113 3662 190 3719 Putre
205 3667 231 3714 et
245 3659 313 3713 Filio
328 3656 495 3727 paternitatis
514 3664 541 3709 et
564 3655 699 3711 liliatioiiis
722 3672 820 3710 uaiiieu
843 3671 912 3711 coii-

115 3765 178 3824 stat,
193 3763 222 3812 ut
237 3755 297 3811 Filii
311 3771 410 3810 nomeu
435 3753 581 3825 adoptandi
606 3754 784 3824 perciperent,
812 3761 837 3807 et
866 3768 914 3822 per

113 3848 188 3903 illum
203 3845 280 3916 eujus
293 3852 351 3900 erat
364 3853 390 3898 et
403 3843 438 3899 ab
452 3843 498 3898 illo
513 3859 529 3897 a
543 3858 595 3912 quo
611 3851 676 3897 erat.
702 3843 778 3896 Vettii
802 3842 912 3911 sapien-

114 3937 159 4005 tia,
175 3942 203 3990 ut
217 3934 301 3990 bostis
321 3933 424 3988 ratione
448 3931 607 3999 vinceretur,
632 3939 659 3985 et
681 3939 709 3984 ut
731 3930 913 3984 liabitaouliim

112 4050 189 4089 suum
205 4034 264 4104 ipsa
277 4032 435 4100 uindicaret,
452 4030 523 4100 quod
548 4029 650 4084 malitia
671 4027 837 4099 possidebat.
863 4028 914 4095 Qui

117 4124 189 4179 enim
205 4122 301 4178 astutia
313 4122 422 4188 riserat,
435 4118 538 4189 justum
554 4118 604 4172 fuit
620 4124 650 4171 iit
672 4133 725 4171 uon
749 4116 913 4179 fortitudine,

114 4213 162 4268 sed
178 4211 321 4283 pmdeutia
335 4210 496 4272 uinceretur,
512 4215 540 4261 ut
555 4208 581 4260 iii
597 4206 692 4279 euclem
708 4207 734 4259 in
749 4222 802 4275 cpio
824 4222 853 4259 se
876 4206 915 4259 ri·

113 4318 171 4364 otor
189 4315 311 4363 erexerat
333 4308 418 4363 rietus
445 4314 615 4360 sterneretur.
648 4305 742 4359 Factus
769 4311 809 4358 est
837 4304 917 4357 Filius

683 223 852 281 limitabat
872 223 1014 279 ABBATIS
1034 222 1062 278 S.
1084 222 1191 277 enisu

1715 221 1765 275 78⁰

1074 347 1150 417 Quod
1164 348 1239 402 solus
1254 347 1343 403 Filias
1353 362 1470 403 earnem
1484 345 1656 417 surreperet.

1006 483 1085 552 Quod
1098 484 1170 538 solus
1185 482 1267 537 Filius
1280 499 1389 538 carnem
1413 481 1558 552 susceperit
1583 480 1617 535 ali
1638 479 1702 534 liiiio
1723 478 1766 533 vi·

293 625 321 637 ..
496 624 501 634 .
562 625 569 639 .
805 621 824 647 .,
891 620 896 630 .
970 579 1088 634 dandum
1103 580 1162 633 erit.
1179 579 1231 636 Sed
1248 580 1316 635 sorte
1331 579 1412 648 aliqui
1435 585 1512 633 emut
1534 576 1580 647 qui
1603 576 1719 631 dicant:
1741 574 1767 630 Si

118 636 184 693 tam,
201 626 235 681 de
252 626 352 698 Spiritu
377 633 469 680 sancto
495 641 522 677 in
545 624 677 678 bazaretli
701 637 865 691 concepisse,
890 637 917 674 iii
971 668 976 678 .

971 669 1158 738 insepambilia
1178 676 1239 722 sunt
1266 684 1349 737 opera
1372 667 1516 734 Trinitatis,
1544 680 1610 737 ergo
1639 662 1769 734 quidquid

972 756 1033 811 lacit
1050 757 1139 822 Filius,
1157 757 1219 811 lecit
1232 758 1319 812 Pater.
1336 756 1364 811 Si
1380 763 1468 811 autem
1484 770 1565 809 omne
1589 752 1664 823 quod
1688 752 1769 807 Filius

972 851 1043 919 lacit,
1061 853 1124 909 lacit
1138 861 1164 908 et
1177 855 1255 909 Fater
1274 854 1366 915 (loun.
1393 853 1433 922 r),
1457 867 1534 923 ergo,
1559 851 1581 904 si
1606 850 1692 906 Filius
1712 866 1769 904 car-

969 958 1031 995 uem
1047 943 1199 1010 assumpsit,
1227 950 1254 996 et
1282 942 1360 996 Pater
1387 957 1494 995 carnem
1523 939 1677 1009 assumpsit,
1708 940 1770 1008 quia

970 1031 1051 1084 Filius
1065 1032 1122 1086 sine
1138 1032 1216 1086 Putre
1237 1046 1345 1085 eameni
1374 1045 1511 1085 assumere
1538 1044 1593 1083 nou
1621 1029 1721 1098 potuit,
1748 1028 1769 1082 si

969 1127 1034 1180 niliil
1049 1129 1107 1181 siue
1125 1128 1202 1182 Patre
1218 1128 1306 1182 lacere
1329 1127 1424 1198 potuit.
1446 1126 1499 1182 Sed
1521 1125 1564 1180 hie
1587 1125 1678 1196 primo
1703 1140 1770 1180 coii-

968 1215 1139 1271 siderandum
1167 1224 1217 1281 est,
1248 1217 1320 1285 quia,
1349 1231 1410 1270 eum
1438 1214 1535 1269 dieitur
1562 1214 1654 1269 lacere
1691 1212 1772 1267 Filius

968 1320 1048 1358 omne
1063 1306 1134 1374 quod
1146 1306 1224 1359 Pater
1244 1305 1316 1369 lacit,
1334 1303 1367 1358 de
1391 1304 1437 1358 illa
1460 1303 1588 1356 nimimm
1614 1301 1771 1373 operatione

969 1401 1171 1473 intelligendum
1187 1410 1226 1456 est
1240 1417 1293 1470 qua
1308 1410 1457 1455 ereaturam
1472 1416 1548 1455 suam
1563 1399 1668 1465 condit,
1684 1407 1712 1454 et
1731 1415 1771 1454 re·

967 1490 1016 1560 git,
1033 1498 1059 1543 et
1074 1490 1192 1560 disponit
1207 1489 1331 1545 conditor
1344 1497 1371 1543 et
1385 1489 1477 1558 opilex
1492 1488 1574 1544 Deus.
1591 1490 1623 1542 lu
1639 1504 1694 1558 qua
1709 1503 1770 1558 ope·

967 1578 1071 1631 ratione
1088 1580 1165 1634 Pater
1184 1587 1211 1633 et
1235 1579 1317 1632 Filius
1340 1585 1365 1633 et
1390 1577 1505 1648 Spiritus
1528 1584 1638 1632 sanetus
1661 1576 1771 1631 omnino

969 1676 1087 1745 sepmari
1102 1692 1155 1730 nou
1170 1684 1290 1744 possunt,
1309 1676 1372 1745 quia
1396 1675 1424 1728 iri
1452 1674 1550 1729 deitate
1578 1689 1635 1727 una
1662 1673 1690 1727 iii
1720 1689 1771 1743 qua

969 1772 994 1817 et
1010 1781 1058 1835 per
1073 1781 1153 1832 apuam
1169 1771 1315 1834 operantur
1329 1779 1411 1818 uuum
1426 1770 1499 1817 suut.
1527 1763 1593 1817 llaeo
1616 1770 1709 1817 autem
1733 1763 1770 1817 id·

968 1853 1040 1907 circo
1063 1854 1096 1907 de
1120 1853 1213 1907 (lirina
1237 1853 1395 1923 operatione
1419 1851 1623 1922 distinguimus,
1650 1867 1684 1906 ue
1714 1851 1771 1921 quis

967 1958 1059 2004 cotitra
1074 1950 1101 2003 id
1116 1950 1188 2019 quod
1202 1949 1302 2003 diotuiii
1317 1958 1378 2004 est:
1398 1972 1408 1996 u
1427 1949 1525 2005 Ouinia
1549 1966 1611 2020 quae
1637 1949 1702 2004 lacit
1722 1950 1769 2004 Pa-

967 2046 1015 2103 ter,
1033 2039 1227 2093 liancetFiliiis
1249 2039 1322 2105 lacit,
1341 2064 1352 2085 i
1383 2037 1575 2109 opponendum
1605 2045 1682 2109 putet
1710 2039 1770 2107 quia

968 2128 1044 2182 l'ater
1057 2128 1155 2199 giguit,
1167 2127 1238 2196 quod
1254 2127 1335 2181 Filius
1350 2143 1403 2182 nori
1425 2127 1497 2194 lacit,
1522 2134 1549 2180 et
1571 2126 1654 2180 Filius
1675 2126 1767 2199 gigni-

967 2233 1016 2287 tur,
1033 2225 1103 2294 quod
1117 2225 1257 2279 Paternou
1269 2224 1341 2279 lauit.
1363 2224 1392 2279 Si
1411 2223 1483 2279 eiiiui
1502 2224 1584 2278 Filius
1603 2224 1675 2279 sicut
1694 2224 1769 2280 Pater

965 2314 1100 2384 gigneret,
1117 2314 1194 2368 Pater
1213 2321 1291 2379 esset,
1307 2320 1333 2367 et
1348 2313 1370 2367 si
1386 2313 1463 2367 Pater
1476 2313 1544 2368 sicut
1566 2312 1652 2367 Filius
1674 2314 1768 2385 gigue-

965 2411 1047 2469 rirtur,
1061 2400 1143 2456 Filius
1152 2409 1230 2455 esset.
1243 2404 1336 2470 ltaque
1348 2418 1381 2455 ue
1392 2402 1459 2470 quis,
1474 2408 1618 2471 propterea
1634 2402 1700 2470 quia
1723 2402 1766 2456 it-

966 2499 1015 2551 lius
1029 2514 1082 2553 noii
1097 2498 1194 2569 giguit,
1207 2499 1278 2567 quod
1289 2499 1366 2552 Pater
1386 2497 1457 2562 sarit,
1478 2497 1648 2553 existimaret
1671 2498 1765 2553 Filium

964 2604 1019 2641 uoii
1035 2588 1122 2642 sociere
1137 2602 1314 2656 quaecumque
1328 2588 1406 2641 Pater
1420 2587 1492 2655 lacit,
1508 2587 1625 2642 dicimus
1641 2588 1705 2658 quia
1719 2589 1766 2643 lior

965 2676 998 2730 de
1013 2677 1058 2730 illa
1070 2676 1225 2746 operatione
1240 2675 1445 2748 intelligendum
1460 2683 1499 2729 est
1522 2692 1576 2746 qua
1600 2677 1644 2731 rel
1666 2684 1766 2732 creatu·

964 2789 1022 2826 nim
1038 2780 1174 2842 operatur,
1191 2780 1218 2826 ut
1232 2772 1302 2842 quod
1314 2789 1371 2827 non
1381 2780 1439 2828 erat
1452 2790 1510 2829 esse
1526 2773 1649 2845 iiioipiat,
1674 2776 1719 2829 rel
1741 2776 1766 2828 in

964 2870 1085 2915 ereatura
1100 2869 1236 2932 operatur,
1253 2862 1362 2932 iitquod
1380 2864 1479 2916 liietiini
1504 2870 1543 2916 est
1573 2862 1600 2916 iii
1630 2879 1664 2918 eo
1697 2862 1765 2934 quod

965 2951 1063 3005 laetuiii
1077 2959 1114 3004 est
1122 2950 1256 3004 subsistat.
1271 2949 1309 3004 lbi
1321 2950 1392 3003 eniiii
1413 2958 1467 3005 tota
1486 2950 1605 3005 Triiiitas
1630 2951 1765 3022 insepara-

903 3058 909 3084 ²
925 3051 950 3113 C
965 3049 1054 3101 biliter
1068 3054 1202 3118 operatur,
1221 3047 1265 3101 ubi
1281 3063 1329 3101 nec
1346 3048 1452 3101 Patera
1474 3047 1551 3115 Filio,
1577 3064 1630 3103 uec
1653 3049 1765 3103 Filiusa

967 3138 1051 3201 Pelio,
1065 3153 1112 3190 iiee
1124 3135 1237 3207 Spiritus
1249 3144 1355 3190 sanctus
1370 3137 1404 3190 ab
1419 3144 1532 3205 utroque
1557 3136 1584 3189 in
1610 3139 1765 3207 operatione

964 3232 1111 3295 separatur.
1138 3226 1166 3277 ln
1190 3240 1273 3295 opera
1296 3223 1396 3295 quippe
1417 3225 1538 3293 operatio
1559 3225 1673 3295 proprie
1695 3225 1765 3281 desi·

965 3329 1072 3394 gratur.
1088 3322 1158 3375 Nam
1174 3321 1201 3375 in
1216 3338 1248 3377 co
1264 3322 1335 3391 quod
1354 3322 1453 3376 lactum
1475 3330 1596 3389 nonest,
1627 3324 1702 3394 quod
1729 3331 1766 3379 est

967 3412 1037 3465 lleus
1054 3426 1107 3465 non
1123 3410 1186 3465 sarit
1201 3411 1268 3480 ipse,
1285 3411 1332 3463 sed
1353 3418 1453 3465 tantum
1479 3419 1528 3466 est.
1558 3413 1590 3465 ln
1621 3428 1654 3468 eo
1680 3421 1764 3469 autem

966 3498 1037 3571 quod
1053 3498 1151 3554 lactum
1167 3506 1215 3566 est,
1232 3499 1266 3553 ab
1280 3498 1326 3554 illo
1342 3498 1432 3569 utique
1446 3499 1545 3553 lactum
1561 3506 1602 3554 est
1617 3517 1633 3555 a
1648 3517 1704 3572 quo
1725 3501 1764 3556 la·

967 3605 1039 3653 ctuiii
1056 3605 1096 3652 est
1110 3612 1191 3651 oniue
1213 3597 1285 3666 quod
1310 3596 1407 3650 laetum
1431 3604 1479 3651 est.
1505 3597 1555 3652 llic
1578 3613 1647 3671 ergo
1678 3600 1764 3655 omnia

968 3702 1027 3755 rpite
1044 3686 1106 3741 liiifit
1122 3687 1208 3751 Pater,
1225 3693 1250 3740 ct
1267 3685 1347 3739 Filius
1363 3685 1426 3739 lacit
1439 3685 1562 3740 siriiiliter
1576 3688 1672 3756 (loun.
1689 3696 1728 3759 r).
1740 3690 1764 3743 ln

968 3777 1017 3829 liae
1034 3775 1122 3845 itaque
1138 3774 1304 3845 operatione,
1321 3775 1384 3844 quiri
1404 3774 1491 3829 caruis
1514 3776 1666 3847 assumptio
1692 3777 1763 3833 inre-

968 3871 1046 3939 uitur,
1065 3870 1201 3941 quomodo
1216 3870 1266 3923 soli
1282 3869 1348 3923 Filio
1363 3868 1505 3924 conveniat
1519 3877 1546 3923 et
1560 3887 1616 3925 non
1632 3872 1704 3928 Patri
1718 3889 1765 3929 uon

970 3959 1191 4014 iucourenicntcr
1219 3958 1354 4028 quaritur.
1385 3958 1452 4012 Cum
1481 3957 1553 4012 enirn
1582 3958 1684 4015 dicitur
1710 3961 1765 4032 quia

970 4048 1052 4103 Filius
1078 4064 1185 4102 earnem
1208 4047 1359 4117 assumpsit,
1390 4062 1457 4119 opus
1485 4046 1577 4116 utique
1605 4048 1765 4120 significatur

970 4145 1041 4215 quod
1056 4144 1137 4199 Filius
1154 4143 1226 4209 lacit,
1249 4159 1263 4197 a
1288 4159 1340 4211 quo
1360 4158 1441 4211 opere
1464 4143 1485 4197 si
1508 4144 1586 4198 Pater
1608 4146 1763 4212 excluditur,

969 4247 1022 4286 non
1038 4230 1129 4285 omnia
1153 4246 1213 4298 qiiae
1240 4229 1304 4283 lacit
1331 4227 1423 4292 Filius,
1452 4228 1530 4282 Pater
1556 4238 1700 4301 operatur.
1729 4234 1763 4285 ilii

970 4317 1229 4389 sortequiadictum
1245 4324 1362 4382 nonest,
1387 4316 1479 4371 omnia
1502 4332 1563 4386 quae
1584 4318 1651 4374 iecit
1679 4319 1763 4387 Filius,

115 4407 163 4460 llei
178 4405 248 4459 lilius
263 4404 389 4468 liomiiiis,
405 4411 435 4456 ut
448 4403 517 4457 lilios
531 4403 669 4456 lioiuiiiiim
684 4400 752 4456 lilios
767 4402 815 4455 llei
838 4401 913 4456 lare·
927 4409 954 4470 D
970 4417 1047 4473 papir
1063 4416 1134 4483 sccii,
1150 4414 1197 4468 5041
1213 4430 1388 4484 quaecumque
1403 4414 1480 4468 pares
1495 4414 1569 4484 papii,
1591 4417 1652 4472 ιω
1676 4427 1703 4473 01
1726 4417 1763 4473 pi.

115 4503 164 4560 rat,
177 4501 204 4547 et
214 4509 248 4547 no
259 4493 318 4546 Filii
330 4507 429 4547 nomen
441 4491 475 4545 ad
489 4490 601 4545 alteram
622 4490 743 4543 transiret
759 4505 912 4558 personam,

115 4602 142 4651 et
155 4601 243 4649 essent
262 4592 288 4646 iii
304 4590 433 4646 Trinitate.
446 4589 499 4644 duo
514 4589 572 4655 lilii,
589 4596 615 4642 et
629 4588 837 4644 contunderetur
858 4590 915 4644 Tri·

116 4683 207 4738 nitatis
221 4680 358 4736 discretio.
376 4679 403 4733 Si
427 4678 500 4732 euim
523 4679 600 4732 Pater
622 4692 731 4731 earnem
752 4679 913 4748 assumpsis-

114 4780 163 4841 set,
181 4771 253 4825 idem
269 4770 327 4839 ipse
342 4775 368 4823 et
383 4768 461 4821 l’ater
475 4774 501 4821 ct
523 4766 605 4821 Filius
628 4774 720 4821 esset:
750 4766 828 4820 Pater
855 4767 914 4821 Filii

116 4884 197 4940 quem
212 4868 305 4941 genuit
320 4883 353 4923 eii
369 4865 528 4934 retemitnte,
545 4873 570 4920 et
590 4866 672 4920 Filius
700 4866 792 4920 matris
819 4882 835 4921 a
863 4882 915 4935 qua

114 4958 222 5030 genitus
235 4965 305 5013 esset
318 4974 350 5012 eii
368 4965 502 5026 tempore.
522 4956 550 5012 Si
565 4968 654 5010 autem
671 4955 784 5026 Spiritus
807 4964 915 5011 sanctus

115 5061 224 5101 earnem
239 5045 423 5117 assumpisset,
440 5043 492 5099 duo
519 5044 577 5099 Filii
601 5043 629 5098 in
651 5042 787 5099 Tnniuate
810 5052 909 5099 esseut.

114 5141 382 5198 AlterFiliusPatris
411 5139 467 5196 sine
496 5150 592 5209 matre,
620 5142 687 5197 alter
716 5141 796 5197 Filius
824 5143 915 5210 matris

114 5225 171 5278 siue
188 5235 271 5296 patre.
287 5227 328 5281 Ne
344 5242 409 5298 ergo
425 5225 680 5281 incommunicabile
695 5243 792 5281 nomeu
807 5226 914 5282 diride-

114 5331 196 5393 retur,
212 5326 296 5380 Filius
309 5326 382 5382 solus
397 5343 504 5381 caruem
520 5329 645 5399 suscepit,
662 5337 691 5383 iit
705 5347 772 5384 unus
794 5337 820 5385 ct
842 5329 914 5384 idem

116 5419 223 5469 essolet
237 5410 320 5468 Filius
339 5414 398 5483 Dei,
424 5422 450 5469 et
467 5414 537 5470 filius
555 5417 693 5473 lioniinis:
714 5401 797 5472 Filius
809 5418 860 5473 Dei
874 5436 915 5473 se-

114 5510 230 5565 cundum
246 5509 413 5564 divinitatem
429 5512 535 5583 genitus
549 5532 564 5569 a
580 5516 667 5578 Patre,
693 5515 773 5571 Filius
797 5516 914 5570 lioniiiiis

113 5600 259 5657 seeiiiuliiiii
281 5598 472 5654 liiiiuuiiituteiii
488 5610 563 5657 uatus
578 5621 610 5657 ei
627 5614 720 5658 iiiutiu.

969 4506 1019 4561 lius
1039 4506 1112 4573 lacit,
1133 4502 1341 4559 existimandum
1361 4510 1399 4557 est
1421 4502 1512 4557 omnia
1537 4503 1649 4572 quidem
1675 4506 1763 4561 Filium

970 4597 1129 4664 tacereque
1144 4591 1305 4657 Paterlaoit,
1332 4590 1455 4661 quaedam
1478 4598 1568 4646 autem
1598 4594 1699 4650 Filium
1726 4595 1763 4650 la-

969 4708 1030 4749 cere
1041 4688 1329 4761 quael'aternoiilaeit.
1347 4687 1431 4751 Absit,
1449 4688 1495 4742 sed
1512 4689 1680 4761 omniaquae
1695 4693 1764 4748 Pater

970 4777 1241 4846 laoitFiliiislacit,et
1251 4776 1407 4846 ouiniaquae
1414 4775 1496 4831 Filius
1509 4776 1583 4847 lacit,
1599 4778 1681 4835 Pater
1696 4780 1762 4849 lacit,

970 4870 1033 4941 quia
1047 4869 1073 4922 iii
1088 4883 1120 4923 eo
1136 4867 1208 4937 quod
1224 4865 1250 4918 iu
1265 4865 1369 4919 Deitate
1385 4880 1467 4919 unum
1481 4871 1552 4933 sunt,
1569 4866 1598 4920 in
1613 4869 1763 4939 operatione

968 4967 1087 5041 separari
1102 4981 1156 5021 uon
1171 4972 1291 5035 possunt.
1308 4964 1396 5019 Omne
1409 4979 1475 5036 ergo
1490 4964 1561 5034 quod
1588 4965 1674 5023 Filius
1697 4968 1762 5035 lacit,

969 5060 1048 5114 Pater
1064 5055 1136 5121 iaeit,
1153 5054 1216 5124 quia
1232 5054 1259 5107 iii
1274 5052 1414 5107 divinitate
1429 5068 1481 5122 qua
1503 5053 1587 5108 Filius
1616 5064 1658 5112 est
1682 5056 1763 5113 Patris

970 5148 1108 5219 quiricum
1124 5145 1200 5199 Patre
1216 5157 1297 5196 urium
1309 5148 1358 5207 est,
1371 5141 1436 5195 nitiil
1448 5140 1512 5196 lacit
1532 5142 1591 5199 sine
1611 5147 1763 5215 operatione

970 5245 1065 5299 l‘atiis.
1102 5242 1174 5297 Fecit
1207 5240 1331 5309 ipiaedam
1365 5240 1391 5294 iii
1423 5241 1590 5296 humanitate
1622 5243 1764 5300 secundum

970 5350 1049 5405 quain
1065 5331 1148 5387 Filius
1163 5331 1247 5385 Patris
1261 5346 1315 5384 uon
1331 5337 1397 5397 erat,
1414 5329 1476 5399 quia
1495 5331 1633 5388 nascendo
1652 5350 1669 5390 a
1693 5334 1765 5389 Patre

969 5440 1023 5479 uon
1038 5429 1187 5492 acceperat.
1209 5418 1276 5489 Qum
1290 5425 1433 5490 propterea
1456 5418 1490 5474 ad
1513 5420 1601 5476 solam
1625 5436 1764 5495 personam

969 5521 1027 5576 Filii
1043 5520 1203 5586 reseruntur,
1220 5517 1283 5589 quia
1297 5532 1329 5572 ea
1348 5515 1376 5571 iri
1399 5515 1445 5571 illa
1468 5522 1495 5571 et
1516 5519 1668 5577 secuudum
1694 5520 1763 5577 illam

969 5619 1091 5665 iiiitiiraiu
1108 5610 1179 5672 serii,
1208 5624 1288 5677 uiuam
1316 5622 1377 5661 eiiiu
1406 5606 1483 5660 Patre
1512 5623 1689 5667 communem
1714 5624 1764 5666 nori

968 5699 1071 5766 liubuit,
1086 5698 1133 5755 sed
1146 5698 1219 5753 salus
1237 5714 1270 5752 eu
1286 5704 1405 5768 tompore
1428 5696 1568 5769 pmpriam
1591 5699 1763 5774 singularite
