3780 6038
112 250 179 303 ¹097

573 233 863 293 pertentatortus
883 233 937 291 SS.
961 234 1114 292 PilTllUli.
1135 267 1169 277 -—
1185 237 1248 294 ata.
1264 239 1301 293 ll.

1689 252 1758 303 tatto

107 372 231 428 Cornedit
245 387 311 443 ergo
327 380 353 426 ot
366 369 447 434 bibit,
462 376 489 423 et
509 379 614 421 mesum
639 360 813 424 obdormivit,
839 358 908 413 scili·
922 358 948 417 A
964 372 1029 413 vora
1043 367 1070 413 et
1083 368 1184 417 aeterna
1198 361 1269 417 bone
1284 361 1449 433 affectantur,
1466 368 1573 436 quondo
1588 368 1674 427 tidelis
1696 387 1759 428 orn-

107 477 150 525 cet
163 470 191 524 in
204 484 272 541 pace
281 475 307 523 et
321 468 412 539 quieta
431 463 528 520 mentis
549 456 748 529 tranquillitate.
768 456 800 511 ttt
819 454 907 553 denuo

106 575 230 614 reversus
245 557 359 629 angelus
374 553 482 611 Domini
499 549 584 623 tetigit
605 563 678 614 euin,
703 545 823 614 dixitque
844 544 882 598 illi
899 559 905 594 :

109 671 121 696 ιι
139 647 226 719 Surge
241 646 292 711 (tlt
306 648 369 717 ch.
386 644 425 714 x),
444 666 454 691 ιι
481 640 507 696 id
532 645 570 695 est
596 636 629 691 ad
653 649 769 704 superna
794 640 820 687 te
840 631 908 686 sub-

108 745 180 814 leva,
194 745 240 815 qui
255 752 281 799 et
296 745 330 799 ad
343 741 507 814 discipulos:
528 761 538 786 ι
563 735 684 791 Dormito
708 732 779 802 Jam,
808 740 834 786 et
861 747 907 829 re-

110 834 253 905 quiescite:
265 831 362 887 suflicit
373 832 468 900 (ltere.
480 828 547 893 xiv).
561 847 572 872 ιι
581 820 788 890 Comede,idest
794 817 909 919 praeliba

110 931 136 978 et
157 922 287 994 gustede
307 922 410 976 interna
436 914 590 972 dulcedine.
622 910 685 967 Non
714 909 910 964 determinatur

111 1019 177 1090 quid
190 1019 367 1086 comederint,
383 1016 446 1087 quia
460 1020 553 1086 gustus
567 1011 638 1066 illius
661 1005 812 1063 dulcedinis
835 1003 907 1102 indi-

111 1108 201 1164 cibilis
212 1115 259 1176 est,
272 1107 328 1162 imo
339 1101 554 1175 inexcogitabilis
566 1115 572 1169 ;
593 1097 695 1167 acquiri
718 1100 814 1167 potest,
838 1098 909 1191 aisti·

114 1198 182 1252 niari
196 1213 249 1252 non
260 1203 356 1268 potest.
368 1193 436 1248 Huic
445 1189 556 1266 grandis
565 1188 609 1242 vin
619 1192 709 1252 restat,
721 1184 748 1238 id
763 1190 802 1239 est
817 1184 908 1237 clian-

112 1304 163 1362 tas,
181 1312 241 1367 quer
256 1295 455 1358 inmensaest,
470 1287 538 1344 adeo
563 1284 635 1357 quod
663 1284 749 1338 Derim
778 1280 812 1336 ad
840 1280 910 1334 lianc

113 1384 214 1441 vallem
228 1384 407 1454 lacrymarum
419 1376 557 1433 inclinavit
566 1383 595 1429 ut
605 1390 633 1428 se
644 1371 804 1427 exinaniret.
824 1368 909 1423 Gran-

111 1472 153 1528 dis
167 1472 306 1545 perfectio,
324 1486 384 1541 quae
408 1466 546 1523 bominem
566 1478 649 1533 usquo
672 1460 753 1515 aDei
770 1458 909 1513 dexteram

110 1567 278 1624 sublimavit.
298 1565 349 1635 Qui
364 1565 392 1618 in
406 1565 457 1618 line
471 1561 515 1617 ria
532 1559 602 1632 pede
621 1554 751 1613 inoffenso
775 1550 911 1609 incesserit

961 455 1041 511 nibus
1055 456 1215 514 transituriis
1229 460 1337 516 calcatis
1352 462 1379 516 in
1402 463 1488 519 solum
1517 465 1604 522 Deum
1632 470 1757 542 suspirat,

963 545 1032 599 liunc
1047 546 1109 608 sirit.
1122 548 1193 602 bunc
1201 549 1291 615 esurit,
1305 553 1375 606 liunc
1391 553 1500 625 cogitat.
1521 556 1568 611 Est
1587 573 1652 631 ergo
1671 567 1759 615 trans·

962 643 1080 697 eundum
1096 645 1129 700 de
1144 662 1236 702 amore
1252 651 1440 719 temporalium
1456 652 1489 707 ad
1505 670 1625 710 amorem
1640 664 1758 714 aetemo-

962 748 1032 798 rum,
1049 733 1118 788 sicut
1134 736 1236 790 uansiit
1249 738 1365 809 bleyses,
1382 740 1427 810 qui
1443 740 1509 797 vidit
1532 742 1629 799 rubum
1654 746 1758 814 ardere,

963 836 1012 876 nec
1027 821 1149 903 comburi
1163 822 1267 895 (Eroti.
1287 828 1328 895 v).
1362 826 1506 898 Obstupuit
1533 831 1642 901 quidem
1670 834 1759 904 primo

964 917 1008 985 qui
1024 918 1097 988 prius
1107 919 1190 974 sensit
1200 922 1280 976 alium
1292 923 1393 994 ignem,
1405 925 1507 981 scilieet
1517 943 1638 983 amorem
1653 929 1759 986 AEtliio-

962 1005 1121 1076 pissaesuae,
1139 1007 1220 1063 idest
1242 1011 1317 1079 prius
1344 1011 1478 1085 flagrabat
1505 1016 1599 1072 ardore
1627 1019 1760 1090 eoncupi-

963 1095 1081 1162 scentiae,
1098 1097 1143 1166 qui
1156 1096 1270 1153 oliiascat
1284 1108 1417 1158 amatores
1431 1118 1512 1174 sues;
1532 1105 1580 1160 sed
1604 1106 1661 1161 viso
1687 1106 1760 1177 quod

962 1192 1046 1247 rubus
1060 1193 1172 1250 ardebat
1186 1198 1467 1269 necconsuruebatur,
1496 1201 1556 1258 ait:
1589 1224 1601 1253 ι
1631 1205 1761 1261 'l'ransibo

964 1289 990 1335 et
1008 1281 1106 1337 videbo
1127 1282 1257 1340 visionem
1274 1285 1344 1341 hanc
1365 1303 1495 1360 magum
1529 1291 1632 1363 (ibid),
1669 1293 1761 1365 sicque

965 1370 1086 1426 transivit
1100 1370 1135 1425 ad
1149 1371 1240 1444 ignem
1256 1372 1341 1429 divini
1355 1376 1465 1432 amoris.
1486 1377 1535 1434 llic
1559 1380 1683 1437 transitus
1706 1399 1760 1437 non

964 1467 993 1523 tit
1008 1469 1056 1523 nisi
1071 1469 1158 1539 gratia
1172 1470 1232 1526 Dei.
1249 1470 1315 1543 Quae
1329 1490 1383 1529 una
1399 1474 1546 1531 secundum
1570 1476 1680 1534 allectus
1698 1497 1761 1536 suos

964 1557 1062 1627 triplex
1077 1574 1134 1613 esse
1149 1559 1266 1615 dicitur:
1293 1562 1383 1617 Prima
1411 1563 1499 1620 initiat
1525 1573 1554 1621 ut
1580 1582 1709 1624 vocemur
1735 1575 1762 1624 et

110 1664 199 1730 potest
209 1656 316 1712 dicere:
331 1677 342 1704 ιι
360 1649 543 1708 Transivimus
553 1647 702 1720 perignem
722 1643 812 1715 (Parit.
833 1643 908 1710 axv),
964 1646 1048 1700 simus
1063 1646 1169 1702 initium
1183 1656 1311 1706 creeturae
1329 1651 1410 1722 ejus3
1439 1654 1557 1711 secunda
1583 1657 1706 1727 provehit
1733 1665 1763 1714 ur

112 1742 410 1819 quiconsumitsouda,
426 1737 624 1810 consurgite
639 1733 753 1790 dissilire
779 1731 852 1798 ιιιιι,
878 1729 905 1784 u
920 1711 946 1771 B
960 1742 1165 1816 j„,·,fi„„„,3
1195 1747 1273 1803 „pia
1304 1759 1475 1806 consummar
1502 1759 1531 1807 u,
1562 1752 1757 1826 glorificemur.

111 1852 155 1900 est
172 1843 295 1911 adversa,
316 1849 343 1897 et
361 1857 409 1913 per
428 1853 525 1909 aquam
541 1850 601 1906 quae
615 1832 711 1899 mollit,
728 1830 756 1885 id
780 1836 820 1885 est
842 1842 909 1898 pro·
965 1832 1053 1889 Prima
1067 1833 1163 1890 dicitur
1176 1833 1385 1905 beneplacitam,
1401 1841 1519 1896 secunda
1547 1843 1682 1912 meritum,
1707 1853 1762 1900 ter·

112 1950 205 2006 spera.
221 1931 375 1988 Notandum
392 1922 666 2000 quodtribustnodis
688 1920 785 1976 dicitur
807 1916 907 1991 panis:
963 1922 1000 1976 tin
1016 1923 1167 1993 praemium.
1184 1925 1224 1981 De
1251 1925 1338 1996 prima
1365 1926 1462 1983 dicitur
1491 1948 1497 1984 :
1527 1930 1566 1986 De
1595 1931 1761 2002 plenitudine

114 2023 194 2078 Panis
212 2020 384 2095 purgatorius
401 2032 462 2073 cum
491 2011 678 2079 amaritudine,
707 2025 787 2081 quem
815 2022 909 2062 come-
964 2021 1301 2096 ejusomnesaoeepimus
1323 2026 1416 2097 (lm.
1434 2029 1480 2096 ,Ἡ
1509 2028 1543 2084 ὼ
1570 2030 1675 2087 duabus
1700 2032 1762 2087 mli·

113 2119 180 2175 dunt
194 2118 338 2186 initiantes,
355 2130 435 2186 quem
452 2108 587 2183 significat
614 2107 692 2178 panis
719 2103 911 2160 subcinericius
964 2111 1045 2181 quis:
1065 2134 1075 2160 ιι
1093 2111 1214 2168 Gratiam
1228 2128 1278 2183 pro
1293 2115 1379 2187 gmqa
1395 2116 1496 2187 (wig),
1515 2139 1526 2166 ‚,
1545 2118 1681 2193 idffipm
1700 2138 1761 2176 me·

113 2225 167 2280 quo
182 2207 297 2264 relectus
310 2213 351 2261 est
365 2203 448 2258 Elias.
466 2200 546 2255 Panis
558 2195 753 2254 consolatorius
766 2210 827 2249 curn
847 2192 909 2248 dul·
963 2199 1014 2254 rito
1029 2199 1185 2270 temporalis
1193 2200 1306 2269 militiae,
1317 2203 1459 2274 praemium
1469 2212 1577 2262 aeternoe
1586 2207 1690 2280 gloriae,
1708 2210 1762 2265 pe.

113 2297 207 2354 cedine
225 2316 231 2352 :
246 2295 318 2351 unde
332 2293 428 2349 dicitur
448 2288 622 2346 :Secundum
636 2283 834 2340 multitudinem
856 2282 909 2337 do·
964 2296 1000 2350 qx
1015 2297 1059 2352 hic
1073 2298 1198 2354 transitus
1212 2315 1265 2369 quo
1279 2300 1406 2356 transitur
1424 2302 1459 2358 ad
1481 2303 1652 2374 sapientiam·
1676 2305 1761 2375 Quis·

112 2395 200 2451 lorum
217 2409 340 2449 meomm
355 2391 383 2445 in
398 2388 478 2445 corde
493 2401 554 2441 meo
569 2381 766 2441 consolationes
784 2388 837 2436 tuae
865 2379 910 2435 lai-
963 2385 1074 2455 quissic
1089 2388 1201 2445 transire
1221 2388 1371 2461 incoeperit,
1393 2399 1488 2448 caveat
1515 2410 1698 2466 summopere,
1727 2411 1762 2453 no

111 2482 414 2541 tilicaveruutanimam
431 2493 520 2532 meam
549 2474 636 2546 (Prot.
670 2471 775 2540 rcrur).
811 2492 821 2519 ι
853 2471 910 2526 Hoc
963 2474 1123 2530 admodum
1138 2476 1231 2532 uxoris
1246 2477 1312 2533 Loth
1327 2487 1397 2536 retro
1412 2481 1544 2553 aspiciat;
1561 2483 1606 2553 qui
1621 2483 1679 2553 jam
1704 2500 1761 2541 rnn-

109 2580 256 2629 vescuntur
278 2568 457 2642 proficientes,
480 2563 552 2635 quod
585 2560 751 2635 significatur
779 2574 827 2630 per
857 2560 910 2615 hoc
962 2572 1099 2627 nusmisp
1112 2571 1289 2641 ,qq-mmm,
1305 2575 1396 2632 videa,
1410 2593 1443 2632 ne
1459 2577 1494 2632 ad
1517 2578 1688 2653 naufragium
1713 2598 1761 2638 m·

113 2671 186 2743 quod
201 2670 289 2726 denuo
299 2667 418 2724 comedit
436 2663 517 2719 Elias.
530 2660 612 2717 Panis
630 2658 833 2715 solitariuscum
850 2656 909 2712 lor·
963 2659 1034 2729 deat,
1050 2661 1083 2716 de
1098 2677 1152 2731 quo
1166 2663 1254 2717 nudus
1266 2665 1373 2735 evasit;
1390 2681 1440 2721 nec
1454 2665 1488 2721 ad
1503 2665 1594 2738 ignem
1609 2667 1644 2723 de
1654 2685 1707 2740 qao
1718 2686 1761 2727 so-

111 2759 224 2815 titudine
239 2765 280 2814 est
293 2756 408 2813 charitas
421 2752 531 2810 robusta
545 2758 572 2805 et
589 2748 709 2821 perlecta
718 2746 745 2801 in
762 2745 839 2815 cujus
850 2744 909 2801 lor·
962 2748 1075 2805 iniustus
1088 2749 1184 2819 exivit,
1196 2767 1245 2806 nec
1256 2751 1290 2807 ad
1300 2752 1417 2808 latrones
1436 2755 1533 2824 quibus
1550 2756 1697 2813 semivivus
1712 2775 1759 2816 re·

110 2848 223 2905 titudine
237 2845 397 2912 ambulavit,
413 2858 449 2897 11.
462 2840 558 2896 diebus
571 2845 599 2893 et
612 2852 647 2892 xa
661 2834 793 2900 noctibus,
818 2833 846 2889 id
869 2841 910 2889 est
961 2845 1040 2901 fictus
1054 2846 1198 2903 miserm,
1211 2846 1381 2905 gammo
1396 2850 1522 2908 ,eductus
1535 2860 1576 2908 es,
1591 2868 1599 2923 ὅ
1623 2870 1658 2911 ω
1682 2857 1760 2914 miles

110 2945 354 3019 perimpletionem
369 2941 560 3012 decalogorum
576 2944 602 2992 et
617 2942 731 3005 quatuor
745 2931 907 3004 Evangelio·
962 2933 1058 2990 Christi
1074 2934 1133 3004 jam
1152 2945 1229 3007 rapto
1248 2937 1319 2993 coelo
1341 2937 1376 2994 ab
1406 2938 1465 3009 ipso
1503 2939 1613 2996 introitu
1644 2958 1759 2999 revoce-

109 3053 170 3092 rum
186 3036 220 3092 td
235 3041 354 3090 montem
369 3031 419 3086 Dei
433 3028 534 3084 H0r0b·
549 3024 651 3091 norea
663 3022 779 3079 S⁰li¹11d0
788 3022 832 3077 Vel
844 3036 908 3076 0⁰11-
963 3031 1013 3091 tur,
1029 3023 1102 3079 velut
1115 3025 1189 3080 canis
1204 3025 1238 3080 ad
1253 3026 1394 3094 vomitum,
1409 3044 1454 3083 sus
1467 3027 1503 3084 ed
1516 3029 1696 3087 volutabrum.

110 3123 327 3183 versusinvitem
335 3115 565 3176 monasticemvel
581 3114 608 3169 in
627 3127 747 3169 eremum
766 3108 906 3182 signitica-

113 3232 165 3292 tur,
181 3218 328 3277 seeundum
343 3216 410 3272 illud
425 3234 431 3271 :
449 3237 461 3265 ιι
478 3212 544 3283 Quis
556 3211 633 3267 dabit
645 3209 711 3264 mihi
731 3222 834 3280 pennas
856 3205 907 3261 sic-

109 3319 140 3366 ut
152 3309 296 3378 columbae,
309 3315 336 3363 et
349 3305 448 3362 volabo
462 3310 488 3359 et
502 3300 667 3372 requiescam
679 3299 693 3352 l
703 3296 797 3369 (Psat.
808 3296 877 3366 arv.)
892 3319 903 3345 ι

163 3515 200 3572 be
216 3513 304 3571 uerbis
321 3510 499 3585 Sapientiae:
519 3529 530 3556 ιι
549 3505 679 3562 transite
694 3504 731 3559 ad
746 3518 804 3563 me.
826 3525 837 3549 ι

150 3722 161 3748 ιι
178 3695 299 3753 Transito
313 3692 347 3750 ad
363 3708 416 3759 me,
432 3687 586 3759 omnesqui
601 3684 788 3758 concupiscitis
810 3701 864 3753 me,
880 3691 906 3740 et

107 3814 124 3854 a
148 3792 367 3870 generationibus
395 3789 462 3844 meis
489 3784 650 3857 implemini,
682 3803 693 3834 ι
723 3782 761 3838 ait
788 3782 905 3853 Sapien-

107 3887 145 3942 tia
158 3885 246 3955 (Ecet.
265 3883 352 3951 xxiv).
369 3878 470 3933 Fidelis
484 3890 573 3932 sermo
583 3881 610 3931 et
624 3870 830 3971 exhortatorius,
845 3872 905 3972 ala·

108 3975 148 4032 cri
162 3971 306 4029 devotione
321 3965 516 4038 suscipiendus.
531 3965 599 4019 Duae
619 3969 681 4017 sunt
701 3976 754 4018 vrae
779 3977 906 4017 maximae

999 3161 1010 3188 ιι
1028 3139 1148 3195 Transito
1162 3138 1197 3195 ad
1211 3157 1265 3210 me,
1280 3157 1375 3198 omnes
1388 3142 1433 3214 qui
1449 3144 1636 3216 concupiscitis
1650 3164 1703 3217 mo,
1732 3154 1760 3204 et

960 3227 1210 3300 regenerationibus
1225 3229 1293 3285 meis
1308 3229 1469 3302 implemini.
1488 3253 1499 3279 ι
1516 3233 1582 3289 Tres
1596 3242 1657 3290 sunt
1670 3252 1758 3309 gene·

959 3316 1087 3383 rationes,
1115 3317 1239 3387 eunetis,
1268 3318 1414 3387 saecabris,
1442 3321 1601 3393 spiritualis.
1640 3324 1759 3383 Cornelia

959 3413 1099 3486 generatio
1112 3421 1152 3469 est
1166 3428 1246 3484 quarn
1262 3416 1344 3471 homo
1360 3431 1393 3473 ex
1408 3433 1437 3473 se
1451 3419 1554 3492 genuit,
1567 3435 1650 3491 opera
1658 3421 1761 3480 seilicet

960 3502 1100 3558 immunda
1115 3519 1147 3558 ac
1160 3503 1292 3571 scurrilia,
1309 3512 1336 3561 et
1349 3514 1457 3576 cratera,
1484 3524 1545 3578 quae
1569 3517 1631 3566 sunt
1658 3510 1760 3569 tructus

960 3591 1039 3647 malae
1052 3591 1164 3648 arboris.
1181 3592 1324 3650 Saecularis
1352 3596 1492 3668 generatio
1520 3604 1562 3653 est
1588 3597 1617 3655 in
1644 3601 1760 3672 acquisi-

960 3689 1031 3746 tione
1046 3690 1220 3763 praediorum,
1237 3690 1265 3748 in
1279 3693 1436 3752 celsitudine
1456 3697 1584 3768 potentie
1608 3707 1636 3756 et
1659 3709 1759 3759 exten

958 3778 1034 3835 sione
1049 3780 1175 3849 nominis,
1192 3781 1260 3837 sicut
1274 3781 1393 3840 dicitur:
1410 3808 1421 3834 ιι
1450 3785 1620 3844 vocaverunt
1647 3791 1758 3849 nomina

958 3884 1007 3924 sna
1022 3869 1048 3923 in
1065 3869 1429 3943 reminiscaturque).
1448 3894 1459 3922 ι
1477 3875 1538 3931 lstae
1558 3878 1755 3951 generationes,

959 3969 988 4019 ut
1002 3963 1218 4038 dicit0rigeaes‚
1234 3982 1288 4022 non
1302 3976 1363 4024 sunt
1383 3985 1418 4023 ex
1441 3970 1585 4027 israelitica
1607 3973 1757 4033 nobilitate.

107 4073 178 4128 inter
191 4088 220 4126 se
234 4069 365 4125 distantes
381 4086 387 4122 z
403 4078 531 4134 unaque
544 4068 652 4134 separet
665 4057 904 4125 etseduoitabeo,
959 4052 993 4107 lli
1006 4060 1067 4108 sunt
1081 4053 1170 4124 laquei
1185 4054 1296 4123 diaboli,
1311 4056 1378 4112 retia
1391 4057 1548 4115 Christianae
1567 4060 1676 4130 aalma,
1699 4079 1758 4122 ma.

108 4162 193 4218 altera
206 4175 267 4230 quae
276 4162 386 4214 revocat
397 4161 424 4210 et
434 4151 538 4209 reducit
546 4151 581 4206 ad
589 4151 687 4206 Deum.
700 4149 731 4203 ln
749 4147 795 4203 illa
812 4147 906 4203 mundi
959 4141 1046 4198 cbinae
1060 4141 1215 4210 adversarii,
1235 4159 1296 4213 quae
1319 4144 1447 4200 virtutum
1471 4162 1563 4204 muros
1584 4152 1751 4211 mongum·

108 4257 243 4306 amatores
259 4245 418 4318 spatiantur,
440 4248 467 4297 et
481 4247 607 4303 ‚errantes
625 4253 675 4310 per
700 4235 779 4292 deria
805 4251 905 4307 exspa-
960 4237 1093 4308 Spiritalis
1107 4253 1171 4295 vero
1179 4240 1318 4312 generatio
1328 4249 1378 4311 est,
1390 4242 1425 4299 de
1441 4259 1494 4315 qua
1511 4244 1576 4302 dicit
1588 4250 1754 4319 apostotus:

107 4347 206 4403 tiantur
221 4359 229 4412 ;
245 4359 293 4416 per
306 4345 375 4399 hanc
389 4339 494 4397 Christo
507 4336 576 4394 duee
590 4343 617 4392 et
629 4333 726 4391 comite
740 4340 907 4404 contempto·
962 4326 1103 4384 «chtus
1117 4328 1226 4400 spiritus
1254 4337 1294 4385 eat
1320 4331 1446 4401 charitas,
1474 4350 1539 4406 pax,
1567 4337 1698 4409 gaudium
1727 4341 1757 4398 in

105 4453 150 4494 res
164 4433 269 4503 soeculi,
285 4431 319 4488 de
333 4432 388 4485 luto
402 4427 511 4501 AEgypti
526 4425 560 4482 ad
574 4423 691 4495 quietern
712 4429 739 4479 et
759 4422 942 4495 repromisp
959 4416 1062 4487 Spiritu
1075 4425 1178 4485 saneto,
1195 4425 1246 4475 ete.
1262 4418 1344 4489 (Get.
1368 4424 1406 4492 v).
1432 4444 1443 4471 ιι
1473 4421 1540 4494 Quae
1567 4435 1629 4483 sunt
1656 4428 1757 4488 tructus

105 4541 165 4582 sam
180 4532 278 4579 terram
293 4519 441 4577 viventium
471 4514 584 4572 telieiter
610 4512 805 4585 ingrediuntur.
837 4510 906 4568 Sunt
957 4513 1037 4571 bonae
1051 4515 1165 4572 arboris.
1180 4516 1354 4573 llocsernine
1377 4519 1568 4579 haereditamus
1591 4531 1688 4582 terram
1710 4529 1755 4585 vi-

107 4623 191 4681 etiam
205 4619 266 4676 duae
280 4614 530 4687 concupiscentie:
559 4627 613 4667 una
641 4608 793 4680 culpabilis,
821 4608 905 4665 altera
956 4605 1091 4661 veetiam.
1122 4604 1154 4663 lii
1183 4612 1245 4660 sunt
1270 4607 1383 4663 masculi
1410 4611 1503 4679 nostri,
1529 4627 1597 4683 quos
1622 4624 1757 4686 superstes

105 4710 259 4768 laudabilia.
277 4705 425 4779 culpabilis
439 4712 479 4759 est
493 4718 553 4773 quae
572 4698 768 4771 nosimmergit
789 4698 904 4753 saecula-
957 4694 1062 4750 Pharao
1077 4711 1161 4765 usque
1184 4694 1213 4749 in
1242 4694 1403 4752 hodiernum
1430 4698 1503 4755 diem
1532 4702 1625 4758 nititur
1651 4705 1756 4761 exstin-

104 4801 180 4859 ribus
193 4808 220 4855 et
233 4795 386 4854 carnalibus
400 4791 549 4849 desideriis.
564 4787 718 4845 Laudabilis
731 4787 831 4859 duplex
852 4794 903 4844 est.
956 4807 1040 4864 guare
1054 4791 1177 4864 affligens
1190 4808 1239 4848 nos
1252 4792 1317 4861 luto,
1333 4792 1361 4849 id
1387 4802 1428 4851 est
1454 4797 1602 4855 immundis
1628 4801 1757 4873 oporibus

105 4898 167 4955 Una
185 4904 226 4952 est
239 4912 273 4953 ex
288 4891 432 4966 privilegio
446 4897 548 4945 naturae
560 4902 567 4958 ;
579 4887 661 4943 altera
671 4901 705 4940 ex
720 4884 820 4940 talento
837 4900 903 4957 gra-
957 4887 984 4935 et
993 4880 1089 4952 paleis.
1101 4880 1128 4935 id
1144 4888 1183 4936 est
1194 4881 1310 4981 'levitate
1333 4883 1538 4956 cogitationum,
1554 4888 1652 4958 quibus
1679 4892 1755 4962 quasi

109 4987 163 5043 liae·
178 4983 315 5042 Naturalis
334 4988 374 5037 esi
399 4977 617 5050 concupiscentie
642 4990 696 5045 qut
723 4973 904 5044 unusquisque
956 4976 1036 5025 vento
1047 4969 1272 5026 circumferimur.
1285 4971 1361 5027 Unde
1374 4973 1514 5029 Psalmista
1524 4975 1629 5049 plangit
1642 4978 1754 5038 dicans:

104 5082 179 5131 amat
192 5084 219 5131 et
232 5071 344 5145 appetit,
360 5068 484 5141 quamvis
497 5066 603 5122 divema
616 5063 660 5121 via
673 5078 768 5118 omnes
782 5061 903 5119 aelidem
959 5088 970 5117 ιι
988 5066 1115 5136 Quandiu
1127 5082 1228 5137 ponam
1243 5069 1356 5126 consilia
1371 5070 1399 5125 in
1424 5070 1515 5127 anima
1538 5089 1608 5142 mea,
1633 5076 1755 5135 dolorem

104 5174 226 5241 tendant,
241 5170 286 5227 elii
302 5184 352 5240 per
360 5166 477 5231 divitias,
492 5163 539 5219 alii
555 5178 603 5235 per
629 5162 755 5229 bonores,
783 5159 830 5214 alii
856 5176 904 5232 per
955 5156 984 5211 in
998 5155 1079 5212 corde
1094 5171 1155 5211 meo
1169 5172 1219 5229 per
1231 5157 1303 5257 diem
1319 5159 1410 5227 (Ριιιι.
1438 5160 1497 5260 ιιι).
1516 5184 1527 5211 ι
1554 5162 1683 5234 transite,
1709 5167 1754 5223 in.

105 5258 338 5335 magnificentiam
353 5263 379 5312 et
393 5252 599 5326 amplitudinem
627 5247 754 5316 nominis,
782 5247 828 5303 alii
855 5265 905 5321 per
956 5245 1022 5316 quit.
1031 5244 1091 5300 Duo
1100 5253 1163 5300 sunt
1174 5260 1235 5315 quae
1249 5245 1350 5302 faciunt
1360 5264 1453 5303 muros
1462 5256 1533 5305 inter
1541 5266 1591 5308 nos
1602 5261 1630 5310 et
1640 5254 1727 5313 Deum
1746 5273 1753 5312 :

104 5353 269 5421 voluptates,
284 5347 354 5403 sicut
366 5344 432 5400 dicit
445 5341 561 5399 Boetim.
577 5342 612 5394 nt
623 5338 663 5393 illi
678 5336 805 5393 falluntur
818 5345 845 5393 et
857 5353 903 5393 er·
955 5340 1112 5413 Superduus
1124 5356 1202 5397 amor
1215 5342 1307 5410 nostri,
1327 5350 1353 5399 et
1364 5359 1450 5401 vanus
1462 5359 1540 5401 amor
1567 5350 1671 5410 saeeuli.
1703 5352 1756 5409 De·

102 5457 174 5508 rant
190 5450 245 5504 tsta
261 5444 369 5503 allectio
383 5450 424 5501 eet
438 5456 516 5498 amor
529 5435 812 5510 extraneuedalonge
831 5436 904 5494 olte-
955 5432 1007 5487 boc
1021 5446 1098 5485 muro
1112 5430 1177 5486 dicit
1192 5431 1326 5501 l‘ropbeta
1343 5446 1350 5485 ε
1368 5455 1380 5481 ιι
1397 5434 1428 5487 tn
1450 5433 1507 5490 beo
1530 5451 1594 5494 meo
1625 5445 1748 5515 magro

104 5540 181 5597 ciens
194 5538 308 5603 benum,
325 5535 444 5591 sednon
456 5528 644 5600 contemplans
657 5542 673 5584 e
685 5524 776 5585 raino
789 5526 906 5583 suavita·
955 5528 1015 5585 dier
1027 5544 1134 5584 murum
1148 5524 1244 5599 (Prot.
1260 5527 1340 5598 xvu).
1358 5551 1372 5579 ι
1388 5529 1526 5588 transiliri
1550 5541 1639 5607 poteri
1662 5554 1756 5594 murus

105 5646 160 5696 tem
173 5636 256 5693 utrm.
270 5630 464 5691 bunumenim
477 5632 658 5695 natura-eet,
686 5638 743 5681 non
769 5624 904 5696 reparatb
954 5623 1040 5681 blein
1054 5624 1190 5697 praeerit,
1205 5623 1306 5682 decurri
1321 5639 1376 5682 non
1396 5632 1486 5697 petest
1507 5629 1634 5698 maican.
1659 5632 1770 5684 'am

103 5735 211 5813 gretia.
224 5731 277 5791 tlta
288 5730 373 5789 alten
385 5740 469 5802 qnam
483 5723 573 5801 gratia
583 5722 689 5782 conten
700 5726 808 5796 utque
820 5722 903 5781 οιὶιιιιι
956 5721 1048 5782 modis
1060 5721 1209 5782 decretvm
1220 5729 1375 5799 paneam
1383 5729 1423 5779 ut
1442 5736 1513 5779 non
1529 5728 1657 5863 aeger&
1673 5724 1716 5768 aa
1735 5724 1808 5765 m

264 5828 394 5893 Parnon.
414 5821 531 5893 tavit
