3780 6038
118 283 172 336 853

570 272 863 334 earcombertus
881 276 935 336 SS.
959 276 1116 338 ramur.
1136 312 1173 325 -
1189 282 1259 342 hta.
1280 285 1308 342 ι.

1717 288 1772 347 att

118 402 181 471 biis,
200 427 213 454 ι
229 403 370 461 manifesta
385 402 493 462 scilicet
506 400 694 475 apostolnmm
709 400 845 471 doctrim,
863 422 875 455 a
888 405 916 460 et
931 403 958 467 Α
973 409 1079 479 mortis,
1091 409 1202 469 dolores
1212 411 1309 470 inferni
1320 412 1405 479 (Psoi.
1415 410 1497 477 εεε).
1512 412 1651 484 »Propter
1659 411 1713 470 hos
1722 413 1772 471 io.

118 517 171 557 nec
186 502 225 560 sic
240 503 385 560 exaudient
399 519 443 560 me
458 519 465 569 ;
483 527 494 552 n
512 503 547 559 de
562 501 604 557 bis
619 517 686 558 uero
702 499 795 557 dicere
817 509 917 574 potest,

120 594 164 651 rel
179 594 218 652 sic
233 596 381 652 exaudient
397 612 451 652 me.

118 746 158 803 fle
175 746 397 820 Seplucpecimu,
413 747 605 819 Sexuqrrinra,
616 746 863 819 Quinquuprcimu,
880 764 914 804 oc

399 837 433 893 dc
445 836 678 909 Qrtodropraimo.

155 986 388 1058 Septuagenarius
402 987 498 1042 eadem
521 986 688 1059 perfectione
711 987 850 1059 perlectus
874 994 916 1046 est

118 1091 171 1145 qua
186 1083 212 1130 et
227 1075 488 1147 quinquagenarius.
505 1075 603 1131 Decies
615 1075 719 1148 quippe
733 1084 837 1148 septem
861 1092 915 1133 εει

118 1163 197 1219 finnt.
213 1164 459 1238 Quadragenarius
485 1180 548 1221 curn
577 1166 758 1239 sexagenario
787 1166 915 1222 vicinita-

118 1259 173 1308 tem
189 1253 280 1319 habet,
297 1254 415 1326 eoquod
429 1252 573 1309 conflictus
593 1253 653 1309 sine
674 1253 840 1325 perfectione
864 1255 915 1312 bo-

117 1350 147 1405 ni
166 1350 262 1422 operis
281 1359 307 1407 et
326 1350 458 1422 perfectio
477 1353 538 1407 siue
558 1351 686 1408 conflictu
701 1367 763 1407 esse
781 1368 836 1408 non
863 1368 916 1424 po·

117 1447 181 1494 test.
199 1440 461 1512 Quinquagenarius
486 1440 610 1495 similiter
638 1448 666 1496 et
689 1441 916 1513 septuagenarius

118 1528 283 1585 uicinitatem
299 1530 410 1594 habent,
426 1529 525 1584 mentis
538 1537 565 1585 et
581 1529 706 1600 corporis
730 1526 916 1600 significantes

118 1618 255 1688 requiem.
274 1617 355 1672 Enim
370 1617 502 1688 scriptum
518 1626 559 1673 est
576 1634 582 1673 :
601 1640 613 1665 ι
630 1618 707 1674 bate
727 1626 790 1673 sunt
812 1619 916 1675 sanctis

118 1704 196 1762 stolae
210 1706 336 1778 singule,
353 1714 380 1761 et
393 1706 495 1762 dictum
523 1714 565 1763 est
591 1706 654 1761 eis:
684 1706 860 1778 Requiescite
888 1714 916 1762 et

119 1794 364 1860 sustinete‚donec
393 1794 536 1866 impleatur
562 1811 693 1851 numerus
720 1793 836 1851 fratrum
865 1811 916 1852 ve·

118 1892 240 1938 strorum
261 1883 354 1953 (Aper.
371 1896 420 1952 ει).
438 1905 449 1931 r
467 1881 586 1955 Singulae
599 1882 677 1938 stolae
689 1882 729 1939 eis
743 1882 813 1940 datae
840 1889 914 1953 sunt,

120 1980 164 2050 qui
180 1980 279 2036 mentis
293 1980 375 2036 modo
385 1980 507 2052 requiem
523 1980 550 2034 in
567 1996 616 2051 sps
630 1980 740 2037 babent.
756 1982 824 2038 Cum
846 1997 914 2038 vero

117 2069 245 2141 impletus
260 2068 339 2125 fuerit
353 2084 483 2125 numerus
494 2068 621 2136 fratrum,
637 2069 707 2127 hinae
717 2070 915 2127 stoloedabuu·

117 2166 171 2224 tur,
188 2157 316 2229 quoniam
332 2158 431 2213 mentis
446 2167 472 2213 et
485 2158 611 2228 corporis
631 2166 694 2216 tuuc
709 2160 834 2232 requiem
848 2176 917 2231 pos-

116 2248 253 2313 sidebunt,
271 2247 339 2303 sicut
354 2246 484 2317 scriptum
499 2256 539 2303 est
555 2264 562 2301 :
581 2248 634 2301 «ln
648 2254 722 2303 terra
735 2265 784 2304 sua
798 2249 917 2320 duplicia

116 2336 298 2408 possidebunt
312 2338 411 2407 (beat.
431 2338 500 2405 εει).
517 2337 780 2411 »septuagesimam
797 2354 916 2412 namque

116 2427 296 2482 observamus
306 2425 332 2480 in
344 2423 469 2496 figuram,
479 2440 683 2495 tirannorum,
694 2443 819 2500 perquer
825 2427 917 2485 afllicti

118 2522 182 2569 sunt
196 2512 242 2568 filii
258 2514 343 2569 lsrael
359 2514 385 2568 in
401 2514 548 2586 Babylone,
564 2523 591 2570 et
606 2514 676 2572 sicut
693 2516 746 2587 ipsi
770 2525 916 2588 antequem

115 2618 168 2658 ux
181 2603 245 2657 anni
260 2601 403 2658 linirentur
418 2603 519 2674 partim
534 2604 693 2673 redeuntes,
718 2605 914 2678 aliquantulum

117 2690 253 2749 consolati
270 2700 344 2757 sunt,
361 2691 402 2747 sic
416 2698 444 2747 et
458 2707 509 2748 uos
523 2692 599 2762 dum,
616 2692 699 2749 sinitis
727 2708 778 2749 cxx
806 2695 915 2763 diebus,

117 2779 221 2836 luctum
236 2780 402 2853 poenitentiae
417 2780 481 2837 licet
495 2796 551 2837 non
576 2780 654 2853 plene
678 2783 865 2839 convertimus
887 2785 916 2840 in

117 2869 258 2941 gaudium,
274 2869 378 2926 scilicet
392 2870 419 2925 in
436 2870 479 2926 die
495 2870 725 2927 resurrectionnis
752 2872 913 2943 Dominieae,

116 2957 181 3015 licet
195 2958 404 3031 septuagesima
420 2966 515 3015 nostra
530 2976 616 3032 usque
638 2960 672 3015 ad
697 2975 819 3032 sequens
845 2961 916 3018 Sah-

116 3046 207 3102 hatum
222 3047 390 3120 porrigatur.
407 3047 442 3102 Et
458 3048 527 3104 sicut
543 3047 590 3103 filii
604 3049 689 3104 lsrael
710 3058 774 3105 ante
798 3050 915 3122 Septua-

114 3135 253 3208 gesimum
268 3150 369 3191 annum
384 3136 493 3207 plenam
509 3152 606 3208 pacem
622 3153 676 3193 non
693 3138 857 3205 habuerunt,
873 3140 914 3196 sic

115 3240 167 3279 nec
181 3240 243 3291 nos,
259 3218 386 3295 quamtis
401 3227 434 3280 ad
455 3227 597 3283 coelestem
623 3227 793 3284 Hierusalem
817 3243 916 3285 rerer-

115 3321 205 3369 tcmur
220 3329 271 3384 per
285 3313 459 3386 baptismum,
476 3314 519 3371 vel
535 3331 585 3386 per
596 3314 785 3386 paenitentiam
800 3316 915 3374 liberta-

115 3418 170 3467 tem
195 3412 304 3483 plenam
332 3413 498 3485 recipiemus
526 3423 590 3469 ante
620 3413 779 3485 Sabbatum,
804 3415 915 3487 quando

114 3500 204 3555 anima
236 3509 394 3558 sanctorum
428 3503 547 3576 requiem
581 3513 712 3562 aetcrnam
744 3504 909 3576 percipiunt.

115 3589 249 3645 ieremias
263 3591 383 3646 ostendit
398 3591 544 3648 Dominum
560 3609 609 3649 nos
620 3593 691 3649 velle
700 3608 811 3650 cessare
821 3609 835 3649 a
846 3608 914 3651 voce

114 3677 208 3753 gaudii
224 3679 354 3751 quamdiu
369 3680 396 3735 in
411 3681 552 3753 Babylone
568 3681 708 3752 fuerimus,
735 3681 771 3737 ita
794 3682 888 3739 diceus
905 3702 912 3739 :

117 3790 128 3815 u
147 3769 180 3823 Et
194 3783 306 3825 cessare
321 3769 445 3825 inclama
463 3770 544 3826 vobis
560 3787 643 3828 uoces
658 3770 750 3843 gaudii
767 3778 793 3827 el
813 3771 913 3829 laetitia

113 3857 185 3927 (fer.
204 3858 268 3927 vu).
286 3880 297 3905 »
315 3857 490 3931 Quapropter
502 3860 659 3917 alleluiciu
670 3859 847 3931 illotempore
858 3877 913 3917 non

113 3953 240 4003 cantatur
268 3947 342 4016 apud
369 3963 430 4015 nos,
459 3955 486 4003 et
513 3948 688 4005 dulcissimus
715 3949 831 4021 hymnus
858 3965 911 4005 an·

111 4043 248 4117 gaiorum,
266 4042 361 4101 Gloria
376 4047 408 4100 in
422 4046 544 4103 eccelsia
560 4049 624 4114 fleo,
637 4064 698 4119 quaa
719 4047 826 4105 cantica
849 4055 912 4104 sunt

112 4131 244 4189 coelestia.
257 4132 338 4188 Unde
352 4134 472 4191 loannes
487 4135 515 4190 in
530 4135 694 4209 Apocalypsi
711 4156 717 4192 z
737 4160 748 4185 a
766 4136 830 4192 Post
851 4136 911 4193 haec

972 492 1044 551 fores
1055 512 1108 552 non
1121 513 1268 567 possumus
1278 498 1364 554 lactari
1376 505 1402 554 et
1416 495 1505 554 securi
1515 512 1587 564 esse,
1599 498 1648 554 sed
1658 514 1768 571 praepa·

972 597 1091 640 rurenos
1101 586 1232 643 debemus
1240 587 1274 644 ad
1284 587 1397 655 bellurn,
1409 595 1438 642 ut
1448 584 1647 656 Apostolusait
1661 606 1667 642 ι
1682 587 1769 646 «Om-

971 680 1014 736 nis
1028 690 1116 738 autem
1130 684 1175 755 qui
1191 685 1218 740 in
1232 700 1325 757 agone
1338 684 1491 754 contendit,
1517 684 1553 739 ab
1581 684 1709 742 omnibus
1737 702 1768 743 sc

971 770 1087 827 abstinet
1101 774 1127 841 (ι
1141 773 1201 830 Cor.
1217 780 1270 843 tx).
1293 795 1304 821 ι
1322 774 1404 829 furia
1419 772 1603 840 Ambrosium,
1615 774 1650 830 ab
1660 774 1767 831 hirom

970 859 1051 915 nibus
1065 876 1125 933 quae
1139 861 1249 919 uitanda
1264 864 1360 919 eadem
1375 861 1487 918 tradidit
1507 861 1652 934 disciplina
1672 871 1768 920 contra

970 949 1044 1015 vitia,
1058 949 1138 1005 nobis
1148 950 1285 1007 luctamen
1296 959 1347 1008 est.
1358 951 1488 1007 Futurum
1499 957 1540 1006 est
1549 951 1648 1008 bellum
1660 968 1668 1019 ;
1679 951 1769 1008 absti-

970 1053 1085 1094 neamus
1099 1055 1151 1094 nos
1166 1039 1203 1094 ab
1231 1039 1274 1094 bis
1303 1056 1364 1111 quai
1389 1039 1540 1110 impediunt
1565 1055 1685 1113 pugnam
1713 1056 1768 1097 no-

970 1140 1068 1188 stram.
1080 1132 1161 1189 Unde
1173 1132 1614 1207 rideturnobispraeceptoroflicii
1622 1133 1692 1191 velle
1701 1142 1768 1192 tcm-

971 1236 1021 1292 pus
1036 1221 1262 1295 septuagesimae,
1280 1229 1389 1292 tempus
1404 1222 1492 1278 luctus
1507 1238 1579 1292 esse,
1595 1230 1625 1278 ut
1639 1223 1767 1281 introitus

969 1308 1767 1383 indicatetGraduale.Sexagenarins,quoniamnumertts

969 1397 1109 1468 perfectus
1124 1408 1177 1466 εει,
1195 1399 1241 1472 εει
1257 1414 1273 1455 a
1287 1399 1396 1456 senario
1411 1398 1541 1456 nascitur.
1557 1400 1689 1457 senarius
1701 1417 1768 1473 per·

969 1485 1056 1543 fectus
1068 1496 1119 1554 est,
1136 1487 1199 1561 quia
1214 1489 1347 1561 perfectio
1362 1488 1426 1546 boni
1441 1488 1532 1560 operis
1546 1497 1597 1545 εει.
1617 1489 1671 1545 Ser
1694 1490 1766 1546 enim

969 1575 1068 1632 diebus
1082 1585 1210 1648 operatus
1224 1587 1266 1633 est
1281 1578 1365 1644 oeus,
1376 1584 1403 1633 ct
1418 1586 1495 1633 serta
1508 1584 1589 1633 atate
1602 1577 1696 1633 mundi
1719 1593 1767 1634 re·

969 1663 1240 1730 nicoteranae
1265 1665 1405 1738 perfectus
1433 1672 1485 1732 est,
1514 1670 1561 1738 εει
1587 1666 1630 1722 ιε
1657 1666 1766 1735 animae,

931 1763 956 1825 Β
971 1769 1033 1824 εεε
1047 1753 1177 1827 perfectae
1191 1754 1218 1810 in
1234 1755 1306 1811 hono
1321 1771 1405 1826 opere
1419 1762 1492 1820 sunt,
1507 1770 1559 1827 per
1578 1754 1651 1812 hunc
1673 1771 1768 1813 narne-

970 1858 1030 1897 rum
1046 1842 1237 1916 designantur.
1248 1843 1283 1899 ιιι
1297 1844 1332 1900 de
1347 1843 1406 1901 viro
1421 1844 1539 1916 pacifico
1552 1843 1684 1916 scriptum
1712 1852 1765 1901 est.

972 1956 984 1981 a
1001 1932 1151 2004 Sexaginta
1165 1931 1269 2005 reginae
1282 1938 1309 1988 et
1321 1931 1461 2005 mtoginta
1474 1931 1645 1999 concubine,
1656 1940 1683 1990 at
1697 1933 1767 1990 ado·

969 2019 1254 2078 lescentulsromnon
1269 2028 1311 2078 est
1339 2037 1469 2079 numerus
1496 2021 1580 2090 (Gon.
1610 2022 1691 2089 vil.»
1724 2020 1766 2079 ttti

970 2110 1044 2167 enim
1058 2110 1106 2182 qui
1120 2109 1330 2181 inperfectione
1346 2110 1411 2166 boni
1426 2109 1520 2181 operis
1542 2109 1697 2167 consistunt
1717 2126 1767 2167 re·

970 2198 1044 2271 ginae
1059 2204 1201 2255 vocantur.
1219 2196 1261 2252 illi
1275 2205 1365 2254 autem
1379 2198 1426 2269 εει
1439 2197 1530 2253 miuus
1544 2197 1656 2271 aliquod
1669 2212 1686 2254 s
1699 2212 1767 2271 per-

971 2294 1089 2351 fectione
1104 2300 1178 2360 sunt,
1194 2293 1305 2351 nomine
1335 2293 1498 2350 concubine
1523 2293 1714 2367 designantur,
1742 2302 1770 2351 et

971 2384 1018 2457 qui
1034 2386 1062 2438 in
1077 2383 1132 2440 lide
1147 2382 1320 2439 solummodo
1334 2390 1408 2447 sunt,
1422 2383 1533 2439 nomine
1551 2381 1770 2440 adolescentula·

971 2489 1033 2529 rum
1048 2481 1193 2529 vocantur.
1225 2472 1254 2527 ln
1280 2470 1460 2544 Sexagesima
1487 2470 1647 2528 circumdati
1674 2486 1770 2529 sumas

971 2560 1195 2624 tribulationibus
1210 2559 1429 2632 quammaximis,
1443 2574 1477 2617 cc
1491 2559 1515 2615 si
1540 2575 1594 2616 non
1624 2566 1698 2616 esset
1725 2560 1769 2616 lo·

971 2666 1019 2708 cua
1035 2649 1184 2706 evadendi.
1204 2648 1383 2705 vendidimus
1401 2664 1452 2706 nos
1466 2648 1518 2705 sub
1533 2656 1655 2721 peccato,
1668 2647 1696 2704 ιε
1715 2663 1768 2705 no·

970 2739 1013 2794 bis
1028 2753 1081 2795 uon
1096 2746 1137 2795 est
1152 2737 1235 2792 virtus
1250 2737 1386 2794 solvendi.
1404 2736 1484 2794 Unde
1505 2736 1606 2795 dicitur
1628 2736 1655 2792 in
1679 2737 1769 2809 pnms

970 2827 1113 2884 oratioue:
1132 2850 1143 2875 u
1161 2827 1246 2892 Deus,
1263 2826 1310 2899 qui
1318 2825 1468 2898 conspicis,
1481 2825 1545 2897 quia
1553 2826 1581 2880 in
1592 2823 1768 2881 nullanostra

970 2918 1070 2973 virtute
1080 2914 1266 2971 subsistimus.
1281 2914 1370 2970 »inde
1380 2913 1553 2986 etiamqucsi
1562 2912 1768 2980 dubitantes,an

970 3006 1103 3062 Dominus
1113 3003 1256 3061 nobiscum
1267 3003 1312 3073 sit,
1322 3003 1350 3059 in
1364 3002 1477 3059 introitu
1488 3002 1610 3060 decimus
1620 3020 1630 3060 .·
1642 3023 1656 3052 a
1665 3002 1769 3058 Exsur-

928 3122 953 3189 (ε
970 3111 1015 3168 ge,
1027 3109 1110 3166 quare
1121 3092 1272 3159 obdormis,
1286 3091 1426 3149 Domiual
1439 3092 1549 3159 ·(Prot.
1561 3092 1654 3162 sarit.)
1664 3091 1693 3147 ln
1704 3089 1768 3163 lipi-

968 3185 1039 3239 stola
1054 3182 1239 3240 confortamur
1254 3181 1290 3237 ab
1305 3180 1447 3253 Apostolo,
1463 3187 1492 3236 ut
1514 3180 1586 3236 victu
1608 3195 1765 3253 quaeramus

969 3280 1106 3337 euadendi
1115 3279 1149 3335 de
1161 3278 1327 3350 captivitate,
1338 3284 1366 3335 et
1376 3277 1560 3350 despiciamus
1569 3277 1705 3345 dominos,
1721 3274 1768 3349 qui

968 3386 1020 3428 nos
1035 3370 1070 3426 cd
1086 3368 1234 3425 delendum
1250 3376 1352 3424 tenent.
1369 3365 1767 3439 Dicitindignandosupereos

968 3460 1015 3532 qui
1023 3459 1102 3515 malis
1112 3459 1213 3516 cedunt
1225 3477 1231 3513 :
1243 3482 1254 3506 a
1265 3456 1392 3514 Libenter
1401 3455 1521 3513 sullanis
1531 3455 1768 3528 insipientes,carn

969 3548 1028 3604 sitis
1044 3548 1096 3620 ipsi
1112 3549 1249 3619 sapientes
1260 3546 1297 3617 (tl
1311 3544 1371 3602 Cor.
1389 3544 1439 3618 rr).
1458 3566 1469 3596 r
1488 3543 1555 3601 lude
1570 3559 1621 3602 nos
1636 3543 1766 3601 detribu·

967 3638 1069 3694 tatione
1084 3636 1303 3693 conscendentes
1312 3635 1346 3691 ad
1355 3634 1550 3707 requirendum
1560 3633 1705 3706 proprium
1715 3634 1768 3690 Do·

967 3727 1071 3782 minum
1087 3733 1222 3792 nostrum,
1238 3724 1377 3781 dicimus:
1394 3723 1627 3795 «Sciantgentes,
1637 3721 1765 3795 quoniam

966 3832 1065 3872 nomen
1080 3815 1128 3870 tibi
1143 3816 1219 3870 ilaus
1233 3815 1271 3885 (fl
1284 3814 1372 3871 ltocb.
1387 3813 1418 3883 ι).
1432 3834 1443 3861 ε
1457 3813 1575 3868 Tractus
1587 3810 1767 3869 commovisti

965 3905 1086 3961 ostendit
1099 3912 1200 3960 terram
1215 3908 1382 3959 commotum
1397 3900 1565 3957 conscientia
1577 3907 1762 3971 peccatorum.

966 3996 1029 4050 Post
1043 4001 1143 4050 terram
1158 3999 1324 4047 commotam
1337 4004 1434 4045 semen
1448 3987 1596 4044 inducitur.
1607 3988 1638 4043 ln
1653 3994 1764 4058 septua-

964 4082 1072 4156 gesimo
1082 4079 1218 4151 increpati
1229 4094 1334 4147 sumus,
1345 4077 1408 4148 quia
1418 4075 1500 4132 otiosi
1509 4074 1644 4138 stetimus,
1659 4072 1764 4132 induoli

965 4186 1059 4227 sumus
1074 4170 1110 4225 ad
1123 4169 1232 4224 vineam
1242 4165 1387 4222 colendam
1404 4183 1413 4231 ;
1428 4164 1455 4219 in
1471 4160 1653 4236 Sexagesima
1669 4169 1761 4219 autem

111 4220 203 4276 audivi
218 4220 295 4292 quasi
326 4237 421 4278 rocem
450 4239 580 4295 magnam
610 4225 734 4280 tuberum
763 4224 910 4281 multarum

111 4308 139 4364 iu
155 4308 225 4366 caelo
239 4308 387 4365 dicentium
405 4329 411 4368 :
430 4310 547 4369 Alleluia
560 4313 655 4385 (ipos.
672 4314 737 4381 cir),

110 4406 170 4455 ctus
184 4415 234 4470 pro
246 4399 356 4457 alleluia
379 4400 494 4468 canitur,
510 4402 556 4474 qui
584 4403 677 4458 auaris
705 4411 747 4459 est
773 4402 908 4471 auribus;
964 4444 1073 4493 camur·
1096 4434 1137 4490 tid
1156 4433 1228 4506 quod
1249 4447 1299 4489 ω,
1331 4446 1382 4503 pe,
1413 4429 1624 4505 smgggpmm
1651 4444 1762 4486 curm-0

111 4496 220 4553 ⁸¹¹el¹¹i⁸
236 4505 328 4553 aulem
342 4507 453 4569 Pl0l)ter
466 4500 598 4557 h0¹¹⁰l²¹¹¹
615 4501 709 4572 Pfisslae
736 4500 840 4575 lintiuae
866 4510 908 4558 ²⁵²
923 4481 951 4546 D
964 4531 1086 4597 eportet.
1109 4524 1178 4578 Nam
1194 4521 1320 4578 senarius
1332 4520 1535 4593 perdentium
1545 4520 1761 4575 ductusurcom·

111 4585 283 4686 preclarius.
293 4588 353 4686 Per
381 4605 435 4643 axx
450 4604 551 4687 ⁴annos
578 4589 740 4660 captis-itatis
760 4607 829 4663 quos
856 4608 907 4647 nos
961 4614 1028 4688 pqeq·
1045 4611 1180 4669 penufius
1194 4617 1284 4666 aurem
1299 4610 1334 4666 gd
1346 4608 1630 4679 mercedemopsrum
1640 4605 1758 4677 respicit,

111 4682 319 4730 m⁰¹³v¹¹¹¹¹¹⁸¹¹¹
347 4691 399 4731 ¹¹¹¹
431 4677 490 4732 ‘¹¹⁰⁸
514 4678 650 4748 j⁰j⁰⁰i⁰m
679 4688 736 4735 ω
762 4680 835 4752 ‘’pud
860 4682 908 4738 '¹¹'
961 4711 1088 4769 senarius
1102 4708 1137 4765 ad
1152 4707 1344 4780 perfectiones,
1362 4705 1467 4763 scilicet
1488 4719 1618 4776 operum.
1642 4702 1671 4758 si
1697 4701 1759 4775 quis

109 4774 195 4829 dietis.
212 4774 289 4831 Unde
306 4776 437 4831 Dominus
452 4792 502 4847 per·
516 4778 698 4834 Zachariam:
719 4803 730 4829 u
747 4782 813 4836 Curn
834 4781 907 4851 jeju·
961 4801 1043 4874 isim,
1057 4815 1106 4871 W
1127 4797 1321 4870 pefpoeqonem
1335 4794 1495 4851 mercedem
1522 4806 1638 4863 operum
1666 4789 1759 4861 quui.

110 4862 214 4919 naretis
228 4872 254 4919 et
268 4863 435 4935 plangeretis
449 4881 500 4934 per·
514 4865 565 4922 hos
589 4882 639 4921 arr
662 4882 760 4932 annos,
784 4869 907 4940 nunquid
961 4890 1006 4949 ,qq
1022 4889 1081 4959 ipse
1095 4886 1232 4959 percipiet
1246 4899 1362 4957 regnum
1385 4880 1459 4955 quad
1486 4880 1567 4936 uobis
1592 4877 1758 4952 promittitur

106 4950 243 5023 ieiunium
256 4952 403 5022 jejunastis
419 4953 485 5008 mihi
495 4955 509 5008 ‘l
521 4978 533 5002 n
550 4956 621 5025 (luc.
638 4958 700 5025 vu.)
716 4955 806 5012 Graeci
817 4957 908 5026 proxi·
960 4977 987 5034 ευ
1001 4985 1098 5051 quam
1113 4975 1181 5033 [ep-j,
1194 4972 1327 5047 pasquali,

108 5055 181 5095 mam
196 5040 396 5097 hebdomadam
411 5041 582 5099 sanctiticant
596 5059 649 5099 suo
671 5043 787 5113 jeJunio.
810 5044 906 5103 Clerici

107 5138 205 5206 nostrl,
221 5146 333 5194 auctore
349 5139 518 5210 Telesphoro
532 5154 615 5212 papa,
641 5141 688 5213 εει
707 5141 846 5198 εεεειιιειι
870 5160 907 5199 ru

107 5225 342 5282 hebdomadarum
354 5227 489 5297 jejunium
504 5238 566 5284 ante
584 5230 695 5297 Pascha,
712 5230 818 5287 tertiam
838 5248 902 5287 suo.

106 5314 262 5386 Praeceptor
277 5323 367 5372 tamen
383 5315 464 5373 ⁰ss¹⁰ll
480 5319 507 5371 ³¹1
520 5317 658 5389 ⁸⁰Wl⁰ll
674 5319 829 5387 ὓθῐΰῐῐιῑιι,
846 5337 907 5393 quta
996 5335 1256 5410 Quinquagenarius
1269 5350 1322 5393 nec
1335 5334 1427 5392 micus
1442 5342 1484 5391 est
1498 5334 1758 5409 perfectuseoquod

106 5410 221 5459 V0⁰⁸l⁰l
238 5404 603 5478 50P¹⁰⁸fteilm⁸im⁸t⁰ftm
619 5408 800 5465 mutationem
815 5408 908 5481 requi·
961 5424 1150 5496 sseptensrio
1167 5431 1312 5482 nascatur.
1331 5424 1441 5497 Septies
1453 5423 1525 5481 enirn
1558 5432 1665 5497 septem
1692 5424 1761 5481 fiunt

104 5501 141 5555 rit
155 5517 236 5572 quarn
252 5516 381 5572 agamus.
402 5503 603 5561 Constitutione
618 5505 700 5563 oflicii
716 5507 757 5562 sui
769 5508 906 5579 ieiunium
961 5530 1042 5571 εειε.
1063 5513 1186 5571 Siaddaa
1201 5530 1292 5583 εεει,
1307 5512 1417 5571 stiunt.
1440 5512 1689 5588 Quinquagesimus
1712 5529 1762 5569 an·

105 5585 133 5641 in
153 5583 331 5643 tribulatione
346 5587 480 5644 intimarit
505 5588 532 5643 in
559 5588 646 5660 prima
669 5592 794 5649 oratione
816 5594 908 5650 missar
962 5618 1015 5658 nus
1027 5601 1154 5674 jubileus
1168 5602 1327 5671 vocabatur,
1343 5603 1371 5659 id
1392 5610 1435 5660 est
1462 5618 1551 5659 annus
1579 5600 1764 5664 remissioris,

106 5673 220 5730 dicens:
234 5696 246 5722 a
258 5675 293 5732 Ut
301 5674 431 5748 quijuste
440 5690 492 5749 pro
501 5676 906 5769 peccatisnostrisatlligimarq
963 5692 993 5749 in
1007 5706 1063 5769 quq
1077 5690 1172 5750 amuis
1181 5691 1334 5767 pascasiae
1344 5690 1542 5749 recenseatur
1567 5688 1613 5741 ah
1637 5682 1792 5736 eosdm

108 5770 271 5830 lnlntroitu
284 5772 373 5831 dicit:
397 5798 410 5823 a
438 5773 686 5838 Circumdederunt
714 5796 761 5841 mc
787 5782 914 5859 gemitus
967 5782 1130 5864 proprium,
1144 5774 1572 5845 necessarimm*
1586 5760 1828 5836 Phffi'mu
1873 5844 1887 5881 ⁸.

963 4274 1059 4315 samen
1070 4256 1198 4326 jacimus.
1215 4256 1281 4311 liaec
1297 4252 1432 4325 procurrit
1442 4251 1477 4307 ad
1488 4258 1613 4324 qucrtam
1628 4248 1763 4309 lerismia

756 4336 768 4363 '
785 4313 835 4369 δρᾶ
849 4323 911 4370 ‘m'
964 4346 1079 4412 Pascha,
1095 4344 1123 4401 in
1138 4359 1194 4416 qua
1209 4342 1297 4399 sancti
1311 4342 1346 4398 sd
1359 4339 1566 4413 percipiendum
1580 4355 1696 4413 regnum
1710 4354 1761 4398 vo·

1296 5164 1412 5206 tttvtsw.
