<?xml version="1.0" encoding="UTF-8"?>
<!DOCTYPE html PUBLIC "-//W3C//DTD XHTML 1.0 Transitional//EN"
    "http://www.w3.org/TR/xhtml1/DTD/xhtml1-transitional.dtd">
<html xmlns="http://www.w3.org/1999/xhtml" xml:lang="en" lang="en">
 <head>
  <title>
</title>
<meta http-equiv="Content-Type" content="text/html;charset=utf-8" />
  <meta name='ocr-system' content='tesseract 3.04.00' />
  <meta name='ocr-capabilities' content='ocr_page ocr_carea ocr_par ocr_line ocrx_word'/>
</head>
<body>
  <div class='ocr_page' id='page_1' title='image "./patrologiaecurs60unkngoog_0298.png"; bbox 0 0 3780 6038; ppageno 0'>
   <div class='ocr_carea' id='block_1_1' title="bbox 114 210 1775 282">
    <p class='ocr_par' dir='ltr' id='par_1_1' title="bbox 114 210 1775 282">
     <span class='ocr_line' id='line_1_1' title="bbox 114 210 1775 282; baseline 0.007 -14"><span class='ocrx_word' id='word_1_1' title='bbox 114 212 171 269; x_wconf 67' lang='lat' dir='ltr'><strong>aaa</strong></span> <span class='ocrx_word' id='word_1_2' title='bbox 874 210 1031 273; x_wconf 71' lang='lat' dir='ltr'><strong>illelom.</strong></span> <span class='ocrx_word' id='word_1_3' title='bbox 1723 230 1775 282; x_wconf 79' lang='grc'><strong>586</strong></span> 
     </span>
    </p>
   </div>
   <div class='ocr_carea' id='block_1_2' title="bbox 112 332 1772 691">
    <p class='ocr_par' dir='ltr' id='par_1_2' title="bbox 112 332 1772 691">
     <span class='ocr_line' id='line_1_2' title="bbox 114 332 1768 418; baseline 0.004 -20"><span class='ocrx_word' id='word_1_4' title='bbox 114 335 148 391; x_wconf 77' lang='lat' dir='ltr'><strong>aas</strong></span> <span class='ocrx_word' id='word_1_5' title='bbox 160 336 282 408; x_wconf 79' lang='lat' dir='ltr'><strong>eorporis</strong></span> <span class='ocrx_word' id='word_1_6' title='bbox 295 335 356 406; x_wconf 81' lang='lat' dir='ltr'><strong>nius</strong></span> <span class='ocrx_word' id='word_1_7' title='bbox 369 334 526 389; x_wconf 63' lang='lat' dir='ltr'><strong>commacu</strong></span> <span class='ocrx_word' id='word_1_8' title='bbox 548 332 646 389; x_wconf 81' lang='lat' dir='ltr'><strong>officia.</strong></span> <span class='ocrx_word' id='word_1_9' title='bbox 669 335 825 393; x_wconf 76' lang='lat' dir='ltr'><strong>Invenimus</strong></span> <span class='ocrx_word' id='word_1_10' title='bbox 838 352 912 405; x_wconf 82' lang='lat' dir='ltr'><strong>prae-</strong></span> <span class='ocrx_word' id='word_1_11' title='bbox 925 339 954 399; x_wconf 88' lang='lat' dir='ltr'><strong>A</strong></span> <span class='ocrx_word' id='word_1_12' title='bbox 969 339 1054 397; x_wconf 82' lang='lat' dir='ltr'><strong>fixum</strong></span> <span class='ocrx_word' id='word_1_13' title='bbox 1069 341 1170 413; x_wconf 80' lang='lat' dir='ltr'><strong>aliquid</strong></span> <span class='ocrx_word' id='word_1_14' title='bbox 1184 358 1216 398; x_wconf 84' lang='lat' dir='ltr'><strong>ac</strong></span> <span class='ocrx_word' id='word_1_15' title='bbox 1230 351 1333 399; x_wconf 81' lang='lat' dir='ltr'><strong>eertum</strong></span> <span class='ocrx_word' id='word_1_16' title='bbox 1350 345 1467 413; x_wconf 80' lang='lat' dir='ltr'><strong>firmare,</strong></span> <span class='ocrx_word' id='word_1_17' title='bbox 1483 347 1644 403; x_wconf 74' lang='lat' dir='ltr'>memoriam</span> <span class='ocrx_word' id='word_1_18' title='bbox 1659 349 1768 418; x_wconf 73' lang='lat' dir='ltr'><strong>namra,</strong></span> 
     </span>
     <span class='ocr_line' id='line_1_3' title="bbox 112 430 1772 503; baseline 0.003 -15"><span class='ocrx_word' id='word_1_19' title='bbox 112 438 186 488; x_wconf 78' lang='lat' dir='ltr'><strong>terea</strong></span> <span class='ocrx_word' id='word_1_20' title='bbox 200 448 278 489; x_wconf 85' lang='lat' dir='ltr'><strong>senes</strong></span> <span class='ocrx_word' id='word_1_21' title='bbox 291 433 434 502; x_wconf 88' lang='lat' dir='ltr'><strong>plerasque</strong></span> <span class='ocrx_word' id='word_1_22' title='bbox 455 447 516 486; x_wconf 79' lang='lat' dir='ltr'><strong>erran</strong></span> <span class='ocrx_word' id='word_1_23' title='bbox 541 431 575 487; x_wconf 92' lang='lat' dir='ltr'><strong>ad</strong></span> <span class='ocrx_word' id='word_1_24' title='bbox 592 432 671 487; x_wconf 81' lang='lat' dir='ltr'><strong>talem</strong></span> <span class='ocrx_word' id='word_1_25' title='bbox 686 433 859 502; x_wconf 78' lang='lat' dir='ltr'><strong>pervenerint</strong></span> <span class='ocrx_word' id='word_1_26' title='bbox 873 450 920 487; x_wconf 89' lang='lat' dir='ltr'><strong>se·</strong></span> <span class='ocrx_word' id='word_1_27' title='bbox 973 439 1000 484; x_wconf 88' lang='lat' dir='ltr'><strong>et</strong></span> <span class='ocrx_word' id='word_1_28' title='bbox 1014 430 1083 486; x_wconf 87' lang='lat' dir='ltr'><strong>velle</strong></span> <span class='ocrx_word' id='word_1_29' title='bbox 1102 447 1191 486; x_wconf 88' lang='lat' dir='ltr'><strong>rerum</strong></span> <span class='ocrx_word' id='word_1_30' title='bbox 1214 447 1309 489; x_wconf 83' lang='lat' dir='ltr'><strong>cavrsas</strong></span> <span class='ocrx_word' id='word_1_31' title='bbox 1331 434 1473 503; x_wconf 87' lang='lat' dir='ltr'><strong>discutere,</strong></span> <span class='ocrx_word' id='word_1_32' title='bbox 1499 444 1526 492; x_wconf 89' lang='lat' dir='ltr'><strong>et</strong></span> <span class='ocrx_word' id='word_1_33' title='bbox 1547 434 1672 493; x_wconf 83' lang='lat' dir='ltr'><strong>discussis</strong></span> <span class='ocrx_word' id='word_1_34' title='bbox 1686 437 1721 494; x_wconf 92' lang='lat' dir='ltr'><strong>ad</strong></span> <span class='ocrx_word' id='word_1_35' title='bbox 1732 441 1772 493; x_wconf 89' lang='lat' dir='ltr'><strong>rei</strong></span> 
     </span>
     <span class='ocr_line' id='line_1_4' title="bbox 112 528 1771 607; baseline 0.004 -24"><span class='ocrx_word' id='word_1_36' title='bbox 112 536 262 598; x_wconf 76' lang='lat' dir='ltr'>nectutem,</span> <span class='ocrx_word' id='word_1_37' title='bbox 289 538 318 585; x_wconf 93' lang='lat' dir='ltr'><strong>ut</strong></span> <span class='ocrx_word' id='word_1_38' title='bbox 346 529 420 584; x_wconf 90' lang='lat' dir='ltr'><strong>nulla</strong></span> <span class='ocrx_word' id='word_1_39' title='bbox 444 530 479 584; x_wconf 87' lang='lat' dir='ltr'><strong>sit</strong></span> <span class='ocrx_word' id='word_1_40' title='bbox 506 529 534 583; x_wconf 92' lang='lat' dir='ltr'><strong>in</strong></span> <span class='ocrx_word' id='word_1_41' title='bbox 561 529 601 584; x_wconf 84' lang='lat' dir='ltr'><strong>eis</strong></span> <span class='ocrx_word' id='word_1_42' title='bbox 626 530 755 586; x_wconf 86' lang='lat' dir='ltr'><strong>fortitudo</strong></span> <span class='ocrx_word' id='word_1_43' title='bbox 778 547 917 602; x_wconf 86' lang='lat' dir='ltr'><strong>corporea,</strong></span> <span class='ocrx_word' id='word_1_44' title='bbox 973 528 1111 583; x_wconf 87' lang='lat' dir='ltr'><strong>veritatem</strong></span> <span class='ocrx_word' id='word_1_45' title='bbox 1133 530 1281 600; x_wconf 86' lang='lat' dir='ltr'><strong>pervenire.</strong></span> <span class='ocrx_word' id='word_1_46' title='bbox 1303 531 1366 587; x_wconf 81' lang='lat' dir='ltr'><strong>Haeo</strong></span> <span class='ocrx_word' id='word_1_47' title='bbox 1381 532 1408 586; x_wconf 91' lang='lat' dir='ltr'><strong>in</strong></span> <span class='ocrx_word' id='word_1_48' title='bbox 1433 533 1506 589; x_wconf 87' lang='lat' dir='ltr'><strong>nulla</strong></span> <span class='ocrx_word' id='word_1_49' title='bbox 1525 534 1651 589; x_wconf 90' lang='lat' dir='ltr'><strong>animalis</strong></span> <span class='ocrx_word' id='word_1_50' title='bbox 1669 536 1771 607; x_wconf 90' lang='lat' dir='ltr'><strong>specie,</strong></span> 
     </span>
     <span class='ocr_line' id='line_1_5' title="bbox 113 616 1419 691; baseline 0.002 -19"><span class='ocrx_word' id='word_1_51' title='bbox 113 624 179 673; x_wconf 89' lang='lat' dir='ltr'><strong>tunc</strong></span> <span class='ocrx_word' id='word_1_52' title='bbox 207 620 311 691; x_wconf 87' lang='lat' dir='ltr'><strong>pollere</strong></span> <span class='ocrx_word' id='word_1_53' title='bbox 336 618 449 675; x_wconf 85' lang='lat' dir='ltr'><strong>consilio</strong></span> <span class='ocrx_word' id='word_1_54' title='bbox 477 618 597 674; x_wconf 89' lang='lat' dir='ltr'><strong>animam</strong></span> <span class='ocrx_word' id='word_1_55' title='bbox 624 626 651 674; x_wconf 87' lang='lat' dir='ltr'><strong>et</strong></span> <span class='ocrx_word' id='word_1_56' title='bbox 673 619 746 675; x_wconf 89' lang='lat' dir='ltr'><strong>omni</strong></span> <span class='ocrx_word' id='word_1_57' title='bbox 769 621 914 690; x_wconf 86' lang='lat' dir='ltr'><strong>sapientia.</strong></span> <span class='ocrx_word' id='word_1_58' title='bbox 973 616 1132 672; x_wconf 78' lang='lat' dir='ltr'><strong>nisiinsole</strong></span> <span class='ocrx_word' id='word_1_59' title='bbox 1148 628 1287 688; x_wconf 88' lang='lat' dir='ltr'><strong>permanet</strong></span> <span class='ocrx_word' id='word_1_60' title='bbox 1301 620 1419 676; x_wconf 88' lang='lat' dir='ltr'><strong>homine.</strong></span> 
     </span>
    </p>
   </div>
   <div class='ocr_carea' id='block_1_3' title="bbox 113 712 1772 1057">
    <p class='ocr_par' dir='ltr' id='par_1_3' title="bbox 113 712 1772 1057">
     <span class='ocr_line' id='line_1_6' title="bbox 113 712 1771 789; baseline 0.01 -21"><span class='ocrx_word' id='word_1_61' title='bbox 113 712 183 768; x_wconf 84' lang='lat' dir='ltr'><strong>ilinc</strong></span> <span class='ocrx_word' id='word_1_62' title='bbox 205 713 296 785; x_wconf 87' lang='lat' dir='ltr'><strong>itaque</strong></span> <span class='ocrx_word' id='word_1_63' title='bbox 324 713 437 769; x_wconf 88' lang='lat' dir='ltr'><strong>evidens</strong></span> <span class='ocrx_word' id='word_1_64' title='bbox 462 713 599 784; x_wconf 75' lang='lat' dir='ltr'>colligitur</span> <span class='ocrx_word' id='word_1_65' title='bbox 615 715 694 782; x_wconf 92' lang='lat' dir='ltr'><strong>ratio,</strong></span> <span class='ocrx_word' id='word_1_66' title='bbox 723 712 795 784; x_wconf 86' lang='lat' dir='ltr'><strong>quod</strong></span> <span class='ocrx_word' id='word_1_67' title='bbox 814 731 918 785; x_wconf 82' lang='lat' dir='ltr'><strong>nequa·</strong></span> <span class='ocrx_word' id='word_1_68' title='bbox 1008 720 1130 774; x_wconf 78' lang='lat' dir='ltr'><strong>llovaas.</strong></span> <span class='ocrx_word' id='word_1_69' title='bbox 1147 719 1225 789; x_wconf 79' lang='lat' dir='ltr'><strong>Quali</strong></span> <span class='ocrx_word' id='word_1_70' title='bbox 1239 723 1322 779; x_wconf 93' lang='lat' dir='ltr'><strong>modo</strong></span> <span class='ocrx_word' id='word_1_71' title='bbox 1337 724 1395 779; x_wconf 80' lang='lat' dir='ltr'><strong>istae</strong></span> <span class='ocrx_word' id='word_1_72' title='bbox 1410 734 1462 778; x_wconf 88' lang='lat' dir='ltr'><strong>tres</strong></span> <span class='ocrx_word' id='word_1_73' title='bbox 1476 725 1575 781; x_wconf 76' lang='lat' dir='ltr'><strong>animoa</strong></span> <span class='ocrx_word' id='word_1_74' title='bbox 1590 727 1617 780; x_wconf 93' lang='lat' dir='ltr'><strong>in</strong></span> <span class='ocrx_word' id='word_1_75' title='bbox 1632 743 1686 783; x_wconf 92' lang='lat' dir='ltr'><strong>uno</strong></span> <span class='ocrx_word' id='word_1_76' title='bbox 1703 743 1771 783; x_wconf 90' lang='lat' dir='ltr'><strong>con·</strong></span> 
     </span>
     <span class='ocr_line' id='line_1_7' title="bbox 114 801 1772 873; baseline 0.009 -18"><span class='ocrx_word' id='word_1_77' title='bbox 114 816 197 871; x_wconf 81' lang='lat' dir='ltr'><strong>quarn</strong></span> <span class='ocrx_word' id='word_1_78' title='bbox 226 801 260 856; x_wconf 90' lang='lat' dir='ltr'><strong>de</strong></span> <span class='ocrx_word' id='word_1_79' title='bbox 287 802 481 857; x_wconf 88' lang='lat' dir='ltr'><strong>elementorum</strong></span> <span class='ocrx_word' id='word_1_80' title='bbox 510 802 608 871; x_wconf 90' lang='lat' dir='ltr'><strong>copula</strong></span> <span class='ocrx_word' id='word_1_81' title='bbox 635 802 774 857; x_wconf 87' lang='lat' dir='ltr'><strong>rationalis</strong></span> <span class='ocrx_word' id='word_1_82' title='bbox 807 803 919 873; x_wconf 86' lang='lat' dir='ltr'><strong>prodeat</strong></span> <span class='ocrx_word' id='word_1_83' title='bbox 972 809 1095 863; x_wconf 89' lang='lat' dir='ltr'><strong>venerint</strong></span> <span class='ocrx_word' id='word_1_84' title='bbox 1109 811 1231 865; x_wconf 85' lang='lat' dir='ltr'><strong>lvorvrine:</strong></span> <span class='ocrx_word' id='word_1_85' title='bbox 1248 810 1308 867; x_wconf 78' lang='lat' dir='ltr'><strong>dum</strong></span> <span class='ocrx_word' id='word_1_86' title='bbox 1324 828 1387 868; x_wconf 78' lang='lat' dir='ltr'><strong>aera</strong></span> <span class='ocrx_word' id='word_1_87' title='bbox 1411 813 1437 867; x_wconf 95' lang='lat' dir='ltr'><strong>in</strong></span> <span class='ocrx_word' id='word_1_88' title='bbox 1454 813 1652 869; x_wconf 74' lang='lat' dir='ltr'><strong>irrationalibus</strong></span> <span class='ocrx_word' id='word_1_89' title='bbox 1669 816 1772 871; x_wconf 83' lang='lat' dir='ltr'><strong>anirvaa-</strong></span> 
     </span>
     <span class='ocr_line' id='line_1_8' title="bbox 113 886 1768 961; baseline 0.005 -22"><span class='ocrx_word' id='word_1_90' title='bbox 113 886 217 954; x_wconf 84' lang='lat' dir='ltr'><strong>eninm,</strong></span> <span class='ocrx_word' id='word_1_91' title='bbox 231 887 280 941; x_wconf 87' lang='lat' dir='ltr'><strong>sed</strong></span> <span class='ocrx_word' id='word_1_92' title='bbox 293 886 362 941; x_wconf 88' lang='lat' dir='ltr'><strong>sicut</strong></span> <span class='ocrx_word' id='word_1_93' title='bbox 384 886 507 957; x_wconf 87' lang='lat' dir='ltr'><strong>superius</strong></span> <span class='ocrx_word' id='word_1_94' title='bbox 527 887 656 954; x_wconf 80' lang='lat' dir='ltr'><strong>diximus,</strong></span> <span class='ocrx_word' id='word_1_95' title='bbox 679 888 712 941; x_wconf 87' lang='lat' dir='ltr'><strong>sit</strong></span> <span class='ocrx_word' id='word_1_96' title='bbox 727 903 776 959; x_wconf 91' lang='lat' dir='ltr'><strong>per</strong></span> <span class='ocrx_word' id='word_1_97' title='bbox 789 904 817 941; x_wconf 86' lang='lat' dir='ltr'><strong>se</strong></span> <span class='ocrx_word' id='word_1_98' title='bbox 832 888 919 943; x_wconf 89' lang='lat' dir='ltr'><strong>subsi-</strong></span> <span class='ocrx_word' id='word_1_99' title='bbox 972 896 1051 950; x_wconf 75' lang='lat' dir='ltr'><strong>linus,</strong></span> <span class='ocrx_word' id='word_1_100' title='bbox 1080 897 1170 953; x_wconf 66' lang='lat' dir='ltr'><strong>&#39;rervm</strong></span> <span class='ocrx_word' id='word_1_101' title='bbox 1191 906 1279 955; x_wconf 70' lang='lat' dir='ltr'><strong>aurem</strong></span> <span class='ocrx_word' id='word_1_102' title='bbox 1306 901 1364 957; x_wconf 73' lang='lat' dir='ltr'><strong>sot-,1</strong></span> <span class='ocrx_word' id='word_1_103' title='bbox 1379 902 1405 955; x_wconf 73' lang='lat' dir='ltr'><strong>in</strong></span> <span class='ocrx_word' id='word_1_104' title='bbox 1420 902 1549 957; x_wconf 66' lang='lat' dir='ltr'><strong>munibus</strong></span> <span class='ocrx_word' id='word_1_105' title='bbox 1576 903 1609 959; x_wconf 70' lang='lat'><strong>(10</strong></span> <span class='ocrx_word' id='word_1_106' title='bbox 1634 913 1703 961; x_wconf 64' lang='lat' dir='ltr'><strong>parm</strong></span> <span class='ocrx_word' id='word_1_107' title='bbox 1718 922 1768 960; x_wconf 59' lang='lat' dir='ltr'><strong>na.</strong></span> 
     </span>
     <span class='ocr_line' id='line_1_9' title="bbox 113 983 1649 1057; baseline 0.006 -19"><span class='ocrx_word' id='word_1_108' title='bbox 113 992 188 1039; x_wconf 87' lang='lat' dir='ltr'><strong>slens</strong></span> <span class='ocrx_word' id='word_1_109' title='bbox 207 985 365 1040; x_wconf 86' lang='lat' dir='ltr'><strong>substantia.</strong></span> <span class='ocrx_word' id='word_1_110' title='bbox 383 983 520 1054; x_wconf 82' lang='lat' dir='ltr'><strong>Quidquid</strong></span> <span class='ocrx_word' id='word_1_111' title='bbox 535 985 608 1038; x_wconf 87' lang='lat' dir='ltr'><strong>enirn</strong></span> <span class='ocrx_word' id='word_1_112' title='bbox 631 1001 714 1039; x_wconf 90' lang='lat' dir='ltr'><strong>unum</strong></span> <span class='ocrx_word' id='word_1_113' title='bbox 730 1002 842 1041; x_wconf 85' lang='lat' dir='ltr'><strong>nuvrvero</strong></span> <span class='ocrx_word' id='word_1_114' title='bbox 857 988 918 1042; x_wconf 86' lang='lat' dir='ltr'><strong>eni·</strong></span> <span class='ocrx_word' id='word_1_115' title='bbox 972 986 1115 1056; x_wconf 69' lang='lat' dir='ltr'><strong>serentibus,</strong></span> <span class='ocrx_word' id='word_1_116' title='bbox 1132 988 1275 1057; x_wconf 70' lang='lat' dir='ltr'><strong>stigmam,</strong></span> <span class='ocrx_word' id='word_1_117' title='bbox 1290 998 1316 1043; x_wconf 91' lang='lat' dir='ltr'><strong>et</strong></span> <span class='ocrx_word' id='word_1_118' title='bbox 1331 991 1506 1045; x_wconf 74' lang='lat' dir='ltr'><strong>veliementer</strong></span> <span class='ocrx_word' id='word_1_119' title='bbox 1519 991 1649 1047; x_wconf 89' lang='lat' dir='ltr'><strong>admiror.</strong></span> 
     </span>
    </p>
   </div>
   <div class='ocr_carea' id='block_1_4' title="bbox 113 1073 1773 1160">
    <p class='ocr_par' dir='ltr' id='par_1_4' title="bbox 113 1073 1773 1160">
     <span class='ocr_line' id='line_1_10' title="bbox 113 1073 1773 1160; baseline 0.011 -35"><span class='ocrx_word' id='word_1_120' title='bbox 113 1082 228 1128; x_wconf 74' lang='lat' dir='ltr'><strong>smnsel</strong></span> <span class='ocrx_word' id='word_1_121' title='bbox 250 1074 278 1128; x_wconf 90' lang='lat' dir='ltr'><strong>in</strong></span> <span class='ocrx_word' id='word_1_122' title='bbox 293 1074 443 1127; x_wconf 87' lang='lat' dir='ltr'><strong>scinctura</strong></span> <span class='ocrx_word' id='word_1_123' title='bbox 467 1073 635 1127; x_wconf 84' lang='lat' dir='ltr'><strong>inanmtabile</strong></span> <span class='ocrx_word' id='word_1_124' title='bbox 656 1088 826 1144; x_wconf 89' lang='lat' dir='ltr'><strong>permaneus,</strong></span> <span class='ocrx_word' id='word_1_125' title='bbox 849 1091 918 1130; x_wconf 91' lang='lat' dir='ltr'><strong>con·</strong></span> <span class='ocrx_word' id='word_1_126' title='bbox 1009 1085 1127 1139; x_wconf 75' lang='lat' dir='ltr'><strong>Parcus.</strong></span> <span class='ocrx_word' id='word_1_127' title='bbox 1166 1087 1195 1139; x_wconf 89' lang='lat' dir='ltr'><strong>ln</strong></span> <span class='ocrx_word' id='word_1_128' title='bbox 1224 1085 1402 1156; x_wconf 83' lang='lat' dir='ltr'><strong>quorumdam</strong></span> <span class='ocrx_word' id='word_1_129' title='bbox 1444 1087 1665 1160; x_wconf 87' lang='lat' dir='ltr'><strong>philosophorum</strong></span> <span class='ocrx_word' id='word_1_130' title='bbox 1698 1091 1773 1146; x_wconf 83' lang='lat' dir='ltr'><strong>libris</strong></span> 
     </span>
    </p>
   </div>
   <div class='ocr_carea' id='block_1_5' title="bbox 112 1156 1771 1339">
    <p class='ocr_par' dir='ltr' id='par_1_5' title="bbox 112 1156 1771 1339">
     <span class='ocr_line' id='line_1_11' title="bbox 113 1156 1770 1247; baseline 0.007 -24"><span class='ocrx_word' id='word_1_131' title='bbox 113 1158 259 1214; x_wconf 55' lang='lat' dir='ltr'><strong>“utilitum</strong></span> <span class='ocrx_word' id='word_1_132' title='bbox 283 1166 323 1213; x_wconf 69' lang='lat' dir='ltr'><strong>esf</strong></span> <span class='ocrx_word' id='word_1_133' title='bbox 345 1156 526 1228; x_wconf 56' lang='lat' dir='ltr'><strong>susceptibile,</strong></span> <span class='ocrx_word' id='word_1_134' title='bbox 550 1158 698 1213; x_wconf 51' lang='lat' dir='ltr'><strong>subdidisti</strong></span> <span class='ocrx_word' id='word_1_135' title='bbox 712 1167 753 1213; x_wconf 68' lang='lat'><strong>0⁸²</strong></span> <span class='ocrx_word' id='word_1_136' title='bbox 767 1160 857 1228; x_wconf 80' lang='lat' dir='ltr'><strong>utique</strong></span> <span class='ocrx_word' id='word_1_137' title='bbox 871 1176 920 1228; x_wconf 66' lang='grc' dir='ltr'><strong>1)ῡῖ</strong></span> <span class='ocrx_word' id='word_1_138' title='bbox 973 1172 1037 1243; x_wconf 81' lang='lat' dir='ltr'><strong>legi,</strong></span> <span class='ocrx_word' id='word_1_139' title='bbox 1054 1172 1201 1242; x_wconf 89' lang='lat' dir='ltr'><strong>quodcum</strong></span> <span class='ocrx_word' id='word_1_140' title='bbox 1225 1190 1314 1229; x_wconf 89' lang='lat' dir='ltr'><strong>rorum</strong></span> <span class='ocrx_word' id='word_1_141' title='bbox 1340 1176 1439 1247; x_wconf 85' lang='lat' dir='ltr'><strong>placuit</strong></span> <span class='ocrx_word' id='word_1_142' title='bbox 1458 1178 1571 1231; x_wconf 87' lang='lat' dir='ltr'><strong>creatori</strong></span> <span class='ocrx_word' id='word_1_143' title='bbox 1595 1179 1770 1236; x_wconf 87' lang='lat' dir='ltr'><strong>animantium</strong></span> 
     </span>
     <span class='ocr_line' id='line_1_12' title="bbox 112 1245 1771 1339; baseline 0.005 -36"><span class='ocrx_word' id='word_1_144' title='bbox 112 1263 142 1303; x_wconf 89' lang='lat' dir='ltr'><strong>se</strong></span> <span class='ocrx_word' id='word_1_145' title='bbox 158 1246 318 1302; x_wconf 68' lang='lat' dir='ltr'><strong>subsistens.</strong></span> <span class='ocrx_word' id='word_1_146' title='bbox 333 1245 467 1315; x_wconf 85' lang='lat' dir='ltr'><strong>Quoniam</strong></span> <span class='ocrx_word' id='word_1_147' title='bbox 479 1245 561 1318; x_wconf 84' lang='lat' dir='ltr'><strong>igitur</strong></span> <span class='ocrx_word' id='word_1_148' title='bbox 574 1247 726 1302; x_wconf 88' lang='lat' dir='ltr'><strong>animauna</strong></span> <span class='ocrx_word' id='word_1_149' title='bbox 741 1254 780 1303; x_wconf 91' lang='lat' dir='ltr'><strong>cst</strong></span> <span class='ocrx_word' id='word_1_150' title='bbox 794 1264 917 1339; x_wconf 59' lang='lat' dir='ltr'><strong>curavero,</strong></span> <span class='ocrx_word' id='word_1_151' title='bbox 973 1262 1093 1316; x_wconf 71' lang='lat' dir='ltr'><strong>omnium</strong></span> <span class='ocrx_word' id='word_1_152' title='bbox 1117 1269 1196 1332; x_wconf 61' lang='lat' dir='ltr'><strong>arque</strong></span> <span class='ocrx_word' id='word_1_153' title='bbox 1224 1263 1367 1319; x_wconf 62' lang='lat' dir='ltr'><strong>virentium</strong></span> <span class='ocrx_word' id='word_1_154' title='bbox 1386 1280 1528 1334; x_wconf 55' lang='lat' dir='ltr'><strong>plumam·</strong></span> <span class='ocrx_word' id='word_1_155' title='bbox 1553 1281 1676 1338; x_wconf 59' lang='lat' dir='ltr'><strong>corpora,</strong></span> <span class='ocrx_word' id='word_1_156' title='bbox 1702 1285 1771 1339; x_wconf 67' lang='lat' dir='ltr'><strong>qua.</strong></span> 
     </span>
    </p>
   </div>
   <div class='ocr_carea' id='block_1_6' title="bbox 109 1343 1773 1615">
    <p class='ocr_par' dir='ltr' id='par_1_6' title="bbox 109 1343 1773 1615">
     <span class='ocr_line' id='line_1_13' title="bbox 112 1343 1772 1429; baseline 0.005 -17"><span class='ocrx_word' id='word_1_157' title='bbox 112 1344 197 1401; x_wconf 69' lang='lat' dir='ltr'><strong>V⁰¹t¹fi</strong></span> <span class='ocrx_word' id='word_1_158' title='bbox 222 1346 349 1413; x_wconf 85' lang='lat' dir='ltr'><strong>Platonis,</strong></span> <span class='ocrx_word' id='word_1_159' title='bbox 376 1344 502 1411; x_wconf 60' lang='lat' dir='ltr'><strong>SOGNUS»</strong></span> <span class='ocrx_word' id='word_1_160' title='bbox 525 1344 584 1399; x_wconf 62' lang='lat' dir='ltr'><strong>iile</strong></span> <span class='ocrx_word' id='word_1_161' title='bbox 605 1343 747 1415; x_wconf 63' lang='lat' dir='ltr'><strong>fujusllbfl</strong></span> <span class='ocrx_word' id='word_1_162' title='bbox 764 1345 841 1400; x_wconf 70' lang='lat' dir='ltr'><strong>unius</strong></span> <span class='ocrx_word' id='word_1_163' title='bbox 865 1348 917 1401; x_wconf 78' lang='lat'><strong>¹¹⁰·</strong></span> <span class='ocrx_word' id='word_1_164' title='bbox 973 1369 1032 1416; x_wconf 90' lang='lat' dir='ltr'><strong>tuor</strong></span> <span class='ocrx_word' id='word_1_165' title='bbox 1062 1362 1090 1415; x_wconf 94' lang='lat' dir='ltr'><strong>in</strong></span> <span class='ocrx_word' id='word_1_166' title='bbox 1122 1377 1205 1416; x_wconf 91' lang='lat' dir='ltr'><strong>unum</strong></span> <span class='ocrx_word' id='word_1_167' title='bbox 1238 1363 1407 1417; x_wconf 79' lang='lat' dir='ltr'><strong>commiscuit</strong></span> <span class='ocrx_word' id='word_1_168' title='bbox 1444 1363 1587 1429; x_wconf 88' lang='lat' dir='ltr'><strong>elementa,</strong></span> <span class='ocrx_word' id='word_1_169' title='bbox 1621 1374 1647 1419; x_wconf 89' lang='lat' dir='ltr'><strong>et</strong></span> <span class='ocrx_word' id='word_1_170' title='bbox 1679 1381 1772 1421; x_wconf 90' lang='lat' dir='ltr'><strong>corum</strong></span> 
     </span>
     <span class='ocr_line' id='line_1_14' title="bbox 110 1433 1772 1523; baseline 0.005 -22"><span class='ocrx_word' id='word_1_171' title='bbox 110 1434 194 1489; x_wconf 66' lang='lat' dir='ltr'><strong>minis</strong></span> <span class='ocrx_word' id='word_1_172' title='bbox 209 1435 310 1502; x_wconf 60' lang='lat' dir='ltr'><strong>&amp;nimfo</strong></span> <span class='ocrx_word' id='word_1_173' title='bbox 327 1449 377 1488; x_wconf 78' lang='lat'><strong>¹¹⁰⁰</strong></span> <span class='ocrx_word' id='word_1_174' title='bbox 400 1434 429 1488; x_wconf 71' lang='lat'><strong>5¹1</strong></span> <span class='ocrx_word' id='word_1_175' title='bbox 450 1434 491 1487; x_wconf 68' lang='lat' dir='ltr'><strong>sui</strong></span> <span class='ocrx_word' id='word_1_176' title='bbox 515 1433 755 1488; x_wconf 62' lang='lat' dir='ltr'><strong>sslillfflflflstifflus</strong></span> <span class='ocrx_word' id='word_1_177' title='bbox 779 1442 917 1506; x_wconf 54' lang='lat' dir='ltr'><strong>pisinum·</strong></span> <span class='ocrx_word' id='word_1_178' title='bbox 972 1450 1112 1519; x_wconf 89' lang='lat' dir='ltr'><strong>qualitatcs</strong></span> <span class='ocrx_word' id='word_1_179' title='bbox 1139 1450 1220 1505; x_wconf 87' lang='lat' dir='ltr'><strong>aliam</strong></span> <span class='ocrx_word' id='word_1_180' title='bbox 1247 1467 1296 1505; x_wconf 88' lang='lat' dir='ltr'><strong>sua</strong></span> <span class='ocrx_word' id='word_1_181' title='bbox 1325 1453 1485 1523; x_wconf 87' lang='lat' dir='ltr'><strong>temperavit</strong></span> <span class='ocrx_word' id='word_1_182' title='bbox 1511 1453 1654 1520; x_wconf 86' lang='lat' dir='ltr'><strong>contraria,</strong></span> <span class='ocrx_word' id='word_1_183' title='bbox 1683 1462 1710 1509; x_wconf 91' lang='lat' dir='ltr'><strong>et</strong></span> <span class='ocrx_word' id='word_1_184' title='bbox 1738 1471 1772 1509; x_wconf 85' lang='lat' dir='ltr'><strong>ex</strong></span> 
     </span>
     <span class='ocr_line' id='line_1_15' title="bbox 109 1522 1773 1615; baseline 0.005 -25"><span class='ocrx_word' id='word_1_185' title='bbox 109 1532 163 1587; x_wconf 67' lang='lat' dir='ltr'><strong>lut·</strong></span> <span class='ocrx_word' id='word_1_186' title='bbox 180 1523 228 1579; x_wconf 65' lang='lat' dir='ltr'><strong>Sed</strong></span> <span class='ocrx_word' id='word_1_187' title='bbox 243 1522 308 1578; x_wconf 66' lang='lat' dir='ltr'><strong>b⁰ssl</strong></span> <span class='ocrx_word' id='word_1_188' title='bbox 323 1522 699 1593; x_wconf 64' lang='lat' dir='ltr'><strong>malit1¹¹⁰‘³⁸²⁵11500lllibilss·</strong></span> <span class='ocrx_word' id='word_1_189' title='bbox 725 1531 807 1578; x_wconf 59' lang='grc' dir='ltr'><strong>Γθὸῑθῑ</strong></span> <span class='ocrx_word' id='word_1_190' title='bbox 822 1539 917 1579; x_wconf 59' lang='lat' dir='ltr'><strong>ssessffi·</strong></span> <span class='ocrx_word' id='word_1_191' title='bbox 972 1538 1018 1597; x_wconf 87' lang='lat' dir='ltr'><strong>ille</strong></span> <span class='ocrx_word' id='word_1_192' title='bbox 1048 1538 1240 1594; x_wconf 83' lang='lat' dir='ltr'><strong>commixtione</strong></span> <span class='ocrx_word' id='word_1_193' title='bbox 1273 1549 1396 1610; x_wconf 80' lang='lat' dir='ltr'><strong>promam</strong></span> <span class='ocrx_word' id='word_1_194' title='bbox 1429 1548 1490 1595; x_wconf 85' lang='lat' dir='ltr'><strong>sum</strong></span> <span class='ocrx_word' id='word_1_195' title='bbox 1528 1557 1642 1611; x_wconf 88' lang='lat' dir='ltr'><strong>corpora</strong></span> <span class='ocrx_word' id='word_1_196' title='bbox 1674 1559 1773 1615; x_wconf 88' lang='lat' dir='ltr'><strong>supra-</strong></span> 
     </span>
    </p>
   </div>
   <div class='ocr_carea' id='block_1_7' title="bbox 110 1611 1773 1801">
    <p class='ocr_par' dir='ltr' id='par_1_7' title="bbox 110 1611 1773 1801">
     <span class='ocr_line' id='line_1_16' title="bbox 110 1611 1771 1710; baseline 0.004 -43"><span class='ocrx_word' id='word_1_197' title='bbox 110 1612 184 1667; x_wconf 88' lang='lat' dir='ltr'><strong>sario</strong></span> <span class='ocrx_word' id='word_1_198' title='bbox 200 1621 230 1666; x_wconf 93' lang='lat' dir='ltr'><strong>ut</strong></span> <span class='ocrx_word' id='word_1_199' title='bbox 242 1612 276 1666; x_wconf 85' lang='lat' dir='ltr'><strong>sit</strong></span> <span class='ocrx_word' id='word_1_200' title='bbox 290 1627 340 1680; x_wconf 89' lang='lat' dir='ltr'><strong>per</strong></span> <span class='ocrx_word' id='word_1_201' title='bbox 352 1629 381 1665; x_wconf 85' lang='lat' dir='ltr'><strong>se</strong></span> <span class='ocrx_word' id='word_1_202' title='bbox 400 1611 548 1709; x_wconf 83' lang='lat' dir='ltr'><strong>subsistens</strong></span> <span class='ocrx_word' id='word_1_203' title='bbox 562 1611 721 1666; x_wconf 81' lang='lat' dir='ltr'><strong>substantia.</strong></span> <span class='ocrx_word' id='word_1_204' title='bbox 747 1613 815 1710; x_wconf 35' lang='lat' dir='ltr'><strong>lloc·</strong></span> <span class='ocrx_word' id='word_1_205' title='bbox 827 1620 917 1667; x_wconf 89' lang='lat' dir='ltr'><strong>autem</strong></span> <span class='ocrx_word' id='word_1_206' title='bbox 971 1634 1051 1690; x_wconf 41' lang='lat' dir='ltr'><strong>diepa·</strong></span> <span class='ocrx_word' id='word_1_207' title='bbox 1068 1636 1107 1689; x_wconf 61' lang='lat' dir='ltr'><strong>Ex</strong></span> <span class='ocrx_word' id='word_1_208' title='bbox 1123 1636 1281 1706; x_wconf 62' lang='lat' dir='ltr'><strong>quapjmmm</strong></span> <span class='ocrx_word' id='word_1_209' title='bbox 1301 1652 1365 1693; x_wconf 61' lang='lat' dir='ltr'><strong>wo</strong></span> <span class='ocrx_word' id='word_1_210' title='bbox 1380 1638 1558 1709; x_wconf 58' lang='lat' dir='ltr'><strong>,emperantia</strong></span> <span class='ocrx_word' id='word_1_211' title='bbox 1574 1649 1689 1709; x_wconf 48' lang='lat' dir='ltr'>quatuor</span> <span class='ocrx_word' id='word_1_212' title='bbox 1702 1655 1771 1710; x_wconf 65' lang='lat' dir='ltr'><strong>pm,</strong></span> 
     </span>
     <span class='ocr_line' id='line_1_17' title="bbox 110 1693 1773 1801; baseline 0.004 -46"><span class='ocrx_word' id='word_1_213' title='bbox 110 1700 196 1757; x_wconf 88' lang='lat' dir='ltr'><strong>modo</strong></span> <span class='ocrx_word' id='word_1_214' title='bbox 211 1700 341 1770; x_wconf 87' lang='lat' dir='ltr'><strong>probatur</strong></span> <span class='ocrx_word' id='word_1_215' title='bbox 355 1699 428 1770; x_wconf 85' lang='lat' dir='ltr'><strong>quod</strong></span> <span class='ocrx_word' id='word_1_216' title='bbox 451 1715 506 1754; x_wconf 91' lang='lat' dir='ltr'><strong>non</strong></span> <span class='ocrx_word' id='word_1_217' title='bbox 526 1708 561 1754; x_wconf 82' lang='lat' dir='ltr'><strong>sat</strong></span> <span class='ocrx_word' id='word_1_218' title='bbox 574 1716 713 1772; x_wconf 86' lang='lat' dir='ltr'><strong>corporea.</strong></span> <span class='ocrx_word' id='word_1_219' title='bbox 736 1699 831 1755; x_wconf 80' lang='lat' dir='ltr'><strong>Omnis</strong></span> <span class='ocrx_word' id='word_1_220' title='bbox 853 1716 916 1755; x_wconf 85' lang='lat' dir='ltr'><strong>cor·</strong></span> <span class='ocrx_word' id='word_1_221' title='bbox 929 1693 958 1754; x_wconf 93' lang='lat' dir='ltr'><strong>B</strong></span> <span class='ocrx_word' id='word_1_222' title='bbox 972 1732 1099 1779; x_wconf 55' lang='lat' dir='ltr'><strong>,onerum</strong></span> <span class='ocrx_word' id='word_1_223' title='bbox 1114 1732 1226 1791; x_wconf 39' lang='lat' dir='ltr'><strong>napum,</strong></span> <span class='ocrx_word' id='word_1_224' title='bbox 1253 1741 1319 1795; x_wconf 63' lang='lat' dir='ltr'>quas</span> <span class='ocrx_word' id='word_1_225' title='bbox 1347 1725 1523 1798; x_wconf 59' lang='lat' dir='ltr'><strong>pmpxpmus</strong></span> <span class='ocrx_word' id='word_1_226' title='bbox 1551 1727 1672 1796; x_wconf 47' lang='lat' dir='ltr'><strong>pistum,</strong></span> <span class='ocrx_word' id='word_1_227' title='bbox 1690 1744 1773 1801; x_wconf 56' lang='lat' dir='ltr'><strong>appe,</strong></span> 
     </span>
    </p>
   </div>
   <div class='ocr_carea' id='block_1_8' title="bbox 111 1796 1771 1898">
    <p class='ocr_par' dir='ltr' id='par_1_8' title="bbox 111 1796 1771 1898">
     <span class='ocr_line' id='line_1_18' title="bbox 111 1796 1771 1898; baseline 0.007 -28"><span class='ocrx_word' id='word_1_228' title='bbox 111 1798 315 1870; x_wconf 61' lang='lat' dir='ltr'><strong>Wfisquafiuss</strong></span> <span class='ocrx_word' id='word_1_229' title='bbox 338 1797 463 1852; x_wconf 61' lang='lat' dir='ltr'><strong>humanis</strong></span> <span class='ocrx_word' id='word_1_230' title='bbox 481 1796 916 1868; x_wconf 48' lang='lat' dir='ltr'><strong>⁵⁰bj41⁰⁰²³⁰⁰⁸ibu⁸ffinju⁵⁰u⁰·</strong></span> <span class='ocrx_word' id='word_1_231' title='bbox 971 1822 1046 1877; x_wconf 88' lang='lat' dir='ltr'><strong>titiva</strong></span> <span class='ocrx_word' id='word_1_232' title='bbox 1076 1822 1186 1890; x_wconf 90' lang='lat' dir='ltr'><strong>scilicet,</strong></span> <span class='ocrx_word' id='word_1_233' title='bbox 1219 1824 1359 1888; x_wconf 87' lang='lat' dir='ltr'><strong>retentiva,</strong></span> <span class='ocrx_word' id='word_1_234' title='bbox 1391 1823 1526 1897; x_wconf 84' lang='lat' dir='ltr'><strong>digestiva</strong></span> <span class='ocrx_word' id='word_1_235' title='bbox 1559 1834 1586 1880; x_wconf 91' lang='lat' dir='ltr'><strong>et</strong></span> <span class='ocrx_word' id='word_1_236' title='bbox 1618 1826 1771 1898; x_wconf 81' lang='lat' dir='ltr'><strong>expulsiva.</strong></span> 
     </span>
    </p>
   </div>
   <div class='ocr_carea' id='block_1_9' title="bbox 110 1885 918 2047">
    <p class='ocr_par' dir='ltr' id='par_1_9' title="bbox 110 1885 918 2047">
     <span class='ocr_line' id='line_1_19' title="bbox 112 1885 918 1958; baseline 0 -16"><span class='ocrx_word' id='word_1_237' title='bbox 112 1902 166 1957; x_wconf 89' lang='lat' dir='ltr'><strong>quc</strong></span> <span class='ocrx_word' id='word_1_238' title='bbox 185 1894 276 1942; x_wconf 85' lang='lat' dir='ltr'><strong>autem</strong></span> <span class='ocrx_word' id='word_1_239' title='bbox 295 1885 334 1940; x_wconf 88' lang='lat' dir='ltr'><strong>rei</strong></span> <span class='ocrx_word' id='word_1_240' title='bbox 355 1885 496 1956; x_wconf 85' lang='lat' dir='ltr'><strong>qualitates</strong></span> <span class='ocrx_word' id='word_1_241' title='bbox 525 1886 589 1940; x_wconf 82' lang='lat' dir='ltr'><strong>milli</strong></span> <span class='ocrx_word' id='word_1_242' title='bbox 619 1902 749 1958; x_wconf 86' lang='lat' dir='ltr'><strong>corporeo</strong></span> <span class='ocrx_word' id='word_1_243' title='bbox 776 1886 918 1956; x_wconf 90' lang='lat' dir='ltr'><strong>subjacent</strong></span> 
     </span>
     <span class='ocr_line' id='line_1_20' title="bbox 110 1974 917 2047; baseline 0.001 -16"><span class='ocrx_word' id='word_1_244' title='bbox 110 1976 213 2043; x_wconf 88' lang='lat' dir='ltr'><strong>sensui,</strong></span> <span class='ocrx_word' id='word_1_245' title='bbox 239 1991 289 2031; x_wconf 91' lang='lat' dir='ltr'><strong>nec</strong></span> <span class='ocrx_word' id='word_1_246' title='bbox 318 1991 450 2045; x_wconf 90' lang='lat' dir='ltr'><strong>corporea</strong></span> <span class='ocrx_word' id='word_1_247' title='bbox 473 1982 512 2030; x_wconf 90' lang='lat' dir='ltr'><strong>est</strong></span> <span class='ocrx_word' id='word_1_248' title='bbox 542 1975 600 2047; x_wconf 87' lang='lat' dir='ltr'><strong>ipsa</strong></span> <span class='ocrx_word' id='word_1_249' title='bbox 619 1974 742 2031; x_wconf 91' lang='lat' dir='ltr'><strong>dicendo.</strong></span> <span class='ocrx_word' id='word_1_250' title='bbox 770 1974 917 2045; x_wconf 88' lang='lat' dir='ltr'><strong>Qualitatcs</strong></span> 
     </span>
    </p>
   </div>
   <div class='ocr_carea' id='block_1_10' title="bbox 110 2072 917 2233">
    <p class='ocr_par' dir='ltr' id='par_1_10' title="bbox 110 2072 917 2233">
     <span class='ocr_line' id='line_1_21' title="bbox 112 2072 917 2143; baseline -0.001 -14"><span class='ocrx_word' id='word_1_251' title='bbox 112 2080 203 2130; x_wconf 86' lang='lat' dir='ltr'><strong>autem</strong></span> <span class='ocrx_word' id='word_1_252' title='bbox 219 2073 318 2128; x_wconf 85' lang='lat' dir='ltr'><strong>animae</strong></span> <span class='ocrx_word' id='word_1_253' title='bbox 332 2072 436 2127; x_wconf 92' lang='lat' dir='ltr'><strong>benum</strong></span> <span class='ocrx_word' id='word_1_254' title='bbox 451 2081 513 2127; x_wconf 92' lang='lat' dir='ltr'><strong>sunt</strong></span> <span class='ocrx_word' id='word_1_255' title='bbox 527 2081 553 2126; x_wconf 91' lang='lat' dir='ltr'><strong>et</strong></span> <span class='ocrx_word' id='word_1_256' title='bbox 569 2072 682 2139; x_wconf 87' lang='lat' dir='ltr'><strong>malum,</strong></span> <span class='ocrx_word' id='word_1_257' title='bbox 698 2089 758 2143; x_wconf 83' lang='lat' dir='ltr'><strong>qum</strong></span> <span class='ocrx_word' id='word_1_258' title='bbox 770 2072 843 2128; x_wconf 92' lang='lat' dir='ltr'><strong>nullo</strong></span> <span class='ocrx_word' id='word_1_259' title='bbox 857 2088 883 2128; x_wconf 81' lang='lat' dir='ltr'><strong>cv</strong></span> <span class='ocrx_word' id='word_1_260' title='bbox 891 2089 917 2128; x_wconf 90' lang='lat' dir='ltr'><strong>r·</strong></span> 
     </span>
     <span class='ocr_line' id='line_1_22' title="bbox 110 2161 916 2233; baseline -0.001 -16"><span class='ocrx_word' id='word_1_261' title='bbox 110 2176 197 2232; x_wconf 87' lang='lat' dir='ltr'><strong>poreo</strong></span> <span class='ocrx_word' id='word_1_262' title='bbox 212 2161 396 2233; x_wconf 87' lang='lat' dir='ltr'><strong>percipiuntur</strong></span> <span class='ocrx_word' id='word_1_263' title='bbox 409 2178 498 2216; x_wconf 87' lang='lat' dir='ltr'><strong>sensu.</strong></span> <span class='ocrx_word' id='word_1_264' title='bbox 515 2161 612 2216; x_wconf 85' lang='lat' dir='ltr'><strong>llninm</strong></span> <span class='ocrx_word' id='word_1_265' title='bbox 636 2161 718 2233; x_wconf 80' lang='lat' dir='ltr'><strong>igitur</strong></span> <span class='ocrx_word' id='word_1_266' title='bbox 731 2177 784 2217; x_wconf 92' lang='lat' dir='ltr'><strong>non</strong></span> <span class='ocrx_word' id='word_1_267' title='bbox 799 2168 839 2216; x_wconf 90' lang='lat' dir='ltr'><strong>cst</strong></span> <span class='ocrx_word' id='word_1_268' title='bbox 853 2177 916 2217; x_wconf 89' lang='lat' dir='ltr'><strong>cor-</strong></span> 
     </span>
    </p>
   </div>
   <div class='ocr_carea' id='block_1_11' title="bbox 111 2250 984 2323">
    <p class='ocr_par' dir='ltr' id='par_1_11' title="bbox 111 2250 984 2323">
     <span class='ocr_line' id='line_1_23' title="bbox 111 2250 984 2323; baseline 0.001 -17"><span class='ocrx_word' id='word_1_269' title='bbox 111 2265 207 2322; x_wconf 86' lang='lat' dir='ltr'><strong>porea.</strong></span> <span class='ocrx_word' id='word_1_270' title='bbox 237 2252 305 2306; x_wconf 87' lang='lat' dir='ltr'><strong>item</strong></span> <span class='ocrx_word' id='word_1_271' title='bbox 329 2250 402 2307; x_wconf 90' lang='lat' dir='ltr'><strong>idem</strong></span> <span class='ocrx_word' id='word_1_272' title='bbox 431 2251 485 2306; x_wconf 90' lang='lat' dir='ltr'><strong>alie</strong></span> <span class='ocrx_word' id='word_1_273' title='bbox 523 2251 561 2305; x_wconf 90' lang='lat' dir='ltr'><strong>sic</strong></span> <span class='ocrx_word' id='word_1_274' title='bbox 589 2251 718 2321; x_wconf 85' lang='lat' dir='ltr'><strong>probatur</strong></span> <span class='ocrx_word' id='word_1_275' title='bbox 745 2259 914 2323; x_wconf 88' lang='lat' dir='ltr'><strong>argumento.</strong></span> <span class='ocrx_word' id='word_1_276' title='bbox 980 2262 984 2267; x_wconf 85' lang='grc'><strong>’</strong></span> 
     </span>
    </p>
   </div>
   <div class='ocr_carea' id='block_1_12' title="bbox 111 2346 918 2508">
    <p class='ocr_par' dir='ltr' id='par_1_12' title="bbox 111 2346 918 2508">
     <span class='ocr_line' id='line_1_24' title="bbox 111 2346 916 2419; baseline -0.002 -15"><span class='ocrx_word' id='word_1_277' title='bbox 111 2346 203 2404; x_wconf 89' lang='lat' dir='ltr'><strong>Omne</strong></span> <span class='ocrx_word' id='word_1_278' title='bbox 218 2363 316 2419; x_wconf 90' lang='lat' dir='ltr'><strong>corpus</strong></span> <span class='ocrx_word' id='word_1_279' title='bbox 330 2348 421 2417; x_wconf 83' lang='lat' dir='ltr'><strong>aliquo</strong></span> <span class='ocrx_word' id='word_1_280' title='bbox 435 2363 566 2419; x_wconf 89' lang='lat' dir='ltr'><strong>corporeo</strong></span> <span class='ocrx_word' id='word_1_281' title='bbox 581 2347 729 2417; x_wconf 84' lang='lat' dir='ltr'><strong>percipitur</strong></span> <span class='ocrx_word' id='word_1_282' title='bbox 742 2364 832 2403; x_wconf 86' lang='lat' dir='ltr'><strong>sensu.</strong></span> <span class='ocrx_word' id='word_1_283' title='bbox 847 2348 916 2403; x_wconf 78' lang='lat' dir='ltr'><strong>Ani-</strong></span> 
     </span>
     <span class='ocr_line' id='line_1_25' title="bbox 111 2435 918 2508; baseline 0.001 -17"><span class='ocrx_word' id='word_1_284' title='bbox 111 2452 159 2492; x_wconf 90' lang='lat' dir='ltr'><strong>ma</strong></span> <span class='ocrx_word' id='word_1_285' title='bbox 186 2444 277 2492; x_wconf 90' lang='lat' dir='ltr'><strong>autem</strong></span> <span class='ocrx_word' id='word_1_286' title='bbox 306 2436 371 2491; x_wconf 92' lang='lat' dir='ltr'><strong>nulli</strong></span> <span class='ocrx_word' id='word_1_287' title='bbox 399 2435 520 2506; x_wconf 85' lang='lat' dir='ltr'><strong>subjacet</strong></span> <span class='ocrx_word' id='word_1_288' title='bbox 544 2436 665 2508; x_wconf 90' lang='lat' dir='ltr'><strong>corporis</strong></span> <span class='ocrx_word' id='word_1_289' title='bbox 688 2437 788 2491; x_wconf 90' lang='lat' dir='ltr'><strong>sensui.</strong></span> <span class='ocrx_word' id='word_1_290' title='bbox 803 2437 918 2493; x_wconf 84' lang='lat' dir='ltr'><strong>Nonost</strong></span> 
     </span>
    </p>
   </div>
   <div class='ocr_carea' id='block_1_13' title="bbox 112 2534 917 2607">
    <p class='ocr_par' dir='ltr' id='par_1_13' title="bbox 112 2534 917 2607">
     <span class='ocr_line' id='line_1_26' title="bbox 112 2534 917 2607; baseline -0.002 -16"><span class='ocrx_word' id='word_1_291' title='bbox 112 2550 181 2607; x_wconf 86' lang='lat' dir='ltr'><strong>ergo</strong></span> <span class='ocrx_word' id='word_1_292' title='bbox 204 2549 344 2606; x_wconf 85' lang='lat' dir='ltr'><strong>corporea.</strong></span> <span class='ocrx_word' id='word_1_293' title='bbox 360 2535 425 2590; x_wconf 71' lang='lat' dir='ltr'><strong>llaec</strong></span> <span class='ocrx_word' id='word_1_294' title='bbox 439 2534 521 2589; x_wconf 90' lang='lat' dir='ltr'><strong>ctiam</strong></span> <span class='ocrx_word' id='word_1_295' title='bbox 545 2535 636 2589; x_wconf 91' lang='lat' dir='ltr'><strong>anima</strong></span> <span class='ocrx_word' id='word_1_296' title='bbox 656 2542 781 2607; x_wconf 85' lang='lat' dir='ltr'><strong>corrupto</strong></span> <span class='ocrx_word' id='word_1_297' title='bbox 804 2550 917 2606; x_wconf 81' lang='lat' dir='ltr'><strong>carpam</strong></span> 
     </span>
    </p>
   </div>
   <div class='ocr_carea' id='block_1_14' title="bbox 112 2623 1019 2695">
    <p class='ocr_par' dir='ltr' id='par_1_14' title="bbox 112 2623 1019 2695">
     <span class='ocr_line' id='line_1_27' title="bbox 112 2623 1019 2695; baseline 0 -16"><span class='ocrx_word' id='word_1_298' title='bbox 112 2639 170 2679; x_wconf 89' lang='lat' dir='ltr'><strong>non</strong></span> <span class='ocrx_word' id='word_1_299' title='bbox 184 2623 375 2695; x_wconf 74' lang='lat' dir='ltr'><strong>corrumpitur.</strong></span> <span class='ocrx_word' id='word_1_300' title='bbox 394 2623 520 2693; x_wconf 88' lang='lat' dir='ltr'><strong>Corporis</strong></span> <span class='ocrx_word' id='word_1_301' title='bbox 545 2639 662 2695; x_wconf 88' lang='lat' dir='ltr'><strong>namque</strong></span> <span class='ocrx_word' id='word_1_302' title='bbox 684 2624 820 2695; x_wconf 82' lang='lat' dir='ltr'><strong>corruptio</strong></span> <span class='ocrx_word' id='word_1_303' title='bbox 834 2623 918 2678; x_wconf 88' lang='lat' dir='ltr'><strong>tribus</strong></span> <span class='ocrx_word' id='word_1_304' title='bbox 1013 2667 1019 2679; x_wconf 93' lang='lat'><strong>.</strong></span> 
     </span>
    </p>
   </div>
   <div class='ocr_carea' id='block_1_15' title="bbox 112 2709 918 2877">
    <p class='ocr_par' dir='ltr' id='par_1_15' title="bbox 112 2709 918 2877">
     <span class='ocr_line' id='line_1_28' title="bbox 115 2709 918 2782; baseline -0.005 -14"><span class='ocrx_word' id='word_1_305' title='bbox 115 2711 206 2768; x_wconf 88' lang='lat' dir='ltr'><strong>modis</strong></span> <span class='ocrx_word' id='word_1_306' title='bbox 218 2709 257 2781; x_wconf 87' lang='lat' dir='ltr'><strong>fit,</strong></span> <span class='ocrx_word' id='word_1_307' title='bbox 287 2711 331 2767; x_wconf 89' lang='lat' dir='ltr'><strong>vel</strong></span> <span class='ocrx_word' id='word_1_308' title='bbox 358 2728 419 2766; x_wconf 90' lang='lat' dir='ltr'><strong>curn</strong></span> <span class='ocrx_word' id='word_1_309' title='bbox 449 2711 513 2782; x_wconf 91' lang='lat' dir='ltr'><strong>quid</strong></span> <span class='ocrx_word' id='word_1_310' title='bbox 538 2712 676 2767; x_wconf 78' lang='lat' dir='ltr'><strong>marcessit</strong></span> <span class='ocrx_word' id='word_1_311' title='bbox 690 2720 715 2766; x_wconf 91' lang='lat' dir='ltr'><strong>ct</strong></span> <span class='ocrx_word' id='word_1_312' title='bbox 730 2711 834 2780; x_wconf 88' lang='lat' dir='ltr'><strong>arescit,</strong></span> <span class='ocrx_word' id='word_1_313' title='bbox 848 2719 877 2766; x_wconf 92' lang='lat' dir='ltr'><strong>ut</strong></span> <span class='ocrx_word' id='word_1_314' title='bbox 891 2711 918 2765; x_wconf 91' lang='lat' dir='ltr'><strong>in</strong></span> 
     </span>
     <span class='ocr_line' id='line_1_29' title="bbox 112 2808 918 2877; baseline -0.004 -12"><span class='ocrx_word' id='word_1_315' title='bbox 112 2809 257 2865; x_wconf 85' lang='lat' dir='ltr'><strong>arboribus</strong></span> <span class='ocrx_word' id='word_1_316' title='bbox 284 2809 407 2866; x_wconf 88' lang='lat' dir='ltr'><strong>videmus</strong></span> <span class='ocrx_word' id='word_1_317' title='bbox 421 2817 449 2863; x_wconf 90' lang='lat' dir='ltr'><strong>et</strong></span> <span class='ocrx_word' id='word_1_318' title='bbox 463 2808 561 2877; x_wconf 87' lang='lat' dir='ltr'><strong>herbis,</strong></span> <span class='ocrx_word' id='word_1_319' title='bbox 584 2808 625 2863; x_wconf 87' lang='lat' dir='ltr'><strong>vcl</strong></span> <span class='ocrx_word' id='word_1_320' title='bbox 640 2825 700 2864; x_wconf 88' lang='lat' dir='ltr'><strong>cum</strong></span> <span class='ocrx_word' id='word_1_321' title='bbox 729 2809 918 2863; x_wconf 74' lang='lat' dir='ltr'><strong>detrimontum</strong></span> 
     </span>
    </p>
   </div>
   <div class='ocr_carea' id='block_1_16' title="bbox 112 2895 991 2968">
    <p class='ocr_par' dir='ltr' id='par_1_16' title="bbox 112 2895 991 2968">
     <span class='ocr_line' id='line_1_30' title="bbox 112 2895 991 2968; baseline 0.001 -15"><span class='ocrx_word' id='word_1_322' title='bbox 112 2898 154 2954; x_wconf 90' lang='lat' dir='ltr'><strong>sui</strong></span> <span class='ocrx_word' id='word_1_323' title='bbox 179 2898 288 2968; x_wconf 89' lang='lat' dir='ltr'><strong>patitur,</strong></span> <span class='ocrx_word' id='word_1_324' title='bbox 312 2906 341 2952; x_wconf 88' lang='lat' dir='ltr'><strong>ut</strong></span> <span class='ocrx_word' id='word_1_325' title='bbox 357 2897 395 2952; x_wconf 92' lang='lat' dir='ltr'><strong>sal</strong></span> <span class='ocrx_word' id='word_1_326' title='bbox 410 2897 454 2953; x_wconf 91' lang='lat' dir='ltr'><strong>vel</strong></span> <span class='ocrx_word' id='word_1_327' title='bbox 476 2896 568 2953; x_wconf 87' lang='lat' dir='ltr'><strong>fenum</strong></span> <span class='ocrx_word' id='word_1_328' title='bbox 580 2915 641 2953; x_wconf 90' lang='lat' dir='ltr'><strong>cum</strong></span> <span class='ocrx_word' id='word_1_329' title='bbox 656 2899 689 2952; x_wconf 90' lang='lat' dir='ltr'><strong>dc</strong></span> <span class='ocrx_word' id='word_1_330' title='bbox 705 2897 764 2953; x_wconf 92' lang='lat' dir='ltr'><strong>loco</strong></span> <span class='ocrx_word' id='word_1_331' title='bbox 779 2895 813 2952; x_wconf 91' lang='lat' dir='ltr'><strong>ad</strong></span> <span class='ocrx_word' id='word_1_332' title='bbox 829 2897 918 2952; x_wconf 91' lang='lat' dir='ltr'><strong>locum</strong></span> <span class='ocrx_word' id='word_1_333' title='bbox 986 2945 991 2954; x_wconf 94' lang='lat'><strong>.</strong></span> 
     </span>
    </p>
   </div>
   <div class='ocr_carea' id='block_1_17' title="bbox 108 2984 918 3428">
    <p class='ocr_par' dir='ltr' id='par_1_17' title="bbox 108 2984 918 3428">
     <span class='ocr_line' id='line_1_31' title="bbox 112 2984 918 3056; baseline 0 -14"><span class='ocrx_word' id='word_1_334' title='bbox 112 2996 249 3055; x_wconf 88' lang='lat' dir='ltr'><strong>movetur,</strong></span> <span class='ocrx_word' id='word_1_335' title='bbox 278 2986 321 3042; x_wconf 89' lang='lat' dir='ltr'><strong>vel</strong></span> <span class='ocrx_word' id='word_1_336' title='bbox 344 3003 406 3041; x_wconf 80' lang='lat' dir='ltr'><strong>carm</strong></span> <span class='ocrx_word' id='word_1_337' title='bbox 434 2984 598 3056; x_wconf 85' lang='lat' dir='ltr'><strong>dissolvitur,</strong></span> <span class='ocrx_word' id='word_1_338' title='bbox 625 2994 652 3041; x_wconf 94' lang='lat' dir='ltr'><strong>ut</strong></span> <span class='ocrx_word' id='word_1_339' title='bbox 675 2986 772 3041; x_wconf 81' lang='lat' dir='ltr'><strong>doinus</strong></span> <span class='ocrx_word' id='word_1_340' title='bbox 786 3002 846 3042; x_wconf 91' lang='lat' dir='ltr'><strong>cum</strong></span> <span class='ocrx_word' id='word_1_341' title='bbox 872 2986 918 3042; x_wconf 91' lang='lat' dir='ltr'><strong>de-</strong></span> 
     </span>
     <span class='ocr_line' id='line_1_32' title="bbox 110 3080 915 3154; baseline 0 -17"><span class='ocrx_word' id='word_1_342' title='bbox 110 3082 231 3151; x_wconf 91' lang='lat' dir='ltr'><strong>struitur,</strong></span> <span class='ocrx_word' id='word_1_343' title='bbox 248 3081 291 3137; x_wconf 87' lang='lat' dir='ltr'><strong>vel</strong></span> <span class='ocrx_word' id='word_1_344' title='bbox 319 3080 427 3152; x_wconf 86' lang='lat' dir='ltr'><strong>aliquod</strong></span> <span class='ocrx_word' id='word_1_345' title='bbox 448 3098 496 3136; x_wconf 84' lang='lat' dir='ltr'><strong>vas</strong></span> <span class='ocrx_word' id='word_1_346' title='bbox 524 3098 584 3138; x_wconf 89' lang='lat' dir='ltr'><strong>eum</strong></span> <span class='ocrx_word' id='word_1_347' title='bbox 612 3081 753 3154; x_wconf 81' lang='lat' dir='ltr'><strong>frangitur.</strong></span> <span class='ocrx_word' id='word_1_348' title='bbox 770 3082 850 3137; x_wconf 91' lang='lat' dir='ltr'><strong>Nulla</strong></span> <span class='ocrx_word' id='word_1_349' title='bbox 864 3098 915 3137; x_wconf 91' lang='lat' dir='ltr'><strong>au-</strong></span> 
     </span>
     <span class='ocr_line' id='line_1_33' title="bbox 111 3169 915 3242; baseline 0 -15"><span class='ocrx_word' id='word_1_350' title='bbox 111 3178 167 3227; x_wconf 89' lang='lat' dir='ltr'><strong>tcvn</strong></span> <span class='ocrx_word' id='word_1_351' title='bbox 182 3172 277 3226; x_wconf 86' lang='lat' dir='ltr'><strong>harum</strong></span> <span class='ocrx_word' id='word_1_352' title='bbox 306 3169 337 3225; x_wconf 86' lang='lat' dir='ltr'><strong>lit</strong></span> <span class='ocrx_word' id='word_1_353' title='bbox 359 3170 412 3225; x_wconf 92' lang='lat' dir='ltr'><strong>nisi</strong></span> <span class='ocrx_word' id='word_1_354' title='bbox 440 3170 483 3226; x_wconf 86' lang='lat' dir='ltr'><strong>vel</strong></span> <span class='ocrx_word' id='word_1_355' title='bbox 499 3170 524 3225; x_wconf 94' lang='lat' dir='ltr'><strong>in</strong></span> <span class='ocrx_word' id='word_1_356' title='bbox 549 3185 671 3242; x_wconf 90' lang='lat' dir='ltr'><strong>corpore,</strong></span> <span class='ocrx_word' id='word_1_357' title='bbox 697 3170 740 3225; x_wconf 88' lang='lat' dir='ltr'><strong>vel</strong></span> <span class='ocrx_word' id='word_1_358' title='bbox 755 3170 783 3224; x_wconf 92' lang='lat' dir='ltr'><strong>in</strong></span> <span class='ocrx_word' id='word_1_359' title='bbox 806 3172 841 3224; x_wconf 85' lang='lat' dir='ltr'><strong>re&#39;</strong></span> <span class='ocrx_word' id='word_1_360' title='bbox 855 3186 915 3241; x_wconf 80' lang='lat' dir='ltr'><strong>qun</strong></span> 
     </span>
     <span class='ocr_line' id='line_1_34' title="bbox 109 3267 914 3340; baseline -0.004 -15"><span class='ocrx_word' id='word_1_361' title='bbox 109 3267 219 3340; x_wconf 85' lang='lat' dir='ltr'><strong>corpori</strong></span> <span class='ocrx_word' id='word_1_362' title='bbox 238 3268 344 3324; x_wconf 87' lang='lat' dir='ltr'><strong>accidit.</strong></span> <span class='ocrx_word' id='word_1_363' title='bbox 360 3267 414 3323; x_wconf 90' lang='lat' dir='ltr'><strong>Sed</strong></span> <span class='ocrx_word' id='word_1_364' title='bbox 429 3267 520 3323; x_wconf 90' lang='lat' dir='ltr'><strong>anima</strong></span> <span class='ocrx_word' id='word_1_365' title='bbox 542 3284 592 3324; x_wconf 88' lang='lat' dir='ltr'><strong>nec</strong></span> <span class='ocrx_word' id='word_1_366' title='bbox 606 3283 704 3338; x_wconf 89' lang='lat' dir='ltr'><strong>corpus</strong></span> <span class='ocrx_word' id='word_1_367' title='bbox 719 3276 767 3334; x_wconf 90' lang='lat' dir='ltr'><strong>est,</strong></span> <span class='ocrx_word' id='word_1_368' title='bbox 785 3284 834 3323; x_wconf 90' lang='lat' dir='ltr'><strong>nec</strong></span> <span class='ocrx_word' id='word_1_369' title='bbox 850 3267 914 3322; x_wconf 92' lang='lat' dir='ltr'><strong>fun-</strong></span> 
     </span>
     <span class='ocr_line' id='line_1_35' title="bbox 108 3356 914 3428; baseline -0.001 -15"><span class='ocrx_word' id='word_1_370' title='bbox 108 3358 191 3413; x_wconf 91' lang='lat' dir='ltr'><strong>datur</strong></span> <span class='ocrx_word' id='word_1_371' title='bbox 222 3356 250 3411; x_wconf 92' lang='lat' dir='ltr'><strong>in</strong></span> <span class='ocrx_word' id='word_1_372' title='bbox 274 3373 395 3428; x_wconf 90' lang='lat' dir='ltr'><strong>corpore.</strong></span> <span class='ocrx_word' id='word_1_373' title='bbox 420 3357 501 3412; x_wconf 88' lang='lat' dir='ltr'><strong>Nullo</strong></span> <span class='ocrx_word' id='word_1_374' title='bbox 525 3356 614 3428; x_wconf 84' lang='lat' dir='ltr'><strong>itaque</strong></span> <span class='ocrx_word' id='word_1_375' title='bbox 634 3360 729 3413; x_wconf 88' lang='lat' dir='ltr'><strong>horum</strong></span> <span class='ocrx_word' id='word_1_376' title='bbox 750 3357 831 3413; x_wconf 89' lang='lat' dir='ltr'><strong>modo</strong></span> <span class='ocrx_word' id='word_1_377' title='bbox 850 3372 914 3414; x_wconf 93' lang='lat' dir='ltr'><strong>cor-</strong></span> 
     </span>
    </p>
   </div>
   <div class='ocr_carea' id='block_1_18' title="bbox 107 3453 915 4061">
    <p class='ocr_par' dir='ltr' id='par_1_18' title="bbox 107 3453 915 3689">
     <span class='ocr_line' id='line_1_36' title="bbox 107 3453 913 3526; baseline -0.002 -16"><span class='ocrx_word' id='word_1_378' title='bbox 107 3454 254 3526; x_wconf 85' lang='lat' dir='ltr'><strong>rumpitur.</strong></span> <span class='ocrx_word' id='word_1_379' title='bbox 271 3455 401 3510; x_wconf 81' lang='lat' dir='ltr'><strong>l‘raeterea</strong></span> <span class='ocrx_word' id='word_1_380' title='bbox 417 3455 474 3509; x_wconf 83' lang='lat' dir='ltr'><strong>lvaec</strong></span> <span class='ocrx_word' id='word_1_381' title='bbox 490 3454 548 3526; x_wconf 81' lang='lat' dir='ltr'><strong>ipsa</strong></span> <span class='ocrx_word' id='word_1_382' title='bbox 562 3454 701 3509; x_wconf 89' lang='lat' dir='ltr'><strong>rationalis</strong></span> <span class='ocrx_word' id='word_1_383' title='bbox 717 3453 808 3509; x_wconf 91' lang='lat' dir='ltr'><strong>anima</strong></span> <span class='ocrx_word' id='word_1_384' title='bbox 822 3454 913 3511; x_wconf 80' lang='lat' dir='ltr'><strong>laomi-</strong></span> 
     </span>
     <span class='ocr_line' id='line_1_37' title="bbox 109 3542 915 3616; baseline -0.001 -16"><span class='ocrx_word' id='word_1_385' title='bbox 109 3543 153 3600; x_wconf 90' lang='lat' dir='ltr'><strong>nis</strong></span> <span class='ocrx_word' id='word_1_386' title='bbox 161 3544 280 3616; x_wconf 87' lang='lat' dir='ltr'><strong>speciem</strong></span> <span class='ocrx_word' id='word_1_387' title='bbox 294 3542 422 3615; x_wconf 82' lang='lat' dir='ltr'><strong>corvaplet,</strong></span> <span class='ocrx_word' id='word_1_388' title='bbox 445 3542 572 3613; x_wconf 84' lang='lat' dir='ltr'><strong>quoniam</strong></span> <span class='ocrx_word' id='word_1_389' title='bbox 588 3543 647 3613; x_wconf 87' lang='lat' dir='ltr'><strong>ipsa</strong></span> <span class='ocrx_word' id='word_1_390' title='bbox 661 3543 818 3599; x_wconf 83' lang='lat' dir='ltr'><strong>rationalem</strong></span> <span class='ocrx_word' id='word_1_391' title='bbox 834 3542 915 3600; x_wconf 86' lang='lat' dir='ltr'><strong>efficit</strong></span> 
     </span>
     <span class='ocr_line' id='line_1_38' title="bbox 109 3633 261 3689; baseline -0.013 -2"><span class='ocrx_word' id='word_1_392' title='bbox 109 3633 261 3689; x_wconf 88' lang='lat' dir='ltr'><strong>hominem.</strong></span> 
     </span>
    </p>

    <p class='ocr_par' dir='ltr' id='par_1_19' title="bbox 108 3719 912 4061">
     <span class='ocr_line' id='line_1_39' title="bbox 144 3719 912 3792; baseline 0.001 -15"><span class='ocrx_word' id='word_1_393' title='bbox 144 3722 269 3778; x_wconf 80' lang='lat' dir='ltr'><strong>blovsus.</strong></span> <span class='ocrx_word' id='word_1_394' title='bbox 307 3719 378 3790; x_wconf 85' lang='lat' dir='ltr'><strong>Quid</strong></span> <span class='ocrx_word' id='word_1_395' title='bbox 410 3721 524 3792; x_wconf 84' lang='lat' dir='ltr'><strong>Spiritus</strong></span> <span class='ocrx_word' id='word_1_396' title='bbox 555 3722 702 3792; x_wconf 89' lang='lat' dir='ltr'><strong>corporalis</strong></span> <span class='ocrx_word' id='word_1_397' title='bbox 735 3740 751 3777; x_wconf 92' lang='lat' dir='ltr'><strong>a</strong></span> <span class='ocrx_word' id='word_1_398' title='bbox 789 3722 912 3778; x_wconf 88' lang='lat' dir='ltr'><strong>rationali</strong></span> 
     </span>
     <span class='ocr_line' id='line_1_40' title="bbox 108 3808 912 3883; baseline 0.002 -18"><span class='ocrx_word' id='word_1_399' title='bbox 108 3808 216 3867; x_wconf 84' lang='lat' dir='ltr'><strong>differat</strong></span> <span class='ocrx_word' id='word_1_400' title='bbox 234 3809 325 3865; x_wconf 86' lang='lat' dir='ltr'><strong>anima</strong></span> <span class='ocrx_word' id='word_1_401' title='bbox 343 3817 465 3881; x_wconf 87' lang='lat' dir='ltr'><strong>patenter</strong></span> <span class='ocrx_word' id='word_1_402' title='bbox 484 3810 598 3883; x_wconf 84' lang='lat' dir='ltr'><strong>agvrovi.</strong></span> <span class='ocrx_word' id='word_1_403' title='bbox 623 3811 677 3866; x_wconf 86' lang='lat' dir='ltr'><strong>Sed</strong></span> <span class='ocrx_word' id='word_1_404' title='bbox 697 3810 825 3881; x_wconf 69' lang='lat' dir='ltr'><strong>caroniam</strong></span> <span class='ocrx_word' id='word_1_405' title='bbox 847 3813 912 3883; x_wconf 90' lang='lat' dir='ltr'><strong>phi·</strong></span> 
     </span>
     <span class='ocr_line' id='line_1_41' title="bbox 108 3898 912 3971; baseline 0 -15"><span class='ocrx_word' id='word_1_406' title='bbox 108 3899 217 3970; x_wconf 86' lang='lat' dir='ltr'><strong>losopld</strong></span> <span class='ocrx_word' id='word_1_407' title='bbox 232 3898 324 3955; x_wconf 84' lang='lat' dir='ltr'><strong>dieunt</strong></span> <span class='ocrx_word' id='word_1_408' title='bbox 337 3898 365 3953; x_wconf 94' lang='lat' dir='ltr'><strong>in</strong></span> <span class='ocrx_word' id='word_1_409' title='bbox 380 3899 504 3954; x_wconf 89' lang='lat' dir='ltr'><strong>homines</strong></span> <span class='ocrx_word' id='word_1_410' title='bbox 526 3907 578 3954; x_wconf 91' lang='lat' dir='ltr'><strong>tres</strong></span> <span class='ocrx_word' id='word_1_411' title='bbox 592 3916 650 3954; x_wconf 83' lang='lat' dir='ltr'><strong>csse</strong></span> <span class='ocrx_word' id='word_1_412' title='bbox 675 3900 789 3968; x_wconf 89' lang='lat' dir='ltr'><strong>anirnas,</strong></span> <span class='ocrx_word' id='word_1_413' title='bbox 805 3900 912 3971; x_wconf 89' lang='lat' dir='ltr'><strong>postulo</strong></span> 
     </span>
     <span class='ocr_line' id='line_1_42' title="bbox 109 3987 533 4061; baseline -0.007 -17"><span class='ocrx_word' id='word_1_414' title='bbox 109 3996 139 4045; x_wconf 92' lang='lat' dir='ltr'><strong>ut</strong></span> <span class='ocrx_word' id='word_1_415' title='bbox 154 4004 279 4061; x_wconf 79' lang='lat' dir='ltr'><strong>quaenam</strong></span> <span class='ocrx_word' id='word_1_416' title='bbox 293 3990 336 4044; x_wconf 77' lang='lat' dir='ltr'><strong>lim</strong></span> <span class='ocrx_word' id='word_1_417' title='bbox 350 3987 404 4043; x_wconf 91' lang='lat' dir='ltr'><strong>sint</strong></span> <span class='ocrx_word' id='word_1_418' title='bbox 418 3989 533 4058; x_wconf 87' lang='lat' dir='ltr'><strong>aperius.</strong></span> 
     </span>
    </p>
   </div>
   <div class='ocr_carea' id='block_1_19' title="bbox 109 4095 913 4658">
    <p class='ocr_par' dir='ltr' id='par_1_20' title="bbox 109 4095 913 4268">
     <span class='ocr_line' id='line_1_43' title="bbox 146 4095 913 4167; baseline 0.004 -17"><span class='ocrx_word' id='word_1_419' title='bbox 146 4096 268 4151; x_wconf 82' lang='lat' dir='ltr'><strong>Parnes.</strong></span> <span class='ocrx_word' id='word_1_420' title='bbox 284 4097 349 4151; x_wconf 83' lang='lat' dir='ltr'><strong>Tres</strong></span> <span class='ocrx_word' id='word_1_421' title='bbox 363 4095 417 4152; x_wconf 77' lang='lat' dir='ltr'><strong>illm</strong></span> <span class='ocrx_word' id='word_1_422' title='bbox 432 4111 499 4167; x_wconf 87' lang='lat' dir='ltr'><strong>quas</strong></span> <span class='ocrx_word' id='word_1_423' title='bbox 518 4095 611 4152; x_wconf 88' lang='lat' dir='ltr'><strong>dieunt</strong></span> <span class='ocrx_word' id='word_1_424' title='bbox 623 4095 731 4165; x_wconf 72' lang='lat' dir='ltr'><strong>animae,</strong></span> <span class='ocrx_word' id='word_1_425' title='bbox 747 4104 808 4152; x_wconf 90' lang='lat' dir='ltr'><strong>sunt</strong></span> <span class='ocrx_word' id='word_1_426' title='bbox 822 4097 913 4153; x_wconf 80' lang='lat' dir='ltr'><strong>aniana</strong></span> 
     </span>
     <span class='ocr_line' id='line_1_44' title="bbox 109 4193 803 4268; baseline -0.006 -16"><span class='ocrx_word' id='word_1_427' title='bbox 109 4193 281 4268; x_wconf 74' lang='lat' dir='ltr'><strong>vegetabilis,</strong></span> <span class='ocrx_word' id='word_1_428' title='bbox 296 4193 386 4249; x_wconf 90' lang='lat' dir='ltr'><strong>anima</strong></span> <span class='ocrx_word' id='word_1_429' title='bbox 400 4193 529 4262; x_wconf 88' lang='lat' dir='ltr'><strong>bestialis,</strong></span> <span class='ocrx_word' id='word_1_430' title='bbox 546 4194 637 4250; x_wconf 89' lang='lat' dir='ltr'><strong>anima</strong></span> <span class='ocrx_word' id='word_1_431' title='bbox 655 4193 803 4251; x_wconf 89' lang='lat' dir='ltr'><strong>rationalis.</strong></span> 
     </span>
    </p>

    <p class='ocr_par' dir='ltr' id='par_1_21' title="bbox 111 4299 911 4461">
     <span class='ocr_line' id='line_1_45' title="bbox 145 4299 911 4374; baseline -0.001 -17"><span class='ocrx_word' id='word_1_432' title='bbox 145 4300 271 4357; x_wconf 73' lang='lat' dir='ltr'><strong>blevam.</strong></span> <span class='ocrx_word' id='word_1_433' title='bbox 295 4301 396 4357; x_wconf 64' lang='grc' dir='ltr'><strong>Ηυωη</strong></span> <span class='ocrx_word' id='word_1_434' title='bbox 415 4300 581 4374; x_wconf 86' lang='lat' dir='ltr'><strong>singularum</strong></span> <span class='ocrx_word' id='word_1_435' title='bbox 612 4317 695 4373; x_wconf 89' lang='lat' dir='ltr'><strong>opera</strong></span> <span class='ocrx_word' id='word_1_436' title='bbox 719 4310 746 4357; x_wconf 93' lang='lat' dir='ltr'><strong>et</strong></span> <span class='ocrx_word' id='word_1_437' title='bbox 776 4299 865 4358; x_wconf 85' lang='lat' dir='ltr'><strong>officia</strong></span> <span class='ocrx_word' id='word_1_438' title='bbox 884 4308 911 4356; x_wconf 92' lang='lat' dir='ltr'><strong>ut</strong></span> 
     </span>
     <span class='ocr_line' id='line_1_46' title="bbox 111 4389 351 4461; baseline -0.013 -14"><span class='ocrx_word' id='word_1_439' title='bbox 111 4389 188 4447; x_wconf 84' lang='lat' dir='ltr'><strong>dicas</strong></span> <span class='ocrx_word' id='word_1_440' title='bbox 200 4390 351 4461; x_wconf 84' lang='lat' dir='ltr'><strong>expostulo.</strong></span> 
     </span>
    </p>

    <p class='ocr_par' dir='ltr' id='par_1_22' title="bbox 109 4496 910 4658">
     <span class='ocr_line' id='line_1_47' title="bbox 148 4496 910 4568; baseline 0 -16"><span class='ocrx_word' id='word_1_441' title='bbox 148 4496 409 4563; x_wconf 67' lang='lat' dir='ltr'><strong>emeramnus</strong></span> <span class='ocrx_word' id='word_1_442' title='bbox 437 4496 472 4553; x_wconf 87' lang='lat' dir='ltr'><strong>ab</strong></span> <span class='ocrx_word' id='word_1_443' title='bbox 500 4497 638 4568; x_wconf 86' lang='lat' dir='ltr'><strong>superiora</strong></span> <span class='ocrx_word' id='word_1_444' title='bbox 656 4496 790 4568; x_wconf 75' lang='lat' dir='ltr'><strong>gradatim</strong></span> <span class='ocrx_word' id='word_1_445' title='bbox 814 4514 910 4554; x_wconf 83' lang='lat' dir='ltr'><strong>ascen-</strong></span> 
     </span>
     <span class='ocr_line' id='line_1_48' title="bbox 109 4585 909 4658; baseline 0 -17"><span class='ocrx_word' id='word_1_446' title='bbox 109 4585 174 4641; x_wconf 89' lang='lat' dir='ltr'><strong>dere</strong></span> <span class='ocrx_word' id='word_1_447' title='bbox 202 4586 277 4640; x_wconf 92' lang='lat' dir='ltr'><strong>libet.</strong></span> <span class='ocrx_word' id='word_1_448' title='bbox 307 4585 472 4658; x_wconf 72' lang='lat' dir='ltr'><strong>vegetabilis</strong></span> <span class='ocrx_word' id='word_1_449' title='bbox 508 4586 605 4642; x_wconf 82' lang='lat' dir='ltr'><strong>arumae</strong></span> <span class='ocrx_word' id='word_1_450' title='bbox 642 4585 696 4641; x_wconf 87' lang='lat' dir='ltr'><strong>duc</strong></span> <span class='ocrx_word' id='word_1_451' title='bbox 723 4594 784 4642; x_wconf 89' lang='lat' dir='ltr'><strong>sunt</strong></span> <span class='ocrx_word' id='word_1_452' title='bbox 811 4586 909 4643; x_wconf 86' lang='lat' dir='ltr'><strong>cilicia.</strong></span> 
     </span>
    </p>
   </div>
   <div class='ocr_carea' id='block_1_20' title="bbox 108 4682 913 5299">
    <p class='ocr_par' dir='ltr' id='par_1_23' title="bbox 108 4682 913 5299">
     <span class='ocr_line' id='line_1_49' title="bbox 109 4682 912 4755; baseline 0.002 -16"><span class='ocrx_word' id='word_1_453' title='bbox 109 4683 187 4739; x_wconf 82' lang='lat' dir='ltr'><strong>Facit</strong></span> <span class='ocrx_word' id='word_1_454' title='bbox 217 4683 289 4740; x_wconf 86' lang='lat' dir='ltr'><strong>enim</strong></span> <span class='ocrx_word' id='word_1_455' title='bbox 325 4699 413 4738; x_wconf 89' lang='lat' dir='ltr'><strong>rerum</strong></span> <span class='ocrx_word' id='word_1_456' title='bbox 451 4682 656 4751; x_wconf 87' lang='lat' dir='ltr'><strong>incrementum,</strong></span> <span class='ocrx_word' id='word_1_457' title='bbox 687 4691 714 4737; x_wconf 88' lang='lat' dir='ltr'><strong>ct</strong></span> <span class='ocrx_word' id='word_1_458' title='bbox 753 4684 912 4755; x_wconf 84' lang='lat' dir='ltr'><strong>corporibus</strong></span> 
     </span>
     <span class='ocr_line' id='line_1_50' title="bbox 110 4767 911 4844; baseline 0.011 -23"><span class='ocrx_word' id='word_1_459' title='bbox 110 4767 177 4844; x_wconf 83' lang='lat' dir='ltr'><strong>ipsis</strong></span> <span class='ocrx_word' id='word_1_460' title='bbox 203 4779 312 4843; x_wconf 74' lang='lat' dir='ltr'><strong>praestat</strong></span> <span class='ocrx_word' id='word_1_461' title='bbox 338 4771 543 4828; x_wconf 89' lang='lat' dir='ltr'><strong>nutrimentum.</strong></span> <span class='ocrx_word' id='word_1_462' title='bbox 576 4771 634 4827; x_wconf 91' lang='lat' dir='ltr'><strong>Hoc</strong></span> <span class='ocrx_word' id='word_1_463' title='bbox 656 4778 745 4827; x_wconf 84' lang='lat' dir='ltr'><strong>autern</strong></span> <span class='ocrx_word' id='word_1_464' title='bbox 770 4781 911 4844; x_wconf 85' lang='lat' dir='ltr'><strong>utrumque</strong></span> 
     </span>
     <span class='ocr_line' id='line_1_51' title="bbox 109 4859 913 4934; baseline 0.004 -18"><span class='ocrx_word' id='word_1_465' title='bbox 109 4877 165 4917; x_wconf 93' lang='lat' dir='ltr'><strong>non</strong></span> <span class='ocrx_word' id='word_1_466' title='bbox 194 4860 258 4916; x_wconf 82' lang='lat' dir='ltr'><strong>facit</strong></span> <span class='ocrx_word' id='word_1_467' title='bbox 285 4859 335 4914; x_wconf 92' lang='lat' dir='ltr'><strong>nisi</strong></span> <span class='ocrx_word' id='word_1_468' title='bbox 349 4877 398 4932; x_wconf 90' lang='lat' dir='ltr'><strong>per</strong></span> <span class='ocrx_word' id='word_1_469' title='bbox 411 4869 525 4931; x_wconf 91' lang='lat' dir='ltr'><strong>quatuor</strong></span> <span class='ocrx_word' id='word_1_470' title='bbox 540 4867 640 4915; x_wconf 76' lang='lat' dir='ltr'><strong>nature</strong></span> <span class='ocrx_word' id='word_1_471' title='bbox 664 4860 784 4930; x_wconf 86' lang='lat' dir='ltr'><strong>virtutes,</strong></span> <span class='ocrx_word' id='word_1_472' title='bbox 809 4864 913 4934; x_wconf 80' lang='lat' dir='ltr'><strong>appeti,</strong></span> 
     </span>
     <span class='ocr_line' id='line_1_52' title="bbox 110 4955 911 5029; baseline 0.001 -16"><span class='ocrx_word' id='word_1_473' title='bbox 110 4958 193 5013; x_wconf 84' lang='lat' dir='ltr'><strong>livam</strong></span> <span class='ocrx_word' id='word_1_474' title='bbox 221 4956 332 5023; x_wconf 89' lang='lat' dir='ltr'><strong>scilicet,</strong></span> <span class='ocrx_word' id='word_1_475' title='bbox 361 4956 531 5023; x_wconf 81' lang='lat' dir='ltr'><strong>retentivam,</strong></span> <span class='ocrx_word' id='word_1_476' title='bbox 569 4955 729 5028; x_wconf 75' lang='lat' dir='ltr'><strong>digestivam</strong></span> <span class='ocrx_word' id='word_1_477' title='bbox 757 4965 783 5012; x_wconf 88' lang='lat' dir='ltr'><strong>ot</strong></span> <span class='ocrx_word' id='word_1_478' title='bbox 813 4960 911 5029; x_wconf 86' lang='lat' dir='ltr'><strong>expul-</strong></span> 
     </span>
     <span class='ocr_line' id='line_1_53' title="bbox 108 5044 910 5119; baseline 0.001 -17"><span class='ocrx_word' id='word_1_479' title='bbox 108 5047 207 5102; x_wconf 83' lang='lat' dir='ltr'><strong>sivam.</strong></span> <span class='ocrx_word' id='word_1_480' title='bbox 225 5047 257 5100; x_wconf 85' lang='lat' dir='ltr'><strong>Et</strong></span> <span class='ocrx_word' id='word_1_481' title='bbox 271 5048 330 5100; x_wconf 83' lang='lat' dir='ltr'><strong>lvaec</strong></span> <span class='ocrx_word' id='word_1_482' title='bbox 343 5045 434 5099; x_wconf 90' lang='lat' dir='ltr'><strong>anima</strong></span> <span class='ocrx_word' id='word_1_483' title='bbox 449 5045 477 5099; x_wconf 93' lang='lat' dir='ltr'><strong>in</strong></span> <span class='ocrx_word' id='word_1_484' title='bbox 499 5044 625 5100; x_wconf 80' lang='lat' dir='ltr'><strong>orionibus</strong></span> <span class='ocrx_word' id='word_1_485' title='bbox 639 5045 774 5101; x_wconf 89' lang='lat' dir='ltr'><strong>invenitur</strong></span> <span class='ocrx_word' id='word_1_486' title='bbox 788 5046 910 5119; x_wconf 86' lang='lat' dir='ltr'><strong>virgultis</strong></span> 
     </span>
     <span class='ocr_line' id='line_1_54' title="bbox 109 5133 910 5208; baseline 0 -17"><span class='ocrx_word' id='word_1_487' title='bbox 109 5136 145 5191; x_wconf 92' lang='lat' dir='ltr'><strong>de</strong></span> <span class='ocrx_word' id='word_1_488' title='bbox 160 5144 230 5190; x_wconf 87' lang='lat' dir='ltr'><strong>terra</strong></span> <span class='ocrx_word' id='word_1_489' title='bbox 252 5134 432 5202; x_wconf 87' lang='lat' dir='ltr'><strong>nascentibus,</strong></span> <span class='ocrx_word' id='word_1_490' title='bbox 462 5140 489 5187; x_wconf 85' lang='lat' dir='ltr'><strong>et</strong></span> <span class='ocrx_word' id='word_1_491' title='bbox 517 5133 649 5188; x_wconf 84' lang='lat' dir='ltr'><strong>universis</strong></span> <span class='ocrx_word' id='word_1_492' title='bbox 672 5133 829 5189; x_wconf 90' lang='lat' dir='ltr'><strong>animalium</strong></span> <span class='ocrx_word' id='word_1_493' title='bbox 844 5153 910 5208; x_wconf 90' lang='lat' dir='ltr'><strong>spc-</strong></span> 
     </span>
     <span class='ocr_line' id='line_1_55' title="bbox 108 5229 913 5299; baseline 0 -9"><span class='ocrx_word' id='word_1_494' title='bbox 108 5232 215 5290; x_wconf 89' lang='lat' dir='ltr'><strong>ciebus.</strong></span> <span class='ocrx_word' id='word_1_495' title='bbox 240 5229 335 5288; x_wconf 88' lang='lat' dir='ltr'><strong>Officia</strong></span> <span class='ocrx_word' id='word_1_496' title='bbox 361 5238 450 5288; x_wconf 89' lang='lat' dir='ltr'><strong>autem</strong></span> <span class='ocrx_word' id='word_1_497' title='bbox 475 5230 595 5286; x_wconf 86' lang='lat' dir='ltr'><strong>bestialis</strong></span> <span class='ocrx_word' id='word_1_498' title='bbox 625 5231 733 5299; x_wconf 79' lang='lat' dir='ltr'><strong>animae,</strong></span> <span class='ocrx_word' id='word_1_499' title='bbox 761 5249 825 5290; x_wconf 89' lang='lat' dir='ltr'><strong>vere</strong></span> <span class='ocrx_word' id='word_1_500' title='bbox 852 5243 913 5290; x_wconf 90' lang='lat' dir='ltr'><strong>sunt</strong></span> 
     </span>
    </p>
   </div>
   <div class='ocr_carea' id='block_1_21' title="bbox 108 5328 912 5490">
    <p class='ocr_par' dir='ltr' id='par_1_24' title="bbox 108 5328 912 5490">
     <span class='ocr_line' id='line_1_56' title="bbox 108 5328 910 5403; baseline 0.001 -14"><span class='ocrx_word' id='word_1_501' title='bbox 108 5330 232 5403; x_wconf 83' lang='lat' dir='ltr'><strong>corporis</strong></span> <span class='ocrx_word' id='word_1_502' title='bbox 258 5345 360 5398; x_wconf 87' lang='lat' dir='ltr'><strong>sensus,</strong></span> <span class='ocrx_word' id='word_1_503' title='bbox 393 5336 482 5385; x_wconf 87' lang='lat' dir='ltr'><strong>motus</strong></span> <span class='ocrx_word' id='word_1_504' title='bbox 509 5328 591 5385; x_wconf 89' lang='lat' dir='ltr'><strong>etiam</strong></span> <span class='ocrx_word' id='word_1_505' title='bbox 619 5328 652 5384; x_wconf 92' lang='lat' dir='ltr'><strong>dc</strong></span> <span class='ocrx_word' id='word_1_506' title='bbox 671 5328 731 5385; x_wconf 90' lang='lat' dir='ltr'><strong>loco</strong></span> <span class='ocrx_word' id='word_1_507' title='bbox 751 5330 785 5385; x_wconf 91' lang='lat' dir='ltr'><strong>ad</strong></span> <span class='ocrx_word' id='word_1_508' title='bbox 810 5330 910 5389; x_wconf 91' lang='lat' dir='ltr'><strong>locum.</strong></span> 
     </span>
     <span class='ocr_line' id='line_1_57' title="bbox 108 5417 912 5490; baseline 0.005 -14"><span class='ocrx_word' id='word_1_509' title='bbox 108 5420 279 5477; x_wconf 84' lang='lat' dir='ltr'><strong>Haecautem</strong></span> <span class='ocrx_word' id='word_1_510' title='bbox 298 5418 327 5473; x_wconf 92' lang='lat' dir='ltr'><strong>in</strong></span> <span class='ocrx_word' id='word_1_511' title='bbox 349 5417 511 5473; x_wconf 86' lang='lat' dir='ltr'><strong>animalibus</strong></span> <span class='ocrx_word' id='word_1_512' title='bbox 534 5424 636 5474; x_wconf 88' lang='lat' dir='ltr'><strong>tanturn</strong></span> <span class='ocrx_word' id='word_1_513' title='bbox 654 5419 796 5490; x_wconf 88' lang='lat' dir='ltr'><strong>reperitur,</strong></span> <span class='ocrx_word' id='word_1_514' title='bbox 812 5422 912 5481; x_wconf 82' lang='lat' dir='ltr'><strong>ethaeo</strong></span> 
     </span>
    </p>
   </div>
   <div class='ocr_carea' id='block_1_22' title="bbox 107 5512 912 5867">
    <p class='ocr_par' dir='ltr' id='par_1_25' title="bbox 107 5512 910 5589">
     <span class='ocr_line' id='line_1_58' title="bbox 107 5512 910 5589; baseline 0.005 -16"><span class='ocrx_word' id='word_1_515' title='bbox 107 5517 203 5573; x_wconf 86' lang='lat' dir='ltr'><strong>anima</strong></span> <span class='ocrx_word' id='word_1_516' title='bbox 234 5530 297 5571; x_wconf 80' lang='lat' dir='ltr'><strong>cun</strong></span> <span class='ocrx_word' id='word_1_517' title='bbox 336 5512 433 5587; x_wconf 86' lang='lat' dir='ltr'><strong>spiritu</strong></span> <span class='ocrx_word' id='word_1_518' title='bbox 464 5513 600 5587; x_wconf 88' lang='lat' dir='ltr'><strong>corporali</strong></span> <span class='ocrx_word' id='word_1_519' title='bbox 631 5515 708 5586; x_wconf 87' lang='lat' dir='ltr'><strong>qnasi</strong></span> <span class='ocrx_word' id='word_1_520' title='bbox 749 5516 910 5589; x_wconf 88' lang='lat' dir='ltr'><strong>quibusdam</strong></span> 
     </span>
    </p>

    <p class='ocr_par' dir='ltr' id='par_1_26' title="bbox 108 5602 912 5668">
     <span class='ocr_line' id='line_1_59' title="bbox 108 5602 912 5668; baseline 0.006 -5"><span class='ocrx_word' id='word_1_521' title='bbox 108 5603 227 5663; x_wconf 85' lang='lat' dir='ltr'><strong>nexibus</strong></span> <span class='ocrx_word' id='word_1_522' title='bbox 239 5602 371 5661; x_wconf 79' lang='lat' dir='ltr'><strong>munem</strong></span> <span class='ocrx_word' id='word_1_523' title='bbox 394 5602 543 5661; x_wconf 75' lang='lat' dir='ltr'><strong>bonomia</strong></span> <span class='ocrx_word' id='word_1_524' title='bbox 560 5609 650 5661; x_wconf 86' lang='lat' dir='ltr'><strong>autem</strong></span> <span class='ocrx_word' id='word_1_525' title='bbox 664 5605 764 5662; x_wconf 78' lang='lat' dir='ltr'><strong>anime</strong></span> <span class='ocrx_word' id='word_1_526' title='bbox 778 5606 836 5664; x_wconf 71' lang='lat' dir='ltr'><strong>lma</strong></span> <span class='ocrx_word' id='word_1_527' title='bbox 850 5620 912 5668; x_wconf 88' lang='lat' dir='ltr'><strong>sunt</strong></span> 
     </span>
    </p>

    <p class='ocr_par' dir='ltr' id='par_1_27' title="bbox 109 5698 908 5867">
     <span class='ocr_line' id='line_1_60' title="bbox 109 5698 908 5783; baseline 0.003 -22"><span class='ocrx_word' id='word_1_528' title='bbox 109 5700 211 5773; x_wconf 82' lang='lat' dir='ltr'><strong>officia,</strong></span> <span class='ocrx_word' id='word_1_529' title='bbox 246 5698 382 5783; x_wconf 68' lang='lat' dir='ltr'><strong>malliani,</strong></span> <span class='ocrx_word' id='word_1_530' title='bbox 412 5700 542 5771; x_wconf 69' lang='lat' dir='ltr'><strong>unalitate</strong></span> <span class='ocrx_word' id='word_1_531' title='bbox 571 5700 718 5771; x_wconf 81' lang='lat' dir='ltr'><strong>raconlari,</strong></span> <span class='ocrx_word' id='word_1_532' title='bbox 748 5700 908 5781; x_wconf 72' lang='lat' dir='ltr'><strong>dbcernem,</strong></span> 
     </span>
     <span class='ocr_line' id='line_1_61' title="bbox 271 5796 551 5867; baseline -0.004 -4"><span class='ocrx_word' id='word_1_533' title='bbox 271 5796 404 5867; x_wconf 71' lang='lat' dir='ltr'><strong>remon.</strong></span> <span class='ocrx_word' id='word_1_534' title='bbox 429 5796 551 5864; x_wconf 80' lang='lat' dir='ltr'><strong>euvu.</strong></span> 
     </span>
    </p>
   </div>
   <div class='ocr_carea' id='block_1_23' title="bbox 970 1910 1772 1983">
    <p class='ocr_par' dir='ltr' id='par_1_28' title="bbox 970 1910 1772 1983">
     <span class='ocr_line' id='line_1_62' title="bbox 970 1910 1772 1983; baseline 0.006 -18"><span class='ocrx_word' id='word_1_535' title='bbox 970 1910 1133 1981; x_wconf 84' lang='lat' dir='ltr'><strong>Corporibus</strong></span> <span class='ocrx_word' id='word_1_536' title='bbox 1165 1918 1254 1967; x_wconf 90' lang='lat' dir='ltr'><strong>autem</strong></span> <span class='ocrx_word' id='word_1_537' title='bbox 1288 1913 1442 1983; x_wconf 87' lang='lat' dir='ltr'><strong>hujusmodi</strong></span> <span class='ocrx_word' id='word_1_538' title='bbox 1472 1915 1618 1983; x_wconf 88' lang='lat' dir='ltr'><strong>procreatis</strong></span> <span class='ocrx_word' id='word_1_539' title='bbox 1646 1914 1772 1970; x_wconf 91' lang='lat' dir='ltr'><strong>omnibus</strong></span> 
     </span>
    </p>
   </div>
   <div class='ocr_carea' id='block_1_24' title="bbox 970 2007 1775 2178">
    <p class='ocr_par' dir='ltr' id='par_1_29' title="bbox 970 2007 1775 2178">
     <span class='ocr_line' id='line_1_63' title="bbox 970 2007 1772 2082; baseline 0.009 -21"><span class='ocrx_word' id='word_1_540' title='bbox 970 2007 1079 2078; x_wconf 88' lang='lat' dir='ltr'><strong>quidem</strong></span> <span class='ocrx_word' id='word_1_541' title='bbox 1111 2009 1270 2082; x_wconf 83' lang='lat' dir='ltr'><strong>vegetabilis</strong></span> <span class='ocrx_word' id='word_1_542' title='bbox 1303 2010 1415 2066; x_wconf 75' lang='lat' dir='ltr'><strong>adhaesit</strong></span> <span class='ocrx_word' id='word_1_543' title='bbox 1446 2011 1537 2066; x_wconf 89' lang='lat' dir='ltr'><strong>anima</strong></span> <span class='ocrx_word' id='word_1_544' title='bbox 1563 2020 1589 2066; x_wconf 89' lang='lat' dir='ltr'><strong>et</strong></span> <span class='ocrx_word' id='word_1_545' title='bbox 1612 2027 1660 2066; x_wconf 91' lang='lat' dir='ltr'><strong>sua</strong></span> <span class='ocrx_word' id='word_1_546' title='bbox 1686 2013 1713 2067; x_wconf 94' lang='lat' dir='ltr'><strong>in</strong></span> <span class='ocrx_word' id='word_1_547' title='bbox 1733 2013 1772 2068; x_wconf 90' lang='lat' dir='ltr'><strong>eis</strong></span> 
     </span>
     <span class='ocr_line' id='line_1_64' title="bbox 970 2096 1775 2178; baseline 0.004 -25"><span class='ocrx_word' id='word_1_548' title='bbox 970 2098 1089 2153; x_wconf 84' lang='lat' dir='ltr'><strong>exercuit</strong></span> <span class='ocrx_word' id='word_1_549' title='bbox 1115 2096 1214 2164; x_wconf 87' lang='lat' dir='ltr'><strong>officia,</strong></span> <span class='ocrx_word' id='word_1_550' title='bbox 1251 2098 1395 2154; x_wconf 88' lang='lat' dir='ltr'><strong>crescendo</strong></span> <span class='ocrx_word' id='word_1_551' title='bbox 1428 2098 1538 2166; x_wconf 86' lang='lat' dir='ltr'><strong>scilicet,</strong></span> <span class='ocrx_word' id='word_1_552' title='bbox 1573 2100 1714 2157; x_wconf 73' lang='lat' dir='ltr'><strong>muniendo</strong></span> <span class='ocrx_word' id='word_1_553' title='bbox 1747 2117 1775 2178; x_wconf 58' lang='lat' dir='ltr'><strong>e,</strong></span> 
     </span>
    </p>
   </div>
   <div class='ocr_carea' id='block_1_25' title="bbox 969 2195 1773 2270">
    <p class='ocr_par' dir='ltr' id='par_1_30' title="bbox 969 2195 1773 2270">
     <span class='ocr_line' id='line_1_65' title="bbox 969 2195 1773 2270; baseline -0.001 -19"><span class='ocrx_word' id='word_1_554' title='bbox 969 2195 1135 2270; x_wconf 84' lang='lat' dir='ltr'><strong>generando.</strong></span> <span class='ocrx_word' id='word_1_555' title='bbox 1160 2195 1349 2253; x_wconf 82' lang='lat' dir='ltr'><strong>Subtilioribus</strong></span> <span class='ocrx_word' id='word_1_556' title='bbox 1376 2204 1466 2251; x_wconf 90' lang='lat' dir='ltr'><strong>autem</strong></span> <span class='ocrx_word' id='word_1_557' title='bbox 1494 2196 1719 2268; x_wconf 85' lang='lat' dir='ltr'><strong>bestialisjuncla</strong></span> <span class='ocrx_word' id='word_1_558' title='bbox 1733 2203 1773 2255; x_wconf 87' lang='lat' dir='ltr'><strong>est</strong></span> 
     </span>
    </p>
   </div>
   <div class='ocr_carea' id='block_1_26' title="bbox 970 2292 1773 2642">
    <p class='ocr_par' dir='ltr' id='par_1_31' title="bbox 970 2292 1773 2642">
     <span class='ocr_line' id='line_1_66' title="bbox 970 2292 1771 2370; baseline 0.002 -20"><span class='ocrx_word' id='word_1_559' title='bbox 970 2296 1071 2360; x_wconf 90' lang='lat' dir='ltr'><strong>anima,</strong></span> <span class='ocrx_word' id='word_1_560' title='bbox 1091 2301 1120 2348; x_wconf 92' lang='lat' dir='ltr'><strong>ut</strong></span> <span class='ocrx_word' id='word_1_561' title='bbox 1137 2310 1185 2349; x_wconf 89' lang='lat' dir='ltr'><strong>sua</strong></span> <span class='ocrx_word' id='word_1_562' title='bbox 1201 2292 1228 2347; x_wconf 87' lang='lat' dir='ltr'><strong>ln</strong></span> <span class='ocrx_word' id='word_1_563' title='bbox 1247 2294 1286 2349; x_wconf 90' lang='lat' dir='ltr'><strong>eis</strong></span> <span class='ocrx_word' id='word_1_564' title='bbox 1314 2293 1443 2351; x_wconf 83' lang='lat' dir='ltr'><strong>exhibere</strong></span> <span class='ocrx_word' id='word_1_565' title='bbox 1466 2301 1558 2364; x_wconf 88' lang='lat' dir='ltr'><strong>posset</strong></span> <span class='ocrx_word' id='word_1_566' title='bbox 1584 2292 1681 2363; x_wconf 86' lang='lat' dir='ltr'><strong>officia,</strong></span> <span class='ocrx_word' id='word_1_567' title='bbox 1697 2312 1771 2370; x_wconf 84' lang='lat' dir='ltr'><strong>prae-</strong></span> 
     </span>
     <span class='ocr_line' id='line_1_67' title="bbox 970 2382 1771 2440; baseline 0.002 -2"><span class='ocrx_word' id='word_1_568' title='bbox 970 2383 1065 2440; x_wconf 85' lang='lat' dir='ltr'><strong>stando</strong></span> <span class='ocrx_word' id='word_1_569' title='bbox 1080 2383 1181 2439; x_wconf 88' lang='lat' dir='ltr'><strong>scilicet</strong></span> <span class='ocrx_word' id='word_1_570' title='bbox 1195 2399 1304 2439; x_wconf 88' lang='lat' dir='ltr'><strong>sensum</strong></span> <span class='ocrx_word' id='word_1_571' title='bbox 1319 2391 1344 2439; x_wconf 91' lang='lat' dir='ltr'><strong>et</strong></span> <span class='ocrx_word' id='word_1_572' title='bbox 1360 2391 1462 2438; x_wconf 92' lang='lat' dir='ltr'><strong>motum</strong></span> <span class='ocrx_word' id='word_1_573' title='bbox 1489 2382 1522 2438; x_wconf 90' lang='lat' dir='ltr'><strong>de</strong></span> <span class='ocrx_word' id='word_1_574' title='bbox 1537 2383 1597 2439; x_wconf 88' lang='lat' dir='ltr'><strong>loco</strong></span> <span class='ocrx_word' id='word_1_575' title='bbox 1620 2383 1656 2439; x_wconf 88' lang='lat' dir='ltr'><strong>ad</strong></span> <span class='ocrx_word' id='word_1_576' title='bbox 1670 2384 1771 2440; x_wconf 90' lang='lat' dir='ltr'><strong>locum.</strong></span> 
     </span>
     <span class='ocr_line' id='line_1_68' title="bbox 971 2480 1771 2550; baseline -0.003 -14"><span class='ocrx_word' id='word_1_577' title='bbox 971 2481 1050 2550; x_wconf 85' lang='lat' dir='ltr'><strong>Quod</strong></span> <span class='ocrx_word' id='word_1_578' title='bbox 1063 2487 1153 2537; x_wconf 89' lang='lat' dir='ltr'><strong>autem</strong></span> <span class='ocrx_word' id='word_1_579' title='bbox 1168 2497 1202 2535; x_wconf 79' lang='lat' dir='ltr'><strong>en</strong></span> <span class='ocrx_word' id='word_1_580' title='bbox 1216 2480 1256 2536; x_wconf 87' lang='lat' dir='ltr'><strong>eis</strong></span> <span class='ocrx_word' id='word_1_581' title='bbox 1279 2480 1400 2537; x_wconf 89' lang='lat' dir='ltr'><strong>omnium</strong></span> <span class='ocrx_word' id='word_1_582' title='bbox 1423 2480 1638 2549; x_wconf 87' lang='lat' dir='ltr'><strong>subtilissimum,</strong></span> <span class='ocrx_word' id='word_1_583' title='bbox 1664 2481 1771 2537; x_wconf 84' lang='lat' dir='ltr'><strong>levissi-</strong></span> 
     </span>
     <span class='ocr_line' id='line_1_69' title="bbox 972 2568 1773 2642; baseline -0.001 -17"><span class='ocrx_word' id='word_1_584' title='bbox 972 2587 1046 2625; x_wconf 91' lang='lat' dir='ltr'><strong>mum</strong></span> <span class='ocrx_word' id='word_1_585' title='bbox 1075 2570 1126 2624; x_wconf 92' lang='lat' dir='ltr'><strong>fuit</strong></span> <span class='ocrx_word' id='word_1_586' title='bbox 1144 2577 1171 2625; x_wconf 88' lang='lat' dir='ltr'><strong>et</strong></span> <span class='ocrx_word' id='word_1_587' title='bbox 1194 2569 1458 2640; x_wconf 87' lang='lat' dir='ltr'><strong>temperatissimum,</strong></span> <span class='ocrx_word' id='word_1_588' title='bbox 1475 2575 1502 2624; x_wconf 88' lang='lat' dir='ltr'><strong>et</strong></span> <span class='ocrx_word' id='word_1_589' title='bbox 1516 2568 1550 2625; x_wconf 91' lang='lat' dir='ltr'><strong>ad</strong></span> <span class='ocrx_word' id='word_1_590' title='bbox 1573 2568 1773 2642; x_wconf 88' lang='lat' dir='ltr'><strong>suscipiendam</strong></span> 
     </span>
    </p>
   </div>
   <div class='ocr_carea' id='block_1_27' title="bbox 971 2666 1774 2916">
    <p class='ocr_par' dir='ltr' id='par_1_32' title="bbox 971 2666 1774 2916">
     <span class='ocr_line' id='line_1_70' title="bbox 971 2666 1774 2738; baseline 0 -14"><span class='ocrx_word' id='word_1_591' title='bbox 971 2677 1102 2724; x_wconf 81' lang='lat' dir='ltr'><strong>rationem</strong></span> <span class='ocrx_word' id='word_1_592' title='bbox 1117 2667 1285 2738; x_wconf 84' lang='lat' dir='ltr'><strong>aptissimum</strong></span> <span class='ocrx_word' id='word_1_593' title='bbox 1300 2666 1338 2722; x_wconf 94' lang='lat' dir='ltr'><strong>illi</strong></span> <span class='ocrx_word' id='word_1_594' title='bbox 1366 2683 1395 2722; x_wconf 88' lang='lat' dir='ltr'><strong>sc</strong></span> <span class='ocrx_word' id='word_1_595' title='bbox 1423 2667 1560 2722; x_wconf 89' lang='lat' dir='ltr'><strong>rationalis</strong></span> <span class='ocrx_word' id='word_1_596' title='bbox 1588 2667 1679 2723; x_wconf 91' lang='lat' dir='ltr'><strong>anima</strong></span> <span class='ocrx_word' id='word_1_597' title='bbox 1706 2668 1774 2724; x_wconf 91' lang='lat' dir='ltr'><strong>soci-</strong></span> 
     </span>
     <span class='ocr_line' id='line_1_71' title="bbox 972 2752 1770 2826; baseline -0.003 -13"><span class='ocrx_word' id='word_1_598' title='bbox 972 2758 1028 2814; x_wconf 89' lang='lat' dir='ltr'><strong>avit</strong></span> <span class='ocrx_word' id='word_1_599' title='bbox 1042 2765 1069 2811; x_wconf 89' lang='lat' dir='ltr'><strong>et</strong></span> <span class='ocrx_word' id='word_1_600' title='bbox 1083 2757 1128 2811; x_wconf 92' lang='lat' dir='ltr'><strong>illa</strong></span> <span class='ocrx_word' id='word_1_601' title='bbox 1142 2772 1190 2811; x_wconf 91' lang='lat' dir='ltr'><strong>sua</strong></span> <span class='ocrx_word' id='word_1_602' title='bbox 1204 2771 1265 2826; x_wconf 78' lang='lat' dir='ltr'><strong>qnae</strong></span> <span class='ocrx_word' id='word_1_603' title='bbox 1280 2753 1454 2826; x_wconf 68' lang='lat' dir='ltr'><strong>praediximus</strong></span> <span class='ocrx_word' id='word_1_604' title='bbox 1468 2752 1558 2811; x_wconf 85' lang='lat' dir='ltr'><strong>officia</strong></span> <span class='ocrx_word' id='word_1_605' title='bbox 1579 2755 1617 2810; x_wconf 93' lang='lat' dir='ltr'><strong>ibi</strong></span> <span class='ocrx_word' id='word_1_606' title='bbox 1632 2755 1770 2811; x_wconf 85' lang='lat' dir='ltr'><strong>exhibuit.</strong></span> 
     </span>
     <span class='ocr_line' id='line_1_72' title="bbox 973 2843 1774 2916; baseline -0.004 -15"><span class='ocrx_word' id='word_1_607' title='bbox 973 2847 1031 2901; x_wconf 87' lang='lat' dir='ltr'><strong>Hoc</strong></span> <span class='ocrx_word' id='word_1_608' title='bbox 1048 2846 1138 2915; x_wconf 89' lang='lat' dir='ltr'><strong>itaque</strong></span> <span class='ocrx_word' id='word_1_609' title='bbox 1152 2845 1234 2900; x_wconf 92' lang='lat' dir='ltr'><strong>modo</strong></span> <span class='ocrx_word' id='word_1_610' title='bbox 1246 2843 1325 2914; x_wconf 83' lang='lat' dir='ltr'><strong>juxta</strong></span> <span class='ocrx_word' id='word_1_611' title='bbox 1353 2843 1517 2900; x_wconf 86' lang='lat' dir='ltr'><strong>voluntatem</strong></span> <span class='ocrx_word' id='word_1_612' title='bbox 1536 2843 1584 2898; x_wconf 90' lang='lat' dir='ltr'><strong>Dei</strong></span> <span class='ocrx_word' id='word_1_613' title='bbox 1599 2858 1630 2899; x_wconf 89' lang='lat' dir='ltr'><strong>ac</strong></span> <span class='ocrx_word' id='word_1_614' title='bbox 1658 2843 1774 2916; x_wconf 87' lang='lat' dir='ltr'><strong>disposi-</strong></span> 
     </span>
    </p>
   </div>
   <div class='ocr_carea' id='block_1_28' title="bbox 974 2941 1774 3011">
    <p class='ocr_par' dir='ltr' id='par_1_33' title="bbox 974 2941 1774 3011">
     <span class='ocr_line' id='line_1_73' title="bbox 974 2941 1774 3011; baseline -0.001 -13"><span class='ocrx_word' id='word_1_615' title='bbox 974 2953 1085 3011; x_wconf 81' lang='lat' dir='ltr'><strong>tionem,</strong></span> <span class='ocrx_word' id='word_1_616' title='bbox 1103 2951 1155 2999; x_wconf 88' lang='lat' dir='ltr'><strong>tres</strong></span> <span class='ocrx_word' id='word_1_617' title='bbox 1175 2941 1227 2997; x_wconf 86' lang='lat' dir='ltr'><strong>illae</strong></span> <span class='ocrx_word' id='word_1_618' title='bbox 1242 2941 1339 2996; x_wconf 84' lang='lat' dir='ltr'><strong>aninrae</strong></span> <span class='ocrx_word' id='word_1_619' title='bbox 1368 2957 1463 2997; x_wconf 90' lang='lat' dir='ltr'><strong>omncs</strong></span> <span class='ocrx_word' id='word_1_620' title='bbox 1476 2948 1659 2997; x_wconf 88' lang='lat' dir='ltr'><strong>convenerunt</strong></span> <span class='ocrx_word' id='word_1_621' title='bbox 1678 2942 1705 2996; x_wconf 93' lang='lat' dir='ltr'><strong>in</strong></span> <span class='ocrx_word' id='word_1_622' title='bbox 1720 2943 1774 2998; x_wconf 91' lang='lat' dir='ltr'><strong>bo-</strong></span> 
     </span>
    </p>
   </div>
   <div class='ocr_carea' id='block_1_29' title="bbox 931 3029 1772 3118">
    <p class='ocr_par' dir='ltr' id='par_1_34' title="bbox 931 3029 1772 3118">
     <span class='ocr_line' id='line_1_74' title="bbox 931 3029 1772 3118; baseline -0.008 -26"><span class='ocrx_word' id='word_1_623' title='bbox 931 3051 956 3118; x_wconf 73' lang='lat' dir='ltr'>c</span> <span class='ocrx_word' id='word_1_624' title='bbox 973 3036 1056 3101; x_wconf 89' lang='lat' dir='ltr'><strong>mine,</strong></span> <span class='ocrx_word' id='word_1_625' title='bbox 1071 3034 1099 3088; x_wconf 92' lang='lat' dir='ltr'><strong>in</strong></span> <span class='ocrx_word' id='word_1_626' title='bbox 1114 3031 1276 3089; x_wconf 88' lang='lat' dir='ltr'><strong>animalibus</strong></span> <span class='ocrx_word' id='word_1_627' title='bbox 1297 3029 1497 3086; x_wconf 85' lang='lat' dir='ltr'><strong>irrationalibus</strong></span> <span class='ocrx_word' id='word_1_628' title='bbox 1515 3030 1685 3087; x_wconf 89' lang='lat' dir='ltr'><strong>solummodo</strong></span> <span class='ocrx_word' id='word_1_629' title='bbox 1700 3030 1772 3089; x_wconf 83' lang='lat' dir='ltr'><strong>dnae.</strong></span> 
     </span>
    </p>
   </div>
   <div class='ocr_carea' id='block_1_30' title="bbox 964 3118 1773 4403">
    <p class='ocr_par' dir='ltr' id='par_1_35' title="bbox 969 3118 1773 3278">
     <span class='ocr_line' id='line_1_75' title="bbox 969 3118 1773 3192; baseline -0.005 -11"><span class='ocrx_word' id='word_1_630' title='bbox 969 3124 1059 3181; x_wconf 80' lang='lat' dir='ltr'><strong>Tertia</strong></span> <span class='ocrx_word' id='word_1_631' title='bbox 1073 3130 1162 3178; x_wconf 85' lang='lat' dir='ltr'><strong>autem</strong></span> <span class='ocrx_word' id='word_1_632' title='bbox 1184 3120 1242 3176; x_wconf 93' lang='lat' dir='ltr'><strong>sola</strong></span> <span class='ocrx_word' id='word_1_633' title='bbox 1269 3119 1298 3175; x_wconf 92' lang='lat' dir='ltr'><strong>in</strong></span> <span class='ocrx_word' id='word_1_634' title='bbox 1322 3118 1464 3176; x_wconf 88' lang='lat' dir='ltr'><strong>arboribus</strong></span> <span class='ocrx_word' id='word_1_635' title='bbox 1477 3126 1505 3175; x_wconf 86' lang='lat' dir='ltr'><strong>et</strong></span> <span class='ocrx_word' id='word_1_636' title='bbox 1518 3119 1609 3175; x_wconf 82' lang='lat' dir='ltr'><strong>herbis</strong></span> <span class='ocrx_word' id='word_1_637' title='bbox 1637 3136 1698 3192; x_wconf 79' lang='lat' dir='ltr'><strong>qua</strong></span> <span class='ocrx_word' id='word_1_638' title='bbox 1712 3136 1773 3177; x_wconf 73' lang='lat' dir='ltr'><strong>nas</strong></span> 
     </span>
     <span class='ocr_line' id='line_1_76' title="bbox 970 3218 1232 3278; baseline -0.015 0"><span class='ocrx_word' id='word_1_639' title='bbox 970 3228 1067 3278; x_wconf 78' lang='lat' dir='ltr'><strong>crentur</strong></span> <span class='ocrx_word' id='word_1_640' title='bbox 1079 3219 1113 3275; x_wconf 88' lang='lat' dir='ltr'><strong>dc</strong></span> <span class='ocrx_word' id='word_1_641' title='bbox 1128 3218 1232 3275; x_wconf 86' lang='lat' dir='ltr'><strong>tellure.</strong></span> 
     </span>
    </p>

    <p class='ocr_par' dir='ltr' id='par_1_36' title="bbox 968 3315 1771 3750">
     <span class='ocr_line' id='line_1_77' title="bbox 1005 3315 1771 3390; baseline -0.003 -15"><span class='ocrx_word' id='word_1_642' title='bbox 1005 3321 1127 3375; x_wconf 83' lang='lat' dir='ltr'><strong>blovsas.</strong></span> <span class='ocrx_word' id='word_1_643' title='bbox 1144 3318 1215 3374; x_wconf 86' lang='lat' dir='ltr'><strong>Bene</strong></span> <span class='ocrx_word' id='word_1_644' title='bbox 1229 3316 1266 3372; x_wconf 93' lang='lat' dir='ltr'><strong>tui</strong></span> <span class='ocrx_word' id='word_1_645' title='bbox 1289 3316 1379 3390; x_wconf 85' lang='lat' dir='ltr'><strong>gratia</strong></span> <span class='ocrx_word' id='word_1_646' title='bbox 1402 3315 1474 3387; x_wconf 91' lang='lat' dir='ltr'><strong>quod</strong></span> <span class='ocrx_word' id='word_1_647' title='bbox 1490 3315 1649 3389; x_wconf 89' lang='lat' dir='ltr'><strong>ignorabam</strong></span> <span class='ocrx_word' id='word_1_648' title='bbox 1678 3325 1771 3373; x_wconf 86' lang='lat' dir='ltr'><strong>osten·</strong></span> 
     </span>
     <span class='ocr_line' id='line_1_78' title="bbox 968 3404 1770 3479; baseline -0.002 -15"><span class='ocrx_word' id='word_1_649' title='bbox 968 3409 1040 3477; x_wconf 87' lang='lat' dir='ltr'><strong>disti,</strong></span> <span class='ocrx_word' id='word_1_650' title='bbox 1055 3407 1103 3464; x_wconf 80' lang='lat' dir='ltr'><strong>scel</strong></span> <span class='ocrx_word' id='word_1_651' title='bbox 1130 3423 1213 3461; x_wconf 84' lang='lat' dir='ltr'><strong>vinum</strong></span> <span class='ocrx_word' id='word_1_652' title='bbox 1241 3413 1322 3462; x_wconf 85' lang='lat' dir='ltr'><strong>restat</strong></span> <span class='ocrx_word' id='word_1_653' title='bbox 1340 3405 1412 3479; x_wconf 92' lang='lat' dir='ltr'><strong>quod</strong></span> <span class='ocrx_word' id='word_1_654' title='bbox 1437 3404 1502 3461; x_wconf 91' lang='lat' dir='ltr'><strong>mibi</strong></span> <span class='ocrx_word' id='word_1_655' title='bbox 1526 3406 1632 3477; x_wconf 88' lang='lat' dir='ltr'><strong>postulo</strong></span> <span class='ocrx_word' id='word_1_656' title='bbox 1661 3406 1770 3479; x_wconf 86' lang='lat' dir='ltr'><strong>aperiri.</strong></span> 
     </span>
     <span class='ocr_line' id='line_1_79' title="bbox 968 3502 1769 3574; baseline -0.001 -13"><span class='ocrx_word' id='word_1_657' title='bbox 968 3507 1036 3563; x_wconf 89' lang='lat' dir='ltr'><strong>Cum</strong></span> <span class='ocrx_word' id='word_1_658' title='bbox 1064 3504 1136 3559; x_wconf 89' lang='lat' dir='ltr'><strong>enim</strong></span> <span class='ocrx_word' id='word_1_659' title='bbox 1151 3519 1266 3574; x_wconf 88' lang='lat' dir='ltr'><strong>corpora</strong></span> <span class='ocrx_word' id='word_1_660' title='bbox 1291 3502 1383 3560; x_wconf 87' lang='lat' dir='ltr'><strong>omnio</strong></span> <span class='ocrx_word' id='word_1_661' title='bbox 1399 3503 1432 3559; x_wconf 91' lang='lat' dir='ltr'><strong>dc</strong></span> <span class='ocrx_word' id='word_1_662' title='bbox 1447 3512 1561 3574; x_wconf 82' lang='lat' dir='ltr'><strong>quaumr</strong></span> <span class='ocrx_word' id='word_1_663' title='bbox 1576 3502 1629 3559; x_wconf 89' lang='lat' dir='ltr'><strong>sint</strong></span> <span class='ocrx_word' id='word_1_664' title='bbox 1647 3505 1769 3560; x_wconf 87' lang='lat' dir='ltr'><strong>elomen-</strong></span> 
     </span>
     <span class='ocr_line' id='line_1_80' title="bbox 969 3591 1771 3664; baseline -0.002 -14"><span class='ocrx_word' id='word_1_665' title='bbox 969 3596 1001 3650; x_wconf 91' lang='lat' dir='ltr'><strong>tis</strong></span> <span class='ocrx_word' id='word_1_666' title='bbox 1014 3592 1174 3663; x_wconf 81' lang='lat' dir='ltr'><strong>covvvposita,</strong></span> <span class='ocrx_word' id='word_1_667' title='bbox 1204 3595 1377 3649; x_wconf 81' lang='lat' dir='ltr'><strong>veliementer</strong></span> <span class='ocrx_word' id='word_1_668' title='bbox 1404 3591 1523 3648; x_wconf 89' lang='lat' dir='ltr'><strong>admiror</strong></span> <span class='ocrx_word' id='word_1_669' title='bbox 1537 3609 1619 3664; x_wconf 83' lang='lat' dir='ltr'><strong>quare</strong></span> <span class='ocrx_word' id='word_1_670' title='bbox 1635 3593 1688 3649; x_wconf 89' lang='lat' dir='ltr'><strong>alia</strong></span> <span class='ocrx_word' id='word_1_671' title='bbox 1712 3594 1771 3651; x_wconf 87' lang='lat' dir='ltr'><strong>aliis</strong></span> 
     </span>
     <span class='ocr_line' id='line_1_81' title="bbox 968 3683 1203 3750; baseline -0.013 -11"><span class='ocrx_word' id='word_1_672' title='bbox 968 3683 1203 3750; x_wconf 78' lang='lat' dir='ltr'><strong>existuntleviorn‚</strong></span> 
     </span>
    </p>

    <p class='ocr_par' dir='ltr' id='par_1_37' title="bbox 964 3779 1771 4403">
     <span class='ocr_line' id='line_1_82' title="bbox 1003 3779 1771 3853; baseline 0.001 -16"><span class='ocrx_word' id='word_1_673' title='bbox 1003 3783 1125 3837; x_wconf 84' lang='lat' dir='ltr'><strong>Pnraus.</strong></span> <span class='ocrx_word' id='word_1_674' title='bbox 1144 3781 1203 3836; x_wconf 89' lang='lat' dir='ltr'><strong>lloc</strong></span> <span class='ocrx_word' id='word_1_675' title='bbox 1225 3779 1357 3852; x_wconf 82' lang='lat' dir='ltr'><strong>contingit</strong></span> <span class='ocrx_word' id='word_1_676' title='bbox 1371 3779 1429 3835; x_wconf 86' lang='lat' dir='ltr'><strong>sive</strong></span> <span class='ocrx_word' id='word_1_677' title='bbox 1443 3797 1477 3837; x_wconf 80' lang='lat' dir='ltr'><strong>ex</strong></span> <span class='ocrx_word' id='word_1_678' title='bbox 1504 3779 1659 3836; x_wconf 84' lang='lat' dir='ltr'><strong>diversitate</strong></span> <span class='ocrx_word' id='word_1_679' title='bbox 1687 3797 1771 3853; x_wconf 86' lang='lat' dir='ltr'><strong>quon-</strong></span> 
     </span>
     <span class='ocr_line' id='line_1_83' title="bbox 967 3878 1766 3951; baseline 0.001 -16"><span class='ocrx_word' id='word_1_680' title='bbox 967 3879 1072 3935; x_wconf 87' lang='lat' dir='ltr'><strong>titatum</strong></span> <span class='ocrx_word' id='word_1_681' title='bbox 1099 3879 1302 3945; x_wconf 87' lang='lat' dir='ltr'><strong>elementorum,</strong></span> <span class='ocrx_word' id='word_1_682' title='bbox 1319 3878 1346 3932; x_wconf 91' lang='lat' dir='ltr'><strong>in</strong></span> <span class='ocrx_word' id='word_1_683' title='bbox 1374 3894 1517 3951; x_wconf 87' lang='lat' dir='ltr'><strong>corporum</strong></span> <span class='ocrx_word' id='word_1_684' title='bbox 1541 3879 1677 3935; x_wconf 88' lang='lat' dir='ltr'><strong>creatione</strong></span> <span class='ocrx_word' id='word_1_685' title='bbox 1698 3879 1766 3936; x_wconf 83' lang='lat' dir='ltr'><strong>inae·</strong></span> 
     </span>
     <span class='ocr_line' id='line_1_84' title="bbox 966 3966 1766 4039; baseline 0 -16"><span class='ocrx_word' id='word_1_686' title='bbox 966 3970 1080 4039; x_wconf 85' lang='lat' dir='ltr'><strong>qualiter</strong></span> <span class='ocrx_word' id='word_1_687' title='bbox 1102 3968 1300 4039; x_wconf 82' lang='lat' dir='ltr'><strong>avljnnctorum,</strong></span> <span class='ocrx_word' id='word_1_688' title='bbox 1315 3975 1342 4022; x_wconf 92' lang='lat' dir='ltr'><strong>et</strong></span> <span class='ocrx_word' id='word_1_689' title='bbox 1354 3983 1388 4022; x_wconf 86' lang='lat' dir='ltr'><strong>ex</strong></span> <span class='ocrx_word' id='word_1_690' title='bbox 1403 3966 1556 4023; x_wconf 81' lang='lat' dir='ltr'><strong>diversitate</strong></span> <span class='ocrx_word' id='word_1_691' title='bbox 1580 3968 1766 4037; x_wconf 67' lang='lat' dir='ltr'><strong>temperantiae</strong></span> 
     </span>
     <span class='ocr_line' id='line_1_85' title="bbox 966 4055 1765 4128; baseline -0.003 -15"><span class='ocrx_word' id='word_1_692' title='bbox 966 4058 1123 4128; x_wconf 73' lang='lat' dir='ltr'><strong>quaalitatum</strong></span> <span class='ocrx_word' id='word_1_693' title='bbox 1139 4072 1242 4113; x_wconf 87' lang='lat' dir='ltr'><strong>eorum.</strong></span> <span class='ocrx_word' id='word_1_694' title='bbox 1267 4055 1346 4124; x_wconf 86' lang='lat' dir='ltr'><strong>Quod</strong></span> <span class='ocrx_word' id='word_1_695' title='bbox 1361 4055 1384 4110; x_wconf 90' lang='lat' dir='ltr'><strong>si</strong></span> <span class='ocrx_word' id='word_1_696' title='bbox 1398 4055 1500 4128; x_wconf 85' lang='lat' dir='ltr'><strong>largius</strong></span> <span class='ocrx_word' id='word_1_697' title='bbox 1514 4071 1593 4111; x_wconf 73' lang='lat' dir='ltr'><strong>cosm</strong></span> <span class='ocrx_word' id='word_1_698' title='bbox 1616 4055 1765 4124; x_wconf 87' lang='lat' dir='ltr'><strong>desideras,</strong></span> 
     </span>
     <span class='ocr_line' id='line_1_86' title="bbox 966 4152 1766 4225; baseline -0.001 -15"><span class='ocrx_word' id='word_1_699' title='bbox 966 4155 994 4210; x_wconf 91' lang='lat' dir='ltr'><strong>in</strong></span> <span class='ocrx_word' id='word_1_700' title='bbox 1008 4155 1083 4210; x_wconf 88' lang='lat' dir='ltr'><strong>libris</strong></span> <span class='ocrx_word' id='word_1_701' title='bbox 1111 4154 1230 4209; x_wconf 90' lang='lat' dir='ltr'><strong>invenies</strong></span> <span class='ocrx_word' id='word_1_702' title='bbox 1258 4154 1490 4225; x_wconf 85' lang='lat' dir='ltr'><strong>pbilosophorum.</strong></span> <span class='ocrx_word' id='word_1_703' title='bbox 1516 4152 1580 4223; x_wconf 87' lang='lat' dir='ltr'><strong>quia</strong></span> <span class='ocrx_word' id='word_1_704' title='bbox 1599 4153 1766 4225; x_wconf 73' lang='lat' dir='ltr'><strong>adpraesens</strong></span> 
     </span>
     <span class='ocr_line' id='line_1_87' title="bbox 964 4240 1762 4314; baseline 0 -15"><span class='ocrx_word' id='word_1_705' title='bbox 964 4244 997 4299; x_wconf 92' lang='lat' dir='ltr'><strong>de</strong></span> <span class='ocrx_word' id='word_1_706' title='bbox 1026 4242 1180 4314; x_wconf 72' lang='lat' dir='ltr'><strong>hiujusmodi</strong></span> <span class='ocrx_word' id='word_1_707' title='bbox 1207 4258 1236 4296; x_wconf 91' lang='lat' dir='ltr'><strong>re</strong></span> <span class='ocrx_word' id='word_1_708' title='bbox 1258 4240 1437 4313; x_wconf 80' lang='lat' dir='ltr'><strong>explananda,</strong></span> <span class='ocrx_word' id='word_1_709' title='bbox 1467 4257 1517 4297; x_wconf 86' lang='lat' dir='ltr'><strong>nec</strong></span> <span class='ocrx_word' id='word_1_710' title='bbox 1541 4250 1646 4314; x_wconf 89' lang='lat' dir='ltr'><strong>tempus</strong></span> <span class='ocrx_word' id='word_1_711' title='bbox 1674 4243 1762 4300; x_wconf 90' lang='lat' dir='ltr'><strong>babe-</strong></span> 
     </span>
     <span class='ocr_line' id='line_1_88' title="bbox 965 4330 1763 4403; baseline 0.004 -16"><span class='ocrx_word' id='word_1_712' title='bbox 965 4349 1034 4400; x_wconf 92' lang='lat' dir='ltr'><strong>mus,</strong></span> <span class='ocrx_word' id='word_1_713' title='bbox 1050 4349 1099 4387; x_wconf 92' lang='lat' dir='ltr'><strong>nec</strong></span> <span class='ocrx_word' id='word_1_714' title='bbox 1112 4331 1212 4398; x_wconf 91' lang='lat' dir='ltr'><strong>locum,</strong></span> <span class='ocrx_word' id='word_1_715' title='bbox 1240 4330 1275 4386; x_wconf 93' lang='lat' dir='ltr'><strong>ad</strong></span> <span class='ocrx_word' id='word_1_716' title='bbox 1302 4338 1419 4387; x_wconf 87' lang='lat' dir='ltr'><strong>vestrum</strong></span> <span class='ocrx_word' id='word_1_717' title='bbox 1449 4330 1538 4403; x_wconf 86' lang='lat' dir='ltr'><strong>potius</strong></span> <span class='ocrx_word' id='word_1_718' title='bbox 1551 4339 1593 4387; x_wconf 89' lang='lat' dir='ltr'><strong>cst</strong></span> <span class='ocrx_word' id='word_1_719' title='bbox 1607 4347 1655 4390; x_wconf 90' lang='lat' dir='ltr'><strong>nos</strong></span> <span class='ocrx_word' id='word_1_720' title='bbox 1675 4333 1763 4390; x_wconf 79' lang='lat' dir='ltr'><strong>recline</strong></span> 
     </span>
    </p>
   </div>
   <div class='ocr_carea' id='block_1_31' title="bbox 925 4413 1144 4493">
    <p class='ocr_par' dir='ltr' id='par_1_38' title="bbox 925 4413 1144 4493">
     <span class='ocr_line' id='line_1_89' title="bbox 925 4413 1144 4493; baseline 0 -16"><span class='ocrx_word' id='word_1_721' title='bbox 925 4413 954 4477; x_wconf 89' lang='lat' dir='ltr'>D</span> <span class='ocrx_word' id='word_1_722' title='bbox 966 4421 1144 4493; x_wconf 89' lang='lat' dir='ltr'><strong>propositum.</strong></span> 
     </span>
    </p>
   </div>
   <div class='ocr_carea' id='block_1_32' title="bbox 964 4517 1766 5218">
    <p class='ocr_par' dir='ltr' id='par_1_39' title="bbox 964 4517 1766 5218">
     <span class='ocr_line' id='line_1_90' title="bbox 999 4517 1761 4590; baseline 0.004 -17"><span class='ocrx_word' id='word_1_723' title='bbox 999 4518 1121 4582; x_wconf 76' lang='lat' dir='ltr'><strong>blomne,</strong></span> <span class='ocrx_word' id='word_1_724' title='bbox 1152 4517 1209 4573; x_wconf 90' lang='lat' dir='ltr'><strong>llnc</strong></span> <span class='ocrx_word' id='word_1_725' title='bbox 1232 4533 1317 4589; x_wconf 85' lang='lat' dir='ltr'><strong>nsqvve</strong></span> <span class='ocrx_word' id='word_1_726' title='bbox 1344 4517 1407 4572; x_wconf 86' lang='lat' dir='ltr'><strong>satis</strong></span> <span class='ocrx_word' id='word_1_727' title='bbox 1431 4517 1617 4590; x_wconf 87' lang='lat' dir='ltr'><strong>philosophice</strong></span> <span class='ocrx_word' id='word_1_728' title='bbox 1632 4522 1761 4590; x_wconf 78' lang='lat' dir='ltr'><strong>tractasti,</strong></span> 
     </span>
     <span class='ocr_line' id='line_1_91' title="bbox 965 4606 1764 4679; baseline 0.004 -17"><span class='ocrx_word' id='word_1_729' title='bbox 965 4622 1025 4679; x_wconf 72' lang='lat' dir='ltr'><strong>quor</strong></span> <span class='ocrx_word' id='word_1_730' title='bbox 1052 4607 1177 4663; x_wconf 78' lang='lat' dir='ltr'><strong>discentia</strong></span> <span class='ocrx_word' id='word_1_731' title='bbox 1190 4607 1223 4663; x_wconf 90' lang='lat' dir='ltr'><strong>sit</strong></span> <span class='ocrx_word' id='word_1_732' title='bbox 1237 4607 1306 4662; x_wconf 89' lang='lat' dir='ltr'><strong>inter</strong></span> <span class='ocrx_word' id='word_1_733' title='bbox 1332 4606 1453 4678; x_wconf 89' lang='lat' dir='ltr'><strong>spiritum</strong></span> <span class='ocrx_word' id='word_1_734' title='bbox 1481 4609 1649 4679; x_wconf 89' lang='lat' dir='ltr'><strong>corporalem</strong></span> <span class='ocrx_word' id='word_1_735' title='bbox 1661 4617 1687 4664; x_wconf 87' lang='lat' dir='ltr'><strong>et</strong></span> <span class='ocrx_word' id='word_1_736' title='bbox 1701 4611 1764 4665; x_wconf 90' lang='lat' dir='ltr'><strong>ani-</strong></span> 
     </span>
     <span class='ocr_line' id='line_1_92' title="bbox 965 4695 1762 4766; baseline 0.001 -15"><span class='ocrx_word' id='word_1_737' title='bbox 965 4713 1038 4752; x_wconf 90' lang='lat' dir='ltr'><strong>mam</strong></span> <span class='ocrx_word' id='word_1_738' title='bbox 1061 4697 1228 4752; x_wconf 85' lang='lat' dir='ltr'><strong>rationalem.</strong></span> <span class='ocrx_word' id='word_1_739' title='bbox 1267 4695 1321 4752; x_wconf 88' lang='lat' dir='ltr'><strong>Sed</strong></span> <span class='ocrx_word' id='word_1_740' title='bbox 1349 4695 1477 4766; x_wconf 88' lang='lat' dir='ltr'><strong>quoniam</strong></span> <span class='ocrx_word' id='word_1_741' title='bbox 1506 4696 1594 4751; x_wconf 88' lang='lat' dir='ltr'><strong>minus</strong></span> <span class='ocrx_word' id='word_1_742' title='bbox 1622 4696 1762 4752; x_wconf 88' lang='lat' dir='ltr'><strong>doctorum</strong></span> 
     </span>
     <span class='ocr_line' id='line_1_93' title="bbox 964 4783 1764 4858; baseline 0 -17"><span class='ocrx_word' id='word_1_743' title='bbox 964 4786 1100 4858; x_wconf 87' lang='lat' dir='ltr'><strong>simplices</strong></span> <span class='ocrx_word' id='word_1_744' title='bbox 1120 4791 1223 4842; x_wconf 88' lang='lat' dir='ltr'><strong>mentes</strong></span> <span class='ocrx_word' id='word_1_745' title='bbox 1247 4784 1384 4839; x_wconf 90' lang='lat' dir='ltr'><strong>subtilium</strong></span> <span class='ocrx_word' id='word_1_746' title='bbox 1412 4783 1545 4840; x_wconf 84' lang='lat' dir='ltr'><strong>rationum</strong></span> <span class='ocrx_word' id='word_1_747' title='bbox 1561 4784 1694 4855; x_wconf 89' lang='lat' dir='ltr'><strong>profunda</strong></span> <span class='ocrx_word' id='word_1_748' title='bbox 1709 4801 1764 4841; x_wconf 91' lang='lat' dir='ltr'><strong>non</strong></span> 
     </span>
     <span class='ocr_line' id='line_1_94' title="bbox 965 4871 1764 4947; baseline 0 -17"><span class='ocrx_word' id='word_1_749' title='bbox 965 4882 1114 4947; x_wconf 86' lang='lat' dir='ltr'><strong>penetrant,</strong></span> <span class='ocrx_word' id='word_1_750' title='bbox 1129 4874 1253 4930; x_wconf 88' lang='lat' dir='ltr'><strong>eamdem</strong></span> <span class='ocrx_word' id='word_1_751' title='bbox 1268 4871 1445 4927; x_wconf 81' lang='lat' dir='ltr'><strong>differentiam</strong></span> <span class='ocrx_word' id='word_1_752' title='bbox 1469 4872 1537 4944; x_wconf 92' lang='lat' dir='ltr'><strong>legis</strong></span> <span class='ocrx_word' id='word_1_753' title='bbox 1560 4880 1605 4927; x_wconf 88' lang='lat' dir='ltr'><strong>aut</strong></span> <span class='ocrx_word' id='word_1_754' title='bbox 1619 4874 1764 4944; x_wconf 89' lang='lat' dir='ltr'><strong>propbeta·</strong></span> 
     </span>
     <span class='ocr_line' id='line_1_95' title="bbox 964 4968 1764 5043; baseline 0 -17"><span class='ocrx_word' id='word_1_755' title='bbox 964 4987 1024 5026; x_wconf 89' lang='lat' dir='ltr'><strong>rum</strong></span> <span class='ocrx_word' id='word_1_756' title='bbox 1048 4986 1149 5043; x_wconf 72' lang='lat' dir='ltr'><strong>quaeso,</strong></span> <span class='ocrx_word' id='word_1_757' title='bbox 1165 4972 1187 5026; x_wconf 92' lang='lat' dir='ltr'><strong>si</strong></span> <span class='ocrx_word' id='word_1_758' title='bbox 1201 4971 1284 5035; x_wconf 88' lang='lat' dir='ltr'><strong>vales,</strong></span> <span class='ocrx_word' id='word_1_759' title='bbox 1314 4968 1466 5024; x_wconf 88' lang='lat' dir='ltr'><strong>testimonio</strong></span> <span class='ocrx_word' id='word_1_760' title='bbox 1488 4968 1583 5040; x_wconf 86' lang='lat' dir='ltr'><strong>proba,</strong></span> <span class='ocrx_word' id='word_1_761' title='bbox 1598 4976 1627 5023; x_wconf 90' lang='lat' dir='ltr'><strong>ut</strong></span> <span class='ocrx_word' id='word_1_762' title='bbox 1649 4985 1764 5039; x_wconf 80' lang='lat' dir='ltr'><strong>quonam</strong></span> 
     </span>
     <span class='ocr_line' id='line_1_96' title="bbox 965 5057 1766 5133; baseline 0.001 -17"><span class='ocrx_word' id='word_1_763' title='bbox 965 5059 1158 5133; x_wconf 86' lang='lat' dir='ltr'><strong>profundumm</strong></span> <span class='ocrx_word' id='word_1_764' title='bbox 1199 5061 1332 5116; x_wconf 90' lang='lat' dir='ltr'><strong>rationum</strong></span> <span class='ocrx_word' id='word_1_765' title='bbox 1375 5057 1493 5130; x_wconf 77' lang='lat' dir='ltr'><strong>gravilm</strong></span> <span class='ocrx_word' id='word_1_766' title='bbox 1534 5072 1589 5112; x_wconf 93' lang='lat' dir='ltr'><strong>non</strong></span> <span class='ocrx_word' id='word_1_767' title='bbox 1622 5057 1766 5117; x_wconf 83' lang='lat' dir='ltr'><strong>illustravit</strong></span> 
     </span>
     <span class='ocr_line' id='line_1_97' title="bbox 964 5144 1616 5218; baseline -0.006 -13"><span class='ocrx_word' id='word_1_768' title='bbox 964 5157 1093 5218; x_wconf 89' lang='lat' dir='ltr'><strong>mentem,</strong></span> <span class='ocrx_word' id='word_1_769' title='bbox 1109 5150 1148 5204; x_wconf 88' lang='lat' dir='ltr'><strong>eis</strong></span> <span class='ocrx_word' id='word_1_770' title='bbox 1161 5150 1256 5205; x_wconf 88' lang='lat' dir='ltr'><strong>saltem</strong></span> <span class='ocrx_word' id='word_1_771' title='bbox 1271 5147 1414 5202; x_wconf 88' lang='lat' dir='ltr'><strong>auctoritas</strong></span> <span class='ocrx_word' id='word_1_772' title='bbox 1429 5145 1511 5201; x_wconf 87' lang='lat' dir='ltr'><strong>faciat</strong></span> <span class='ocrx_word' id='word_1_773' title='bbox 1524 5144 1616 5201; x_wconf 88' lang='lat' dir='ltr'><strong>fidem.</strong></span> 
     </span>
    </p>
   </div>
   <div class='ocr_carea' id='block_1_33' title="bbox 963 5251 1766 5783">
    <p class='ocr_par' dir='ltr' id='par_1_40' title="bbox 963 5251 1766 5783">
     <span class='ocr_line' id='line_1_98' title="bbox 1000 5251 1766 5326; baseline 0.001 -13"><span class='ocrx_word' id='word_1_774' title='bbox 1000 5258 1118 5313; x_wconf 81' lang='lat' dir='ltr'><strong>Parnes.</strong></span> <span class='ocrx_word' id='word_1_775' title='bbox 1148 5256 1179 5310; x_wconf 94' lang='lat' dir='ltr'><strong>ln</strong></span> <span class='ocrx_word' id='word_1_776' title='bbox 1205 5252 1316 5311; x_wconf 83' lang='lat' dir='ltr'><strong>exordio</strong></span> <span class='ocrx_word' id='word_1_777' title='bbox 1345 5252 1406 5308; x_wconf 89' lang='lat' dir='ltr'><strong>libri</strong></span> <span class='ocrx_word' id='word_1_778' title='bbox 1434 5251 1572 5309; x_wconf 86' lang='lat' dir='ltr'><strong>Geneseos</strong></span> <span class='ocrx_word' id='word_1_779' title='bbox 1594 5254 1700 5326; x_wconf 77' lang='lat' dir='ltr'><strong>Moyses</strong></span> <span class='ocrx_word' id='word_1_780' title='bbox 1728 5258 1766 5314; x_wconf 86' lang='lat' dir='ltr'><strong>ait</strong></span> 
     </span>
     <span class='ocr_line' id='line_1_99' title="bbox 964 5340 1763 5418; baseline 0.004 -18"><span class='ocrx_word' id='word_1_781' title='bbox 964 5347 1095 5418; x_wconf 89' lang='lat' dir='ltr'><strong>propheta</strong></span> <span class='ocrx_word' id='word_1_782' title='bbox 1107 5363 1113 5399; x_wconf 92' lang='lat'>:</span> <span class='ocrx_word' id='word_1_783' title='bbox 1127 5343 1268 5400; x_wconf 77' lang='lat' dir='ltr'><strong>formauit</strong></span> <span class='ocrx_word' id='word_1_784' title='bbox 1282 5341 1355 5399; x_wconf 79' lang='lat' dir='ltr'><strong>Deus</strong></span> <span class='ocrx_word' id='word_1_785' title='bbox 1374 5340 1517 5397; x_wconf 80' lang='lat' dir='ltr'><strong>bominem</strong></span> <span class='ocrx_word' id='word_1_786' title='bbox 1534 5341 1567 5398; x_wconf 82' lang='lat' dir='ltr'><strong>de</strong></span> <span class='ocrx_word' id='word_1_787' title='bbox 1584 5342 1652 5399; x_wconf 82' lang='lat' dir='ltr'><strong>iimo</strong></span> <span class='ocrx_word' id='word_1_788' title='bbox 1667 5346 1763 5413; x_wconf 72' lang='lat' dir='ltr'><strong>temo,</strong></span> 
     </span>
     <span class='ocr_line' id='line_1_100' title="bbox 963 5430 1765 5506; baseline 0.001 -16"><span class='ocrx_word' id='word_1_789' title='bbox 963 5430 1765 5506; x_wconf 67' lang='lat' dir='ltr'><strong>ctinopinabilia[aelemojmaplraculumetiamsolum</strong></span> 
     </span>
     <span class='ocr_line' id='line_1_101' title="bbox 964 5528 1764 5602; baseline -0.004 -14"><span class='ocrx_word' id='word_1_790' title='bbox 964 5534 1006 5588; x_wconf 80' lang='lat' dir='ltr'><strong>est</strong></span> <span class='ocrx_word' id='word_1_791' title='bbox 1016 5530 1423 5590; x_wconf 81' lang='lat' dir='ltr'><strong>homoinanimnmvicomlam</strong></span> <span class='ocrx_word' id='word_1_792' title='bbox 1433 5528 1519 5601; x_wconf 78' lang='lat' dir='ltr'><strong>(Gen.</strong></span> <span class='ocrx_word' id='word_1_793' title='bbox 1534 5530 1576 5601; x_wconf 83' lang='lat' dir='ltr'><strong>nl,</strong></span> <span class='ocrx_word' id='word_1_794' title='bbox 1588 5545 1638 5602; x_wconf 86' lang='lat' dir='ltr'><strong>par</strong></span> <span class='ocrx_word' id='word_1_795' title='bbox 1647 5531 1764 5601; x_wconf 85' lang='lat' dir='ltr'><strong>spiracu-</strong></span> 
     </span>
     <span class='ocr_line' id='line_1_102' title="bbox 964 5616 1766 5693; baseline -0.002 -19"><span class='ocrx_word' id='word_1_796' title='bbox 964 5616 1020 5674; x_wconf 92' lang='lat' dir='ltr'><strong>lum</strong></span> <span class='ocrx_word' id='word_1_797' title='bbox 1034 5619 1136 5677; x_wconf 90' lang='lat' dir='ltr'><strong>scilicet</strong></span> <span class='ocrx_word' id='word_1_798' title='bbox 1158 5619 1221 5677; x_wconf 74' lang='lat' dir='ltr'><strong>vitea</strong></span> <span class='ocrx_word' id='word_1_799' title='bbox 1241 5618 1365 5691; x_wconf 91' lang='lat' dir='ltr'><strong>spiritum</strong></span> <span class='ocrx_word' id='word_1_800' title='bbox 1388 5620 1568 5693; x_wconf 87' lang='lat' dir='ltr'><strong>corporalem,</strong></span> <span class='ocrx_word' id='word_1_801' title='bbox 1583 5632 1633 5692; x_wconf 86' lang='lat' dir='ltr'><strong>per</strong></span> <span class='ocrx_word' id='word_1_802' title='bbox 1645 5619 1766 5674; x_wconf 81' lang='lat' dir='ltr'><strong>animam</strong></span> 
     </span>
     <span class='ocr_line' id='line_1_103' title="bbox 966 5705 1681 5783; baseline -0.006 -19"><span class='ocrx_word' id='word_1_803' title='bbox 966 5723 1030 5768; x_wconf 88' lang='lat' dir='ltr'><strong>vero</strong></span> <span class='ocrx_word' id='word_1_804' title='bbox 1045 5708 1193 5783; x_wconf 84' lang='lat' dir='ltr'><strong>viventem,</strong></span> <span class='ocrx_word' id='word_1_805' title='bbox 1207 5705 1369 5769; x_wconf 85' lang='lat' dir='ltr'><strong>rationalem</strong></span> <span class='ocrx_word' id='word_1_806' title='bbox 1384 5708 1538 5783; x_wconf 80' lang='lat' dir='ltr'><strong>intelligens</strong></span> <span class='ocrx_word' id='word_1_807' title='bbox 1553 5709 1681 5766; x_wconf 79' lang='lat' dir='ltr'><strong>animam</strong></span> 
     </span>
    </p>
   </div>
   <div class='ocr_carea' id='block_1_34' title="bbox 1573 5802 1619 5889">
    <p class='ocr_par' dir='ltr' id='par_1_41' title="bbox 1573 5802 1619 5889">
     <span class='ocr_line' id='line_1_104' title="bbox 1573 5802 1619 5889; baseline 0 -23"><span class='ocrx_word' id='word_1_808' title='bbox 1573 5802 1619 5889; x_wconf 57' lang='lat' dir='ltr'><strong>aa</strong></span> 
     </span>
    </p>
   </div>
   <div class='ocr_carea' id='block_1_35' title="bbox 0 0 1894 6038">
    <p class='ocr_par' dir='ltr' id='par_1_42' title="bbox 0 0 1894 6038">
     <span class='ocr_line' id='line_1_105' title="bbox 0 0 1894 6038; baseline 0 1"><span class='ocrx_word' id='word_1_809' title='bbox 0 0 1894 6038; x_wconf 95' lang='lat' dir='ltr'><strong> </strong></span> 
     </span>
    </p>
   </div>
  </div>
 </body>
</html>
