3780 6038
118 212 187 267 tint

111 424 180 479 sicut
203 432 229 479 et
245 425 331 493 ipsum
347 423 466 479 odicium
494 426 616 500 conjugii
632 436 829 484 sacramentum
856 447 914 486 esso

111 514 291 583 cognoscitur.
316 512 369 569 Sed
384 512 552 586 conjugium,
585 524 613 568 ut
627 515 727 571 dietum
742 525 790 584 est,
819 534 912 574 sacra-

109 609 232 654 mentum
261 610 288 655 et
316 600 387 655 illins
409 602 544 657 societatis
570 604 672 673 quein
700 606 792 675 spiritu
821 607 914 663 estiu-

109 696 149 742 ter
166 689 252 743 Deum
282 699 307 745 et
322 690 450 744 animam.
464 690 589 747 tltlicium
619 708 681 749 vero
696 695 815 767 conjugii
829 712 915 753 sacru·

109 793 230 840 mentum
260 794 300 841 est
327 788 398 843 illius
411 789 545 845 societatis
569 807 629 861 quae
644 791 671 845 in
686 808 766 848 earne
781 799 821 847 cst
845 792 914 848 inter

109 876 243 930 Christum
261 885 287 930 ct
302 877 461 933 Ecclesiam.
478 878 612 951 Scriptum
628 888 676 948 est,
690 881 794 951 inquit:
809 882 914 937 ·Erunt

108 963 162 1019 dam
193 965 220 1017 in
244 981 323 1021 carne
354 982 408 1020 nna
423 968 504 1031 (Gen,
526 970 569 1039 ιι).
587 991 598 1017 ιι
616 968 650 1023 Et
677 969 699 1024 si
713 970 767 1026 duo
783 970 810 1025 in
833 986 913 1026 earne

109 1079 173 1127 urin,
188 1063 245 1133 jam
263 1078 316 1119 non
332 1062 395 1129 duo,
412 1065 460 1119 scd
476 1083 529 1121 una
543 1082 615 1122 caro.
632 1064 690 1123 lloc
703 1075 743 1124 est
755 1085 912 1124 sacramen-

110 1158 167 1205 tum
181 1150 253 1220 quod
269 1152 306 1207 ait
320 1153 466 1224 Apostolus
482 1172 488 1208 :
509 1177 519 1201 ι
538 1154 667 1227 lingnam
683 1154 709 1210 in
725 1156 830 1212 Christo
844 1163 870 1213 et
884 1155 912 1210 in

108 1239 231 1295 Ecclesia
260 1240 394 1314 (Epicteti,
426 1242 494 1297 »nd
522 1244 594 1313 quod
622 1250 818 1301 sacramentum
847 1260 912 1317 per-

110 1327 196 1383 tinere
225 1344 279 1384 non
308 1332 397 1400 potest
425 1330 532 1399 mulier,
557 1348 618 1387 cum
643 1348 695 1403 qua
717 1332 836 1389 noscitur
857 1349 912 1388 non

111 1416 193 1472 luisse
208 1419 317 1473 carnale
331 1420 525 1475 commercium
542 1440 548 1476 :
564 1428 651 1493 potest
666 1428 755 1478 tumen
777 1422 912 1492 pertinere

110 1514 234 1569 adalind
263 1523 542 1581 sacramentum‚non
570 1535 700 1590 magnum
712 1519 739 1573 in
753 1518 858 1575 Christo
886 1527 913 1573 et

110 1603 240 1671 Ecclesia,
270 1604 317 1659 sed
328 1605 417 1674 majus
444 1606 470 1660 in
482 1606 577 1662 Decet
590 1608 692 1663 anima.
712 1606 782 1676 Quid
797 1608 867 1663 enirn
897 1610 911 1660 ‘i

576 214 871 272 bernonarruusss
891 218 941 274 SS.
958 219 1113 280 carana.
1131 256 1167 265 —
1185 227 1248 281 litt.
1268 229 1303 283 ll.

1695 242 1763 293 ttttrt

112 335 255 408 glorietur.
267 337 337 391 Num
352 343 378 390 et
393 336 480 407 ipsum
489 337 646 410 eonjugium
657 346 852 395 sacramentum
864 350 913 409 est,
927 352 957 410 A
973 349 1121 403 ritascnlum
1150 357 1177 405 et
1205 352 1333 408 seminam
1365 362 1478 423 constat,
1514 368 1711 415 sacramentum
1740 370 1766 417 et

968 434 1059 509 imago
1070 446 1126 493 est:
1143 446 1170 493 et
1183 439 1261 507 sorte,
1287 450 1315 496 ut
1325 446 1477 513 expressius
1501 446 1613 517 dicatur,
1630 449 1688 520 ipsa
1713 465 1764 506 so·-

968 533 1060 603 cictas,
1090 552 1150 607 quae
1166 538 1282 594 exterius
1295 540 1324 594 in
1348 542 1478 614 conjugio
1492 552 1571 615 pacto
1587 545 1697 601 soecleris
1710 564 1764 603 scr-

967 629 1056 677 t'atur.
1077 624 1279 682 Sacramentum
1298 636 1324 683 et
1338 630 1422 701 ipsius
1436 632 1597 688 sacramenti
1620 652 1662 689 res
1672 642 1711 691 est
1725 636 1765 691 di-

967 709 1045 766 lectio
1060 722 1153 770 mutua
1180 716 1341 785 animorum,
1359 734 1417 790 quae
1438 720 1472 774 ad
1487 722 1603 777 invicem
1631 724 1766 780 societatis

967 805 994 854 et
1005 800 1113 857 foederis
1125 803 1277 877 conjugalis
1291 806 1397 863 vinculo
1413 809 1568 865 custoditur.
1581 810 1612 866 Et
1626 814 1684 867 haec
1707 814 1766 885 ipsa

966 913 1056 953 rursus
1084 900 1200 970 dileetio,
1229 920 1282 973 (qua
1306 906 1474 962 masculuset
1502 907 1603 964 lentina
1626 909 1765 967 insancti-

966 990 1020 1042 late
1035 989 1155 1061 conjugii
1183 990 1280 1046 nuituis
1289 993 1425 1060 uniuntur,
1450 1005 1647 1053 sacramentum
1672 1006 1712 1054 est
1739 1008 1765 1054 ct

966 1074 1074 1149 signnm
1102 1076 1174 1133 illius
1188 1078 1340 1136 dilectionis
1360 1100 1414 1153 qna
1426 1082 1498 1139 Deus
1512 1086 1637 1141 rationali
1666 1086 1764 1143 animat

965 1163 1037 1219 intus
1058 1182 1107 1237 per
1133 1166 1295 1224 infusionem
1322 1172 1416 1243 gratiae
1443 1189 1499 1229 sum
1536 1181 1562 1229 et
1589 1174 1697 1247 spiritus
1723 1176 1764 1231 sui

965 1253 1361 1330 participationeconjungitur.
1387 1261 1491 1332 Copula
1515 1262 1597 1335 igitur
1606 1264 1694 1320 carnis
1704 1280 1764 1335 quae

966 1356 1027 1407 onte
1055 1358 1194 1424 peccatum
1220 1355 1245 1409 in
1270 1355 1398 1429 conjugio
1423 1356 1539 1413 odicium
1560 1360 1618 1431 fuit,
1649 1370 1675 1416 et
1703 1370 1764 1435 post

966 1448 1107 1512 peccatum
1136 1443 1163 1496 in
1191 1443 1287 1499 eodem
1302 1462 1350 1518 pro
1373 1448 1493 1503 remedio
1508 1465 1633 1505 concessa
1647 1458 1696 1519 est,
1725 1452 1764 1507 sic

966 1529 1107 1600 utrobique
1135 1532 1263 1605 conjugio
1296 1532 1461 1608 adjungitur,
1491 1544 1520 1591 ut
1546 1554 1607 1593 oum
1636 1540 1763 1613 conjugio

965 1624 1024 1696 ipsa
1034 1627 1076 1694 sit,
1093 1644 1145 1683 non
1156 1630 1313 1702 conjugium
1337 1649 1370 1685 ex
1386 1631 1453 1704 ipsa.
1471 1632 1540 1688 Nam
1552 1643 1578 1688 et
1592 1642 1653 1691 ante
1675 1636 1763 1707 ipsam

111 1692 140 1747 Sl
157 1708 286 1763 magnum
303 1700 341 1747 ⁰⁵¹
356 1694 428 1763 qnod
441 1694 468 1748 ln
483 1710 563 1750 fasne
582 1703 631 1759 0-ςῑι
648 1713 776 1768 magnum
792 1712 846 1752 ⁰⁰¹¹
873 1703 951 1768 0⁵¹ss
968 1715 1124 1787 conjugium
1152 1726 1310 1785 veruinast,
1326 1727 1351 1774 et
1365 1721 1422 1775 sine
1437 1722 1496 1791 ipsa
1506 1731 1627 1778 sanctum
1643 1742 1700 1780 esse
1716 1742 1764 1797 po·

112 1779 140 1834 in
155 1796 208 1836 uno
224 1782 307 1836 rnulto
323 1782 412 1851 majus
429 1784 500 1853 quod
515 1785 543 1837 in
557 1784 652 1854 spiritu
679 1793 727 1840 est.
742 1808 753 1833 ι
771 1786 849 1853 Caro,
865 1786 909 1838 in-

113 1879 179 1947 quit,
210 1880 276 1934 nibil
293 1881 410 1951 prodest,
427 1882 535 1952 spiritus
562 1882 658 1952 estqui
672 1881 789 1937 sicilicet
813 1883 906 1951 (leuat.

113 1976 162 2037 rr).
183 1991 193 2013 ιι
212 1969 240 2024 Si
255 1985 321 2040 ergo
336 1986 464 2041 magnum
495 1971 614 2041 estquod
642 1971 669 2025 in
684 1987 763 2026 carne
778 1978 827 2039 est,
856 1987 913 2025 ma-

110 2056 157 2126 jus
171 2057 261 2127 utique
273 2066 312 2112 est
328 2058 400 2128 quod
424 2060 451 2112 in
465 2059 558 2130 spiritu
575 2066 624 2126 cst,
640 2060 748 2115 sirecte
763 2077 812 2130 per
838 2059 913 2114 Scri-

113 2160 220 2225 pturam
235 2163 355 2210 sancum
370 2156 442 2211 lleus
466 2174 580 2229 sponsus
593 2157 700 2227 dicitur,
716 2166 742 2214 et
756 2158 847 2213 eninm
871 2172 913 2212 ra-

113 2251 221 2307 tionalis
231 2268 330 2324 sponsa
345 2261 463 2310 vocatur.
482 2254 589 2325 Aliquid
600 2256 721 2327 prolecto
744 2256 814 2311 inter
826 2254 913 2310 Deum

113 2348 140 2396 et
163 2342 283 2398 animam
312 2342 380 2414 ejus,
405 2340 522 2413 cujusicl
546 2344 619 2415 quod
633 2344 661 2401 in
688 2342 817 2417 conjugio
846 2343 915 2400 inter

965 1812 1013 1859 test
1032 1813 1113 1861 :tunc
1123 1806 1231 1877 quidem
1246 1808 1265 1861 si
1283 1808 1328 1862 illa
1356 1825 1409 1865 non
1430 1811 1534 1865 aulesset
1562 1812 1761 1882 infructuosius,

967 1910 1038 1950 ntrne
1053 1902 1143 1950 autem
1158 1895 1179 1949 si
1194 1895 1240 1951 illa
1255 1913 1308 1952 non
1323 1896 1577 1955 assueritsincerius.
1598 1901 1676 1971 Quod
1691 1904 1763 1960 enim

966 1990 1027 2053 post
1055 1992 1194 2055 peccatum
1223 1984 1420 2056 copulacamis
1439 1988 1466 2041 in
1495 1988 1623 2062 conjugia
1651 1991 1765 2048 admitti·

968 2079 1019 2138 tur,
1052 2072 1226 2145 indulgentiae
1268 2074 1356 2147 magis
1376 2081 1416 2130 cst
1436 2083 1462 2130 et
1498 2079 1701 2147 compassionis,
1731 2096 1766 2134 na

967 2162 1062 2217 titium
1076 2162 1300 2234 concupiscentiae
1324 2163 1396 2233 qnod
1412 2164 1439 2218 in
1466 2167 1585 2222 humana
1598 2184 1678 2223 carne
1707 2174 1768 2239 post

968 2256 1108 2325 peccatum
1138 2250 1279 2317 radicavit,
1322 2252 1425 2324 turpius
1465 2252 1493 2308 in
1516 2270 1626 2312 onmem
1669 2271 1766 2315 exces-

968 2358 1027 2397 sum
1050 2339 1204 2414 proflueret,
1229 2340 1252 2396 si
1265 2356 1398 2413 nusquam
1413 2340 1486 2400 licite
1508 2343 1596 2417 excipi
1620 2344 1762 2417 potuisset.

495 2734 806 2843 DOlllNlGd
850 2734 1155 2843 Vlonsltta
1189 2736 1387 2846 PRIMA

739 2974 939 3041 Secundum
957 2972 1153 3043 ioannem..

150 3222 161 3247 ιι
184 3199 248 3254 Erat
267 3198 377 3270 quidam
402 3195 512 3267 regulus
533 3193 611 3263 cuius
632 3194 704 3250 tilius
726 3192 912 3249 infirmabatur
926 3192 951 3257 C
964 3193 1112 3267 imaginem
1123 3195 1173 3251 Dei
1187 3195 1251 3251 lacti
1273 3202 1344 3265 sunt,
1359 3193 1408 3249 sed
1421 3195 1538 3251 honores
1551 3204 1578 3253 ot
1590 3194 1699 3254 dividas
1720 3214 1766 3256 re·

111 3290 312 3357 Capitamaum.
344 3286 406 3351 Hic,
423 3301 485 3340 cum
509 3284 628 3340 audisset
651 3282 714 3353 quia
727 3282 804 3338 Jews
827 3282 913 3339 adve-
967 3308 1106 3349 ueramur.
1123 3292 1218 3349 Videte
1242 3291 1452 3348 distinctionem.
1468 3292 1588 3366 Regulus
1610 3295 1767 3352 isteDomi-

108 3377 310 3433 nirctaludaea
325 3376 354 3431 in
381 3374 532 3437 Galilaeam,
555 3372 622 3429 abiit
649 3372 915 3443 adsumetrogabat
967 3396 1032 3434 num
1056 3380 1091 3435 aa
1105 3380 1217 3439 domum
1232 3397 1309 3437 suam
1335 3381 1496 3437 descendere
1524 3382 1660 3453 cupiebat,
1675 3392 1768 3441 centu,

109 3484 138 3531 ut
149 3476 323 3532 descenderet
344 3478 483 3530 etsanaret
496 3472 581 3526 lilium
592 3471 661 3542 ejus.
676 3469 827 3541 Incipiebat
840 3468 913 3523 enim
966 3468 1007 3524 rio
1018 3468 1159 3541 indignum
1183 3484 1213 3524 sc
1227 3485 1284 3525 esse
1308 3469 1423 3525 dicebat.
1439 3470 1489 3527 llio
1512 3487 1618 3527 cessum
1645 3481 1686 3529 cst
1712 3474 1767 3530 ela·

107 3566 187 3621 mori.
215 3566 288 3620 Dixit
303 3580 369 3637 ergo
384 3564 459 3617 lesus
474 3561 508 3616 ad
523 3577 584 3616 eum
602 3579 608 3616 :
627 3582 639 3608 ι
655 3559 712 3614 Nisi
723 3559 801 3631 signa
815 3565 842 3613 et
851 3573 913 3629 pro·
966 3557 1042 3626 doni,
1071 3557 1127 3613 illie
1141 3572 1298 3614 concessum
1322 3566 1363 3614 est
1377 3558 1530 3627 humilitati,
1553 3568 1681 3632 tanquam
1704 3562 1767 3619 hnic

108 3656 184 3727 digia
198 3655 328 3723 tuleritis,
357 3669 412 3708 non
427 3650 544 3715 creditis,
562 3656 614 3705 etc.
637 3650 730 3720 (ioan.
747 3654 796 3717 tv).
815 3670 826 3697 ι
843 3648 911 3703 Cre-
965 3644 1099 3703 diceretur
1123 3665 1130 3702 ε
1154 3647 1219 3705 Noli
1246 3647 1314 3703 mihi
1342 3646 1451 3704 taedium
1470 3648 1562 3706 lacere
1585 3669 1592 3706 ε
1616 3650 1764 3721 potentiam

107 3751 209 3819 debat;
226 3752 273 3807 sed
297 3755 324 3805 in
345 3750 398 3805 fine
422 3747 564 3813 dubitavit,
592 3747 621 3800 in
643 3747 696 3801 boe
723 3744 793 3815 quod
816 3750 909 3813 poten·
964 3737 1111 3793 meantis
1133 3737 1161 3792 in
1176 3736 1259 3794 domo
1282 3735 1441 3793 tuazrarbo
1456 3752 1566 3809 possum
1576 3738 1661 3795 lilium
1690 3748 1764 3795 tuum

108 3842 173 3896 tiam
195 3842 254 3913 ejus
279 3840 384 3912 petivit.
417 3842 574 3909 Agnoscens
600 3836 690 3905 itaque
714 3834 845 3889 Dominus
863 3848 911 3889 cor
963 3842 1070 3882 sanare.
1086 3825 1213 3882 Centurio
1240 3825 1393 3924 alienigena
1407 3825 1520 3882 credidit
1537 3843 1591 3926 'mc
1616 3827 1765 3926 verbenae

110 3928 256 3984 diffidentis
279 3928 367 4000 arguit
395 3926 465 3981 illius
479 3922 668 3992 diffidentiam,
693 3923 808 3978 dicens:
825 3946 835 3971 ιι
851 3921 908 3977 Nisi
963 3932 1044 3987 posse
1071 3915 1160 3972 lacere
1176 3931 1311 3986 ;rosn1sr
1337 3930 1417 3986 signa
1431 3915 1592 3987 etprodrgra
1619 3915 1762 3971 udonus:

108 4019 188 4091 signa
212 4024 238 4073 et
256 4016 381 4089 prodigia
394 4015 514 4072 videritis
528 4028 582 4069 non
610 4012 726 4069 creditis.
754 4036 765 4061 ιι
783 4010 910 4083 Prodigia
964 4005 1148 4062 concreditis.
1380 4090 1386 4103 ⁹
1521 4089 1555 4100 ..
1600 4089 1606 4101 .

107 4114 168 4163 sant
183 4122 243 4177 quae
258 4104 360 4177 aliquid
388 4103 560 4177 portendunt.
587 4103 620 4158 tn
634 4102 731 4158 dicitur
753 4100 907 4173 prodigium
1001 4118 1011 4143 ι
1029 4094 1240 4151 Credidithomo
1269 4107 1387 4146 serment
1409 4089 1568 4189 quemdrxrt
1582 4090 1707 4161 erlesns,
1737 4101 1763 4147 et

106 4204 182 4275 quasi
198 4200 348 4273 prodicium
366 4221 372 4257 ε
389 4200 460 4271 quod
480 4215 560 4272 porro
573 4198 654 4268 dicat,
684 4199 710 4254 id
724 4198 908 4272 adsignificat
961 4184 1018 4239 ihil
1034 4199 1040 4239 ἲ
1054 4184 1112 4253 istm
1129 4188 1225 4281 'mmm
1246 4179 1472 4279 ⁰⁰·d050011d0ssfe
1495 4195 1565 4279 will
1588 4189 1763 4280 'ocaturerunt

106 4301 209 4373 aliquid
225 4302 355 4357 futurum.
379 4300 428 4355 llla
443 4314 504 4370 quae
514 4294 688 4365 tuncfiebant,
706 4314 738 4354 ea
753 4314 812 4367 quae
835 4314 906 4353 nunc
960 4272 994 4341 Εἰι
1009 4280 1036 4327 ‘³‘
1061 4274 1251 4326 muniverunt
1266 4266 1386 4324 d¹⁰⁰⁰¹⁰⁵
1409 4286 1473 4340 ‘lma
1489 4266 1561 4323 ffl¹¹¹⁵
1570 4286 1628 4338 ⁶1³⁵
1641 4279 1756 4326 tiverti-

105 4408 222 4473 aguntur
231 4397 438 4471 portendebant.
465 4393 553 4452 Omne
567 4392 721 4467 prodigium
736 4394 902 4465 estsignum

103 4488 152 4545 sed
168 4506 222 4544 non
249 4486 423 4544 comeditur.
437 4483 498 4555 quia
526 4483 633 4555 signum
657 4491 696 4539 est
711 4490 764 4539 tam
780 4482 814 4539 dc
830 4500 902 4555 prce-

104 4579 182 4635 terito
197 4585 223 4633 et
238 4575 362 4649 presenti
377 4590 458 4645 aquam
473 4573 507 4628 de
521 4572 610 4628 lutura
625 4585 633 4642 3
649 4571 803 4645 prodigium
813 4577 902 4627 autem

104 4686 146 4733 est
159 4684 261 4732 tantum
290 4674 324 4731 ale
339 4675 439 4729 lutura.
456 4670 570 4744 Signum
581 4668 631 4726 luit
644 4666 678 4727 de
692 4670 817 4743 presenti
830 4669 903 4740 quod

104 4766 237 4821 Dominus
252 4780 350 4835 aquarn
375 4760 454 4819 vertit
468 4760 495 4814 in
509 4760 613 4827 tinum,
629 4758 775 4832 designans
786 4758 902 4832 gloriam

104 4880 180 4919 suam
211 4864 278 4917 sicut
305 4860 420 4916 circulus
434 4856 569 4930 signiticat
586 4856 613 4909 in
641 4855 843 4929 presentiarum
858 4854 901 4911 ti-

104 4969 169 5008 num
181 4952 285 5007 renale.
303 4950 417 5021 Signum
432 4946 465 5001 dc
479 4944 625 5017 praeterito,
642 4953 682 5000 est
698 4942 842 5017 vestigium
857 4958 903 5015 pe

104 5041 168 5097 dum
189 5041 216 5095 in
233 5041 295 5095 nivo
310 5054 456 5111 apparens.

143 5192 154 5215 ιι
172 5166 241 5223 Dicit
255 5165 289 5220 ad
300 5181 361 5219 eum
372 5165 482 5236 regulus
498 5180 505 5219 :
522 5160 647 5227 Domine,
661 5157 794 5215 descende
815 5156 906 5229 prius-

104 5272 186 5327 quam
211 5254 341 5309 moriatur
360 5252 431 5307 lilius
457 5267 543 5308 meus.
562 5249 633 5305 Dicit
647 5248 672 5304 ei
699 5247 776 5302 lesus
791 5264 798 5302 :
816 5245 900 5313 Vade,

103 5352 177 5407 lilius
201 5358 261 5406 tuus
283 5350 360 5407 vivit.
373 5370 384 5397 ιι
401 5348 526 5403 iudicans
550 5363 580 5401 se
595 5360 649 5400 non
664 5344 758 5401 deesse
772 5342 819 5399 ubi
833 5341 902 5398 invi-

107 5448 187 5507 tatur,
202 5440 261 5497 solo
269 5439 347 5510 jussu
360 5444 446 5494 sanat.
462 5438 494 5492 ln
516 5438 642 5507 hocergo
660 5432 734 5505 quod
746 5448 824 5491 semo
838 5446 901 5488 cen·

106 5536 218 5593 lanionis
232 5552 286 5593 non
296 5536 459 5609 dedignetur
479 5546 619 5591 occurrere
631 5546 694 5587 cum
717 5531 752 5588 ad
765 5529 851 5587 filiurn
861 5544 903 5584 re·

959 4360 1146 4433 Interrogabat
1165 4374 1231 4430 ergo
1250 4359 1346 4413 boram
1374 4356 1410 4413 ab
1428 4356 1509 4412 eisin
1524 4374 1577 4429 qua
1592 4358 1689 4414 melius
1707 4360 1759 4415 lm-

957 4449 1053 4506 buerit.
1082 4444 1116 4503 lit
1131 4446 1257 4503 dixerunt
1284 4445 1308 4502 ei
1336 4444 1400 4516 quia
1415 4445 1472 4501 lteri
1496 4445 1688 4518 boraseplima
1702 4448 1761 4503 reli·

918 4542 944 4609 Ι)
960 4539 1017 4610 quit
1032 4552 1093 4593 eum
1108 4534 1200 4592 labris.
1230 4532 1366 4607 Cognovit
1379 4550 1444 4607 crgo
1455 4540 1531 4605 pater
1544 4533 1608 4605 quia
1623 4535 1669 4591 illa
1693 4537 1760 4591 hora

958 4634 1017 4684 erat
1039 4625 1067 4680 in
1093 4641 1146 4697 qua
1160 4622 1228 4679 dixit
1256 4623 1281 4679 ei
1309 4622 1386 4678 lusus
1403 4639 1409 4676 :
1426 4622 1510 4689 Vade,
1537 4620 1600 4691 quin
1614 4620 1685 4678 iilius
1700 4631 1759 4679 tuus

958 4716 1048 4785 vivit;
1064 4721 1090 4770 et
1104 4712 1216 4770 credidit
1237 4710 1295 4783 ipse
1317 4717 1344 4765 et
1366 4708 1464 4766 domus
1487 4710 1545 4781 ejus
1560 4718 1624 4765 tota
1642 4732 1654 4759 ιι
1671 4711 1760 4783 Carpit

957 4806 1039 4863 homo
1056 4800 1237 4872 crederequia
1260 4798 1393 4856 Dominus
1406 4814 1484 4869 aeque
1511 4798 1608 4854 absens
1635 4814 1758 4871 corpore,

955 4902 983 4950 ut
1011 4910 1130 4966 praesens
1157 4896 1264 4945 sanaret
1279 4908 1286 4956 ;
1302 4896 1330 4944 et
1362 4888 1401 4941 sic
1427 4886 1525 4942 memit
1548 4887 1662 4942 salutem
1688 4888 1756 4945 lilio.

955 4984 1018 5041 Non
1031 4997 1097 5056 argo
1111 4976 1253 5035 diffiditis
1269 4976 1455 5032 misericordia
1464 4990 1557 5031 servos
1565 4975 1757 5049 interrogando

956 5072 1077 5137 debora,
1103 5068 1151 5125 sed
1178 5067 1313 5123 desiderat
1334 5072 1363 5121 ut
1386 5063 1471 5122 virtus
1497 5064 1590 5121 divina
1617 5080 1757 5121 servemur

960 5160 1128 5219 conlassiene
1152 5156 1277 5230 plurimis
1290 5155 1450 5211 innotescat.
1476 5153 1642 5209 Velnoeasu
1659 5156 1759 5213 sanitas

954 5249 1111 5323 contigisset
1134 5245 1329 5318 intenngabat,
1345 5244 1410 5315 quia
1432 5242 1543 5299 ionitae
1554 5242 1675 5299 nondum
1691 5260 1757 5317 per-

956 5342 1025 5397 fecte
1039 5336 1178 5395 credebat.
1210 5335 1241 5389 ln
1254 5332 1342 5406 ligura
1352 5333 1437 5389 saneti
1451 5332 1567 5403 Spiritus
1581 5331 1756 5405 septiformis,

954 5430 983 5487 in
998 5444 1053 5501 quo
1077 5426 1166 5483 omnis
1192 5423 1265 5479 salus
1290 5422 1421 5492 consisbt,
1447 5420 1555 5493 reliquit
1582 5438 1646 5477 eum
1673 5424 1759 5480 lebris

956 5520 1024 5576 bora
1049 5516 1177 5590 septima.
1209 5512 1298 5569 Tarda
1325 5510 1439 5569 credens
1464 5512 1575 5584 regulus
1588 5510 1640 5567 iste
1660 5510 1759 5585 figurat

103 5628 163 5702 guli
188 5625 382 5700 dedignaretur
400 5625 438 5681 ire
456 5624 538 5697 (lac.
566 5622 730 5691 ruinosus
754 5618 905 5679 retunditur
956 5606 1067 5667 tudens
1093 5604 1129 5663 ad
1156 5602 1240 5702 fidem
1264 5600 1376 5659 diliieila
1402 5600 1552 5711 perrierus,
1581 5600 1668 5673 qualis
1703 5607 1762 5655 erat

102 5714 241 5789 snperbia,
265 5713 330 5787 quia
355 5710 552 5772 inhominibus
567 5724 625 5771 ιιοιι
650 5716 775 5771 natorum
788 5725 844 5782 qua
868 5703 905 5766 ed
959 5700 1079 5761 trouu
1101 5708 1165 5757 cum
1178 5690 1283 5753 aedua
1305 5707 1315 5752 a
1346 5714 1360 5745 ι
1388 5692 1467 5764 tem,
1486 5690 1629 5751 mattehuc
1647 5702 1759 5747 manum
