3780 6038
99 218 157 278 ιω
516 160 522 177 ’
709 210 825 271 casm
844 208 953 268 nrrsc.
974 208 1141 267 ructans.
1436 172 1451 199 ⁸
1704 219 1757 273 raa

143 339 422 399 testanteesaia
444 337 589 396 succiduus
611 337 779 409 Magnardus
799 336 820 366 '¹
843 337 905 408 epi·
920 347 948 408 Α
962 336 1003 390 sui
1031 336 1128 407 praedii
1155 337 1265 394 nomine
1288 337 1458 405 Castellum
1488 338 1565 409 cujus
1599 340 1758 410 sepulcrum

102 447 206 504 scopus
222 433 280 500 (³7.
299 430 349 486 llic
362 444 481 502 magnus
497 427 568 499 apud
583 427 671 493 Deum
687 426 816 482 virtutum
841 442 901 482 me·
959 450 1043 505 usqne
1059 434 1141 489 hodie
1156 435 1356 491 demonstratur
1370 435 1485 490 ibidem.

103 529 175 596 ritis,
191 543 308 598 magnus
331 527 413 583 etiam
442 526 469 580 in
493 524 602 597 populis
632 525 767 580 bonorum
795 533 905 581 actuum
994 532 1037 588 33.
1056 529 1116 599 Quo
1132 532 1183 587 rita
1198 532 1359 598 decedente,
1376 533 1464 588 extitit
1478 533 1595 589 domnus
1612 534 1685 591 Bodo
1701 536 1758 606 (tt)

104 618 249 688 exemplis,
261 617 296 672 ab
311 615 508 687 Omnipotente
524 613 607 669 estin
623 613 704 669 terris
715 612 905 685 magnificatus
959 619 1105 691 episcopus
1119 618 1149 685 ⁸⁸,
1168 623 1248 691 cuius
1263 623 1317 678 vita
1339 621 1485 677 laudabilis
1505 638 1556 694 per
1579 625 1672 680 omnia
1696 640 1758 681 me-

104 705 255 777 pontihcali
270 721 394 772 munere,
412 713 438 761 et
452 705 480 758 in
495 703 574 759 coelis
599 712 745 757 coronatus
769 703 859 776 gloria
879 710 907 757 et
958 715 1043 770 mosia
1062 714 1081 744 ⁸⁴
1100 724 1272 788 mgistrorum
1297 726 1436 790 permanet
1459 719 1542 792 digna
1557 719 1590 774 ⁸¹,
1615 720 1666 790 Qui
1690 721 1760 777 inter

105 803 220 859 honore.
232 802 315 873 Cuius
331 801 487 858 venerabile
502 815 601 869 corpus
617 800 777 855 tumulatum
786 806 828 855 est
844 797 864 827 ⁷⁶
879 798 907 853 in
960 812 1053 861 cetera
1076 804 1203 860 honitatis
1228 807 1319 862 studia
1348 823 1407 880 qum
1435 810 1606 865 incessanter
1634 810 1759 881 gerebat,

106 891 241 950 cimiterio
263 892 353 948 sancti
378 889 468 962 Apri3
499 889 576 959 jacet
600 889 794 960 transpositum
819 888 845 942 iu
865 887 906 942 si·
961 891 1349 950 edificaritmonasteriumin
1367 898 1470 952 honore
1487 895 1506 924 '⁸
1523 897 1689 953 beatissima*
1711 898 1761 955 Dei

107 980 195 1037 ”isim
209 979 386 1052 Meminit&
409 977 496 1034 alim
514 976 601 1032 ⁸⁸⁰⁰²i
626 977 755 1050 mssiiiiss
781 976 907 1033 chilim·
961 990 1099 1062 genitricis
1115 992 1207 1047 hlariae
1220 1000 1246 1047 et
1261 994 1332 1047 beati
1350 991 1370 1023 '⁷
1384 994 1459 1049 Patri
1474 995 1658 1065 apostolorum
1683 996 1760 1067 prin-

106 1078 172 1135 lori.
962 1079 1040 1149 cipis,
1057 1080 1224 1136 constituens
1239 1081 1305 1136 inibi
1323 1080 1381 1138 Deo
1396 1090 1521 1138 sacratas
1542 1084 1656 1139 laminas
1681 1082 1701 1112 ⁸⁸
1724 1085 1760 1140 ad

144 1167 214 1223 Post
223 1167 297 1224 hunc
308 1166 388 1223 Dodo
399 1165 535 1223 lactusest
547 1164 692 1237 episcopus
701 1164 758 1233 (38)
769 1164 808 1232 (a.
827 1162 905 1234 7⁰0)-
961 1168 1134 1224 serviendum
1151 1168 1189 1224 illi
1206 1188 1213 1236 ς
1229 1170 1329 1242 quibus
1343 1173 1491 1243 praeposuit
1505 1172 1585 1227 tiliam
1612 1189 1689 1228 snam
1713 1191 1762 1230 no·

108 1255 162 1326 Qui
177 1254 241 1312 tidei
255 1255 367 1310 indutus
381 1254 478 1322 lorica,
494 1262 522 1310 et
536 1262 639 1309 sanctae
653 1253 712 1324 spei
722 1260 808 1307 tectus
819 1252 908 1323 galea,
962 1256 1036 1312 mine
1049 1257 1232 1325 leutbergam
1248 1257 1277 1326 ⁸⁹,
1296 1259 1368 1331 quod
1385 1261 1419 1314 ad
1434 1260 1563 1316 honorem
1580 1261 1697 1316 nominis
1719 1263 1762 1317 sui

107 1350 229 1408 caritatis
240 1350 322 1407 etiam
338 1351 453 1422 nuptiali
468 1358 545 1406 veste
570 1349 695 1414 amictas,
718 1346 834 1402 viriliter
858 1346 909 1403 de·
963 1356 1146 1428 nsquehodie
1173 1357 1292 1412 Bodonis
1321 1358 1515 1414 monasterium
1545 1369 1657 1416 voretur
1686 1361 1757 1431 (33).

108 1439 223 1498 certavit
237 1439 265 1495 in
280 1439 469 1510 hujusmundi
485 1438 623 1494 laboriosa
643 1435 663 1467 '⁸
675 1452 765 1510 pugne
778 1454 784 1500 ;
795 1437 910 1508 ideoque
964 1445 1111 1516 Ipsumque
1125 1444 1215 1501 locum
1232 1462 1293 1501 cum
1307 1447 1444 1513 omnibns,
1468 1464 1531 1520 quae
1558 1448 1595 1503 ibi
1618 1449 1763 1521 adquirere

108 1528 277 1585 victoriosus
295 1525 471 1601 ”repedavit
484 1529 518 1583 ad
534 1543 681 1598 supernum
697 1542 791 1599 regom
806 1525 835 1580 in
853 1540 911 1581 coe·
963 1533 1060 1604 potnit¹
1077 1533 1388 1606 ecclesiaecuipraeerat
1417 1536 1444 1590 in
1468 1536 1673 1606 possessionem
1700 1537 1762 1606 jure

107 1624 171 1682 lesti
187 1633 315 1698 receptus
329 1625 405 1682 aula.
964 1629 1109 1703 dereliquit
1125 1647 1131 1694 ;
1148 1638 1175 1685 et
1196 1631 1294 1686 exinde
1308 1630 1329 1660 ’⁰
1347 1632 1524 1704 apostolicum
1553 1633 1726 1707 privilegium
1748 1650 1764 1688 a

143 1723 190 1779 30.
206 1723 315 1780 Deinde
329 1722 492 1780 Garibaldus
502 1721 575 1777 silius
599 1719 725 1777 volfaudi
755 1721 775 1751 ⁷⁸
788 1720 845 1790 (39)
866 1726 905 1775 est
922 1703 948 1764 Β
963 1734 1063 1792 magno
1078 1719 1189 1774 doctore
1204 1718 1340 1791 Gregorio
1355 1721 1468 1793 ejusque
1490 1737 1659 1792 praecessore
1683 1726 1763 1796 Aga-

108 1812 243 1870 acunctis
257 1812 362 1869 electus
375 1812 491 1867 idoneus
512 1809 533 1840 ⁷⁹
548 1808 678 1882 pontificii
691 1804 729 1879 (c.
753 1809 830 1879 llll).
848 1808 910 1879 lpse
964 1807 1021 1880 pito
1035 1809 1091 1878 (33)
1107 1807 1247 1878 suscipere
1270 1809 1382 1864 meruit.
1415 1810 1497 1866 Dedit
1525 1811 1606 1866 etiam
1636 1811 1663 1865 in
1691 1827 1764 1885 pago

108 1910 186 1968 dedit
198 1909 322 1966 ecclesiae
337 1909 381 1966 cui
397 1915 524 1981 praeerat,
541 1908 575 1962 de
590 1923 640 1963 sue
654 1906 807 1962 hereditate
830 1905 909 1977 quic·
965 1895 1121 1952 Odtrssensi
1155 1897 1244 1952 eidem
1268 1898 1391 1954 ecclesiae
1419 1899 1508 1966 villas,
1540 1916 1601 1971 quae
1629 1907 1764 1956 vocantur

110 1998 177 2073 quid
192 1998 320 2053 habebat.
332 1997 483 2069 hequisivit
498 1996 578 2052 etiam
594 1996 679 2050 multa
701 1994 764 2060 alia,
788 1993 857 2048 sicut
881 1993 909 2047 in
967 1993 1064 2049 Nasius
1079 1989 1100 2021 '¹
1115 2003 1140 2048 et
1154 1995 1263 2049 Nasitus
1276 1993 1297 2023 ’¹
1313 1995 1380 2065 (33),
1392 1995 1427 2050 de
1438 2012 1494 2052 suar
1506 1997 1677 2067 proprietatis
1692 1993 1713 2024 '⁸
1725 2013 1764 2051 re·

111 2086 405 2161 ejuscsrtisbabetnr
426 2083 456 2140 ⁸⁰.
480 2084 663 2154 llujusetiam
697 2084 716 2113 ⁸¹
743 2082 912 2154 temporibus
967 2082 1031 2138 bns.
1064 2083 1194 2156 Idemque
1209 2082 1230 2111 ’⁴
1246 2084 1357 2140 contulit
1380 2091 1478 2141 sancto
1507 2085 1648 2157 Stephano
1672 2085 1764 2141 locnm

111 2176 254 2233 Deodatus
269 2177 313 2230 vir
328 2188 440 2231 summae
454 2173 617 2240 sanctitatis,
641 2172 705 2229 olim
725 2171 913 2227 Nevernensis
968 2171 1098 2240 Stivajum
1112 2170 1133 2199 ’⁶
1149 2173 1206 2243 (35)
1221 2173 1379 2228 sibiasuis
1407 2174 1565 2245 parentibus
1593 2173 1762 2243 derelictum,

112 2264 272 2338 episcopus,
286 2264 448 2321 33313133ῑῦὓὸ
469 2269 490 2298 ⁸²
515 2262 627 2326 ⁵ae0⁰l⁰a
657 2261 685 2315 in
709 2260 779 2316 saltu
804 2261 913 2333 V0⁵⁰80
967 2271 1012 2326 ubi
1027 2271 1219 2327 monasterium
1234 2271 1456 2328 inhonorcbeati
1474 2273 1544 2327 Petri
1565 2273 1680 2344 apostoli
1694 2289 1765 2330 con-

111 2361 204 2420 locum
219 2361 404 2418 conversandi
417 2376 433 2414 a
448 2358 563 2431 praelato
580 2358 697 2431 praesule
712 2356 830 2428 optinuit
844 2361 912 2428 (tc).
969 2360 1065 2414 struxit
1081 2376 1164 2431 snper
1179 2359 1289 2415 flurium
1305 2361 1377 2416 liurt
1392 2362 1459 2432 (aa),
1473 2370 1499 2416 et
1519 2361 1654 2418 duodecin
1679 2377 1767 2419 cano-

148 2455 199 2508 at.
233 2451 366 2522 Huncquc
392 2448 556 2504 subsecutus
584 2456 625 2503 est
652 2446 731 2502 Gobo
767 2447 914 2518 episcopus
969 2449 1046 2504 nicos
1059 2446 1080 2476 '⁸
1096 2449 1196 2504 ibidem
1212 2450 1387 2523 aggregavit.
1408 2449 1510 2506 Eodem
1528 2450 1610 2507 modo
1631 2460 1768 2508 monaste-

115 2535 915 2612 (0.asoa)vnvenerandus,nnjnstemporibus,populo
948 2545 1039 2609 ,rium
1055 2544 1160 2602 Offonis
1175 2546 1244 2603 villae
1258 2545 1279 2575 '⁷
1293 2547 1392 2620 (bilin
1408 2548 1511 2604 honore
1524 2548 1610 2604 sancti
1623 2549 1766 2621 Leodega-
1866 2606 1869 2611 .

115 2643 178 2684 rum
193 2637 312 2699 urgente
324 2627 439 2695 scelere,
452 2628 519 2681 urbs
547 2625 654 2681 [seuche
683 2629 725 2679 esi
752 2625 818 2694 igne
846 2638 915 2679 con·
969 2635 1001 2690 rii
1013 2635 1074 2704 jure
1088 2644 1220 2707 perpetuo
1237 2634 1257 2663 ’⁸
1272 2636 1324 2690 sibi
1338 2636 1371 2691 ad
1387 2636 1524 2691 servitium
1540 2636 1590 2692 Dei
1605 2652 1767 2694 concessum

114 2734 236 2784 ammata
251 2744 259 2793 ;
275 2725 324 2782 sed
339 2727 363 2780 is
376 2723 476 2796 praesul
490 2730 518 2779 et
532 2723 706 2779 emunitatem
720 2738 776 2777 sum
798 2722 916 2778 civitatis
970 2741 1025 2779 snae
1035 2725 1091 2793 jam
1106 2725 1185 2780 dictae
1199 2724 1258 2779 sedi
1274 2724 1395 2780 tradidit.
1429 2727 1493 2781 Post
1520 2734 1674 2781 sanctorum
1702 2742 1768 2799 ergo

113 2824 141 2872 0¹
154 2815 391 2886 miiipflffliiffleffl
406 2821 541 2870 cartarum
558 2827 627 2883 (1⁰³³
642 2812 714 2885 58¹¹ss
738 2827 918 2882 ⁰⁰⁰⁵¹¹s¹¹li⁸e·
970 2837 1083 2892 operum
1099 2821 1241 2890 exercitia,
1258 2829 1446 2877 consummato
1456 2821 1601 2893 praescntis
1617 2821 1709 2878 sacculi
1723 2821 1767 2878 la-

114 2912 159 2960 rat
173 2921 231 2960 sue
244 2903 369 2961 enatestae
381 2902 454 2973 apud
469 2902 593 2973 pipinum
608 2900 756 2973 adquisivit
769 2916 874 2971 regem.
890 2901 916 2954 ts
972 2910 1251 2981 b01·0‚snputtusesr
1269 2911 1295 2964 in
1323 2909 1456 2966 cimiterio
1485 2910 1556 2966 bean
1584 2907 1604 2937 ⁹·
1633 2911 1768 2966 transneti

115 3003 172 3060 rita
187 3002 293 3073 obiens,
303 3000 383 3072 jussit
397 3016 428 3057 sc
443 3000 570 3056 tumulari
584 3000 612 3054 iu
632 2999 748 3057 ecclesia
772 2998 917 3067 cujusdam
970 2998 1119 3072 pontificis.
1139 2999 1217 3055 Unde
1230 3002 1327 3071 postea
1342 2998 1490 3055 translatus
1510 3014 1544 3055 ac
1575 2998 1715 3055 Ludunum
1738 2998 1768 3028 nn

769 3169 887 3226 VARIAE
908 3167 1116 3226 LECTIONES.

165 3292 187 3326 n
214 3293 377 3366 magoaldus
404 3296 431 3350 3.
456 3290 477 3322 ⁷⁸
488 3293 565 3349 deest
591 3295 621 3350 2.
656 3291 677 3322 ⁷⁸
700 3291 821 3349 labriosa
848 3296 876 3349 3.
905 3289 1113 3349 ”victoriosius
1140 3290 1186 3348 2?
1206 3286 1229 3319 ⁷⁸
1245 3289 1356 3346 vollaldi
1371 3293 1400 3347 5.
1419 3287 1440 3319 '⁹
1454 3291 1560 3347 udonus
1574 3291 1600 3347 3.
1630 3290 1650 3321 ⁸⁰
1665 3291 1769 3365 dequi-

118 3366 183 3424 sivit
196 3397 231 3407 -
244 3367 361 3421 babetur
375 3364 478 3421 desunt
493 3369 520 3420 3.
537 3366 566 3419 3.
586 3364 634 3420 abi
649 3364 707 3420 hoec
722 3365 869 3420 addantur
883 3378 889 3419 :
903 3363 931 3419 in
945 3362 1082 3420 Tranculti
1098 3361 1187 3417 villam
1205 3370 1231 3418 et
1245 3362 1272 3416 in
1292 3362 1419 3417 drusiam
1436 3361 1573 3435 [arusgam
1589 3363 1638 3437 3.],
1663 3379 1770 3420 necnon

118 3447 146 3495 et
167 3438 195 3492 in
218 3435 318 3493 Ribodi
344 3436 450 3490 villam.
483 3435 639 3506 adquisivit
666 3436 749 3490 etiarn
776 3438 811 3491 ad
836 3435 952 3490 eandem
980 3450 1061 3505 quam
1085 3434 1199 3505 regebat
1226 3432 1370 3489 ecclesiam
1396 3435 1469 3504 apud
1497 3434 1648 3507 gloriosum
1676 3450 1769 3508 regem

119 3508 337 3576 childebertum,
352 3506 549 3562 interveniente
577 3506 787 3561 Ermenechilde
815 3507 911 3577 regina
939 3505 997 3574 ejus
1022 3519 1120 3566 uxore.
1150 3504 1369 3560 abbatiunculam
1391 3521 1472 3559 unam
1498 3508 1526 3560 in
1552 3508 1653 3562 honore
1683 3506 1770 3562 sancti

120 3579 195 3636 Petri
210 3578 341 3643 dicatam,
354 3595 414 3648 quae
429 3586 469 3633 est
480 3575 568 3650 [deest
580 3577 626 3650 3.]
640 3577 691 3631 sita
707 3579 733 3631 in
744 3578 813 3632 saltu
828 3577 941 3632 nomine
955 3577 1044 3631 Derro
1060 3578 1126 3647 (36),
1142 3584 1167 3630 et
1183 3576 1259 3629 villas
1280 3592 1340 3648 quae
1368 3578 1599 3650 cognominantur
1627 3578 1770 3659 hlagniace

118 3649 487 3720 villa(l'l)etlloneriacus‚
505 3664 566 3703 curn
589 3648 745 3718 Copedouia
773 3649 830 3719 (38)
859 3663 942 3718 super
970 3646 1081 3701 lluvium
1111 3646 1227 3702 Saltum.
1255 3644 1274 3674 ⁸¹
1291 3647 1368 3702 deest
1395 3653 1423 3703 3.
1460 3644 1552 3701 3.‘l'¹
1567 3655 1708 3703 renunciat
1737 3652 1766 3702 3.

117 3719 138 3750 ⁸⁸
155 3720 245 3776 Bodo.
258 3718 310 3788 Qui
325 3719 481 3790 relinquens
496 3734 618 3774 amorem
633 3718 717 3774 seculi
732 3719 766 3772 ad
781 3718 919 3774 Christum
934 3733 1094 3784 conversus,
1112 3717 1326 3787 religiosissime
1340 3718 1402 3773 uitus
1414 3726 1536 3774 sectator
1551 3726 1578 3773 at
1592 3720 1771 3775 ecclesiarum

119 3790 445 3864 etquemonasteriornrn
467 3788 516 3844 luit
546 3790 672 3844 fundator
698 3793 728 3844 3.
763 3794 787 3843 3.
819 3788 930 3845 “deest
958 3794 983 3844 3.
1015 3787 1090 3843 ”Ex
1118 3804 1190 3861 pago
1217 3789 1289 3843 enirn
1314 3788 1467 3844 Odernenst
1496 3791 1554 3862 (ts)
1582 3799 1667 3857 ortus,
1693 3798 1772 3860 patre

117 3859 534 3934 Berth01d0[bertnnld03.]et
564 3871 653 3916 matre
677 3860 906 3923 Bertildecditus.
924 3861 1087 3915 moribuset
1106 3859 1313 3915 corrnersatione
1341 3861 1478 3930 probatus,
1508 3860 1643 3915 Tullensis
1673 3861 1771 3916 meruit

119 3933 181 3990 fieri
195 3934 341 4003 episcopus
355 3933 423 3987 odd.
442 3934 471 3988 3.
493 3938 517 3987 3.
545 3929 565 3959 ⁸⁶
577 3933 603 3986 h.
621 3931 784 3987 beatissimae
799 3931 842 3987 dei
859 3935 883 3986 t.
898 3931 1061 3987 beatissimas
1086 3931 1203 4030 l'iqqinis
1232 3931 1325 3985 mariae
1352 3935 1381 3989 3.
1408 3928 1428 3958 ⁸⁷
1444 3931 1528 3986 saneti
1541 3934 1568 3986 3.
1600 3931 1619 3960 ⁸⁸
1631 3931 1709 3987 deest
1737 3936 1767 3987 3.

119 4003 141 4033 ''
176 4004 337 4068 teubergam
366 4006 395 4057 t.
424 4001 597 4073 zeutbergam
623 4006 650 4059 3.
680 4002 850 4075 tembergam
880 4002 910 4057 3.
944 4001 1043 4057 ”inde
1071 4009 1097 4061 3.
1163 4006 1319 4070 nasptnstt.
1360 4000 1548 4073 ”nasytusd.
1579 3998 1771 4072 ''proprieta-

118 4075 236 4131 tibush.
271 4073 383 4129 “idem
398 4089 505 4145 qnoque
522 4080 547 4128 3.
580 4072 800 4129 ’'stivanuml.
836 4071 993 4130 ’‘canones
1015 4077 1042 4128 3.
1073 4071 1174 4127 ”villa
1199 4075 1228 4127 3.
1261 4070 1282 4100 ’⁸
1310 4079 1422 4142 patemo
1447 4079 1476 4127 a.
1509 4070 1576 4127 ”in
1601 4076 1618 4130 3
1645 4071 1772 4146 quaedam

120 4146 255 4204 vocabula
265 4147 364 4202 arelao
378 4149 457 4202 runt.
483 4143 513 4173 ¹⁰⁰
529 4144 679 4216 lugdunum
694 4149 726 4201 3.

881 4241 995 4299 NOTAE.

121 4374 208 4447 pisse,
226 4373 331 4442 Benoit,
347 4390 374 4446 p.
390 4377 440 4432 att
458 4390 490 4430 ex
505 4373 599 4431 nescio
614 4389 667 4447 quo
684 4372 749 4429 Vitas
764 4372 918 4447 fragmento
935 4367 1046 4443 Cquod
1062 4366 1222 4450 Salaberga
1237 4369 1560 4496 germanuqdexistebqt.
1593 4368 1697 4495 blnrtr.b
1714 4370 1774 4428 lloc

121 4445 219 4588 ιῇν(33)
234 4515 339 4583 Benoit,
355 4533 383 4586 p.
398 4519 450 4573 373
466 4533 498 4572 ex
512 4516 639 4588 catalogo
654 4516 851 4587 episcoporum
862 4515 921 4571 hacc
974 4450 1375 4593 tsatqqqqffiqrsqrpspschpqqqmo
1412 4456 1528 4498 mem
1539 4443 1679 4513 depermr
1699 4449 1774 4498 atum

122 4587 204 4645 affert
220 4604 227 4641 ε
246 4587 408 4660 hagoaldus
422 4588 458 4643 acl
472 4590 660 4645 matriculam
674 4589 772 4644 sancti
784 4587 921 4659 Stephani
1014 4584 1070 4653 (33)
1086 4583 1272 4638 Bonmoutter.

122 4658 921 4731 addiditGereonircurteminpcpoSunpentenebitem-
1012 4655 1069 4724 (33)
1085 4653 1196 4708 Fallitur
1224 4654 1269 4709 hic
1285 4663 1392 4735 ‚auctor
1420 4654 1446 4708 in
1476 4653 1587 4710 nomine
1615 4652 1774 4726 pontificum

122 4730 274 4857 quqdqli}
282 4730 472 4812 respirandam
492 4733 522 4786 in
538 4747 609 4802 papo
634 4731 801 4795 labrirenri,
823 4730 923 4785 viltam
976 4726 1333 4852 {l'qqrqqqqqqqrqqlaqecht
1348 4725 1592 4850 qqqqorquqlpgni‚
1617 4725 1663 4797 qui
1691 4725 1774 4798 louge

182 4817 224 4857 26ss
274 4817 432 4857 0133366031.
1229 4814 1271 4851 eu
1321 4814 1358 4851 le
1426 4836 1457 4849 ..
1533 4837 1539 4848 .

122 4819 220 4940 miss)
237 4872 388 4927 Ecclesiam
405 4871 496 4927 domni
513 4871 619 4926 blartini
634 4887 813 4927 consecrasse
823 4879 848 4927 et
859 4870 923 4942 plu·
1013 4869 1069 4937 (33)
1084 4869 1119 4921 Le
1135 4868 1222 4940 grand
1238 4876 1264 4922 et
1278 4868 1345 4938 petit
1358 4867 1493 4933 Nanoois.
1521 4867 1638 4922 Banorr.
1662 4865 1720 4921 Nes
1747 4873 1775 4922 ct

124 4944 194 4999 rima
211 4942 281 4998 bona
297 4943 448 5014 acquisisse
463 4943 570 5008 dicitur,
589 4943 681 4998 Benoit
694 4942 715 5004 l,
733 4944 754 4997 l.
976 4939 1102 5009 Nanpoy.
1118 4939 1209 4994 Canu.

164 5015 223 5085 (33)
238 5013 290 5084 Qui
306 5015 334 5069 S.
353 5014 492 5069 Michaelis
507 5016 701 5069 monasterium
718 5012 852 5068 fundavit.
875 5012 919 5068 Cl.
1014 5013 1070 5079 (35)
1088 5009 1206 5064 listival.

125 5085 230 5141 Chrnn.
249 5087 277 5140 S.
294 5085 434 5139 hlirhaelis
449 5084 497 5139 SS.
514 5086 557 5151 tlt,
574 5102 601 5156 p.
618 5087 652 5139 ta
668 5084 838 5140 ctWolloldi
855 5083 923 5155 dipl.
1014 5083 1072 5147 (36)
1088 5079 1342 5135 hainrici-enham

126 5173 174 5230 ap.
191 5156 296 5211 Calmet
311 5157 332 5222 l,
356 5174 381 5225 p.
398 5158 461 5211 363.
1014 5154 1071 5222 (33)
1087 5150 1264 5223 llogneville.

164 5230 222 5297 (33)
237 5225 317 5296 Quod
332 5236 427 5297 aperte
444 5227 545 5282 tntsum
561 5235 612 5282 est.
1015 5223 1071 5292 (38)
1086 5223 1247 5302 Consonge.

164 5298 223 5367 (ll)
248 5297 420 5353 biabillonius
448 5298 520 5353 hunc
547 5299 687 5353 hodonem
711 5296 836 5353 eumdem
863 5312 926 5353 esse
1016 5295 1071 5361 (33)
1087 5292 1188 5349 Ornois
1204 5309 1230 5345 tn
1247 5289 1438 5365 Lotharingia.

127 5368 346 5425 existimatcum
360 5367 479 5450 heudino
507 5371 587 5450 (lege,
617 5369 768 5439 Leuduino)
788 5368 816 5424 S.
848 5367 926 5449 Sala-
1015 5358 1072 5430 (50)
1090 5364 1274 5444 Labieni-tha.
1403 5433 1409 5446 .

128 5441 226 5513 bergae
240 5440 429 5496 Laudmmnsrs
443 5439 588 5496 abbatissas
607 5438 704 5506 fratre,
734 5439 788 5494 alio
815 5454 927 5495 nomme
1016 5437 1072 5506 (bl)
1087 5433 1447 5517 Orlonvrlln-sur-la-Plarue
1475 5440 1573 5517 postea
1608 5432 1778 5495 destructum

129 5511 242 5568 maone
269 5511 432 5582 appellato:
462 5510 540 5580 cujus
562 5510 728 5567 senteutiam
762 5508 928 5567 confirmare
980 5521 1066 5578 prope
1079 5505 1257 5561 Badonvrller
1271 5513 1353 5562 situm
1367 5505 1577 5573 luisserrdetur,
1595 5505 1714 5564 sonasse
1731 5507 1778 5563 ubi

129 5582 241 5640 ridetur
254 5582 336 5653 hujus
350 5581 444 5653 operia
453 5591 556 5653 auctor,
571 5582 636 5639 dum
652 5598 714 5639 eum
728 5579 781 5635 aS.
795 5579 928 5639 ilausneti
981 5577 1047 5634 villa
1062 5576 1199 5633 Fonviller
1214 5582 1294 5643 crat;
1311 5594 1341 5634 n.
1360 5577 1477 5645 Calmet‚
1494 5594 1521 5648 p.
1536 5580 1602 5634 tea.
1620 5577 1653 5633 S.
1672 5578 1779 5636 heode-

131 5652 293 5711 coemetcrio
319 5650 484 5709 undenum
512 5653 674 5712 translatum
700 5650 804 5709 tradit:
839 5666 928 5727 neque
1001 5648 1060 5731 ario
1074 5663 1104 5704 a.
1121 5650 1173 5732 tile
1187 5650 1394 5709 rnortuoiretcr
1409 5648 1568 5722 Salabergae
1581 5648 1778 5706 monasterium

132 5723 206 5783 euim
220 5723 277 5783 alia
301 5723 384 5797 buln·
410 5722 596 5784 tnnihdonis
619 5737 706 5784 muse
731 5721 850 5797 ridetur,
874 5720 929 5780 uici
981 5664 1111 5778 dedicare
1124 5723 1304 5795 nepoterat.
