3780 6038
56 256 127 311 l269

840 246 934 305 vrrt.

1637 246 1707 306 tato

60 377 92 431 ln
108 376 268 432 ltixrionensi
284 376 318 432 ad
332 377 431 432 dictum
441 374 512 430 diem
528 374 579 430 ista
593 374 732 431 vidimus:
752 397 762 423 ι
780 374 895 439 OrdoA
911 382 1040 445 acccepto
1066 372 1244 443 Ultrajectino
1273 391 1323 429 ms.
1353 372 1482 430 ecclesie
1508 370 1540 427 S.
1559 371 1706 428 Salvatoris

64 465 254 522 cisterciensis
269 466 320 519 sub
351 465 451 520 abbate
473 464 591 519 ltoberto
615 463 728 520 feliciter
746 464 858 535 incepit

54 571 127 608 anno
154 555 232 610 loeo.
256 554 392 610 Robertus
421 555 481 624 ipse
509 553 607 608 eodem
624 553 677 621 die,
693 554 739 624 qui
760 564 857 609 sancto

56 652 139 707 etiam
155 653 187 706 Ρ.
204 653 238 706 N.
255 651 402 708 Benedicta
417 665 498 706 sacer
511 659 562 715 est,
577 650 747 706 obdormivit
762 650 789 705 in
804 651 858 706 lle

55 741 134 795 mino
149 755 222 795 anno
237 743 316 795 tros.
335 763 347 788 ι
364 740 468 807 litam,
498 750 526 793 ut
550 739 755 795 San-hiarthani
770 739 856 810 aiunt,

56 829 158 894 Guido,
174 828 279 900 primus
293 830 429 900 postleum
439 828 554 884 llolismi
568 828 653 883 abbas
670 828 833 900 conscripsit
849 842 856 883 :

55 925 137 980 aliam
152 925 253 981 saeculo
269 925 447 989 duodecimo,
477 933 585 980 centum
601 924 659 980 lero
679 931 739 995 post
754 925 782 979 S.
799 924 857 981 llo-

56 1014 124 1069 bcrti
139 1022 255 1068 mortem
273 1014 365 1079 annis,
381 1014 563 1068 llolismensis
579 1013 690 1085 quidam
706 1029 857 1085 anonymus

56 1103 208 1157 monachus
223 1102 332 1172 scripsit
353 1118 390 1156 ex
416 1101 552 1170 J'ussione,
569 1107 598 1156 ut
618 1101 758 1172 pretatur,
778 1126 788 1151 ι
807 1101 857 1156 viri

54 1198 281 1257 reverendissimi
297 1198 701 1253 ‹tominittdonisllolismeusis
712 1199 828 1265 abbatis,
842 1222 853 1247 ιι

58 1304 141 1358 quam
155 1287 363 1342 San-llartheui
390 1287 490 1342 ‹locuu
518 1302 589 1342 surio
612 1288 681 1342 ttor
702 1287 814 1356 obiisse,
830 1294 858 1343 et

60 1378 181 1435 tillonem
192 1375 361 1447 appellant«
378 1376 485 1429 Nomen
501 1391 603 1441 mcum,
613 1375 834 1447 iuquit,subticui
847 1395 856 1432 :

54 1490 90 1529 ne
106 1475 174 1530 torte
188 1472 261 1545 apud
290 1472 432 1545 imperitos
460 1472 632 1545 opusipsum
660 1473 813 1538 vilesceret,
834 1473 857 1527 si

57 1563 210 1634 peccatoris
226 1578 332 1617 nomen
360 1561 388 1616 in
416 1563 501 1631 prima
518 1562 610 1617 lrontc
632 1561 724 1633 operis
739 1578 857 1633 appare·

57 1661 115 1708 ret.
135 1677 147 1700 ιι
166 1652 240 1706 ldem
255 1651 379 1706 veritatis
393 1652 512 1706 studium
533 1651 612 1707 unice
630 1667 690 1720 prce
709 1667 739 1706 se
754 1650 853 1718 terens,

911 465 1059 537 ecgrapho,
1084 463 1165 535 quale
1194 463 1276 519 etiam
1304 479 1355 520 nos
1382 462 1526 527 habemus,
1543 477 1597 515 non
1612 460 1707 516 hahuit

910 553 1066 625 prologum,
1081 559 1175 624 utpote
1191 552 1251 609 istic
1274 550 1446 608 deficientem
1463 567 1470 620 ;
1496 558 1523 606 et
1538 549 1637 622 stylum
1656 548 1704 604 eli·

911 651 1017 723 quoties
1031 650 1154 719 mutarit,
1180 651 1264 706 verba
1287 651 1368 706 etiam
1397 649 1497 721 saepius
1520 650 1705 707 contractiora

909 748 939 794 ut
953 739 1057 795 invenit
1071 739 1111 795 sic
1125 738 1255 795 reddidit.
1268 740 1326 795 Nos
1341 739 1477 814 integram
1491 732 1707 812 invariatamque

909 827 1008 882 damus
1023 845 1056 883 ex
1072 844 1144 898 serpe
1159 828 1269 883 laudato
1298 828 1395 884 codice
1417 827 1592 885 bodecensi:
1609 828 1636 882 in
1655 843 1706 901 qua

910 924 1041 996 quidquid
1069 926 1159 978 minus
1188 926 1335 991 sincerum,
1366 941 1403 981 ex
1432 924 1545 980 alienori
1569 925 1706 981 aCistcr·

910 1012 1050 1068 ciensihus
1065 1013 1157 1067 animo
1186 1013 1328 1085 scriptum,
1356 1012 1383 1069 id
1409 1013 1452 1070 vel
1464 1013 1523 1084 jam
1538 1012 1707 1069 correximus

910 1101 937 1156 in
950 1103 1001 1157 boc
1017 1102 1117 1171 praevio
1132 1102 1339 1171 commentario,
1366 1102 1410 1158 vel
1430 1118 1513 1173 porro
1528 1102 1555 1156 iu
1571 1102 1707 1158 adnotatis

910 1199 1061 1254 cavendum
1082 1197 1264 1254 monebimus.
1286 1197 1370 1253 hunis
1389 1208 1450 1270 post
1469 1198 1572 1255 Adonis
1593 1207 1709 1255 mortem

911 1291 955 1353 30,
972 1288 1023 1341 sub
1034 1286 1090 1342 alio
1106 1287 1201 1342 aldone
1216 1287 1274 1342 sive
1289 1287 1396 1353 Odone,
1412 1296 1502 1343 actum
1518 1303 1567 1359 pro
1579 1287 1709 1344 obtinen-

910 1376 946 1430 da
962 1376 1170 1432 canonizatione
1185 1384 1236 1442 cst,
1248 1384 1445 1448 peractumque
1456 1384 1485 1431 ut
1501 1376 1637 1431 diximus:
1654 1393 1707 1449 qua

911 1474 945 1528 dc
960 1490 988 1527 re
1003 1482 1178 1529 monumenta
1193 1480 1301 1528 exstant
1316 1489 1333 1528 a
1347 1472 1473 1545 Philippo
1496 1472 1588 1529 Lahhe
1604 1472 1708 1529 inserta

910 1561 1086 1618 Bibliothecae
1101 1578 1172 1615 mss.
1192 1569 1266 1618 torno
1281 1562 1331 1617 let
1345 1560 1707 1631 indelructranscribendn;

911 1651 939 1705 iu
955 1650 1052 1721 quihus
1066 1650 1116 1704 suh
1128 1647 1208 1705 finem
1221 1651 1254 1704 sit
1267 1650 1448 1706 mentioVita·
1464 1666 1480 1706 a
1494 1649 1710 1706 blolismensium

56 1765 110 1804 nou
126 1748 220 1803 dubito
235 1748 300 1821 quin
315 1747 404 1818 ipsum
420 1747 502 1802 etiam
519 1747 673 1802 adhibuerit
691 1765 697 1810 ;
715 1747 853 1802 latendum
868 1737 895 1797 Β
910 1748 1135 1821 procuratoribus
1149 1746 1270 1819 pontifici
1287 1748 1450 1803 exhibendae
1467 1767 1474 1815 ;
1491 1765 1552 1821 qum
1566 1748 1631 1821 quin
1647 1748 1711 1819 ipsa

58 1846 202 1893 esttamen
218 1852 235 1890 a
250 1852 316 1891 vero
344 1837 491 1892 abductum
519 1836 663 1906 aliquoties
679 1835 773 1900 tuisse,
790 1836 856 1890 dum

58 1927 116 1983 suis
126 1926 356 1989 llolismensibus,
373 1942 406 1980 ex
421 1925 592 1980 {emulatione
607 1925 740 1979 erlversus
754 1925 857 1979 Cister-

57 2016 166 2072 cicuses
181 2014 303 2069 historiae
325 2015 469 2068 veritatem
485 2014 556 2067 haud
572 2029 667 2084 purum
682 2013 857 2068 obscuranti·

56 2114 118 2175 bus,
134 2113 249 2167 nimium
263 2112 392 2167 credidit.
412 2111 503 2167 Sensit
527 2113 578 2165 hoc
602 2110 716 2181 primus,
736 2109 857 2165 loannes

57 2202 223 2258 Grotbusius
235 2210 329 2256 noster
357 2202 409 2271 piar
433 2201 580 2266 memoriae,
597 2215 658 2254 cum
676 2198 811 2253 llmbricm
828 2197 856 2253 in

57 2291 175 2360 collegio
201 2298 294 2345 nostro
331 2290 482 2360 reperisset
510 2290 634 2344 codicem
664 2287 856 2342 Cisterciensis

60 2390 179 2445 historice
191 2391 239 2446 lis.
256 2406 328 2444 anuo
345 2388 422 2451 1638,
445 2388 587 2458 ipsumque
603 2396 629 2441 et
649 2404 679 2441 ca
696 2386 802 2458 quaein
819 2387 851 2441 S.

60 2479 190 2533 Bernardi
206 2478 332 2549 l‘etriquc
344 2476 512 2532 Venerabilis
526 2476 657 2546 operibus
668 2476 774 2546 legerat
787 2491 853 2529 con·

60 2568 169 2622 tulisset
183 2583 246 2623 cum
263 2568 320 2622 l'ita
334 2566 405 2637 apud
421 2564 531 2621 Surium
547 2564 629 2619 edita.
640 2565 670 2618 Et
686 2564 729 2619 hic
745 2563 856 2634 quidem

912 1836 946 1890 sit
962 1853 1042 1908 quarn
1058 1837 1175 1900 edimus,
1192 1836 1239 1891 vix
1254 1845 1341 1906 potest
1356 1835 1444 1892 videri
1458 1836 1584 1892 dubium.
1608 1838 1649 1892 Ex
1663 1854 1710 1892 re-

911 1925 1078 1981 centioribus
1094 1925 1184 1979 l'itam
1200 1926 1336 1997 scripsere
1359 1924 1476 1991 Gallice,
1502 1925 1596 1980 Simon
1611 1926 1710 1981 llartia

912 2022 1017 2077 ordinis
1042 2022 1216 2078 llinimorum
1238 2022 1264 2076 in
1281 2022 1406 2094 Floripus
1421 2022 1584 2087 solitudinis,
1600 2020 1712 2078 Lusita·

912 2111 972 2167 nice
997 2111 1152 2166 bernardus
1171 2113 1206 2167 de
1234 2110 1307 2166 Brito
1337 2108 1364 2165 in
1385 2118 1461 2182 parte
1476 2111 1566 2182 prima
1585 2110 1711 2168 Chronici

912 2200 1114 2266 cisterciensis,
1131 2199 1223 2256 Latine
1238 2200 1397 2272 llanriquez
1420 2197 1450 2254 in
1465 2199 1619 2255 Annalibus
1633 2201 1712 2270 ejus·

911 2289 975 2344 dcm
990 2288 1104 2354 ordinis,
1120 2297 1146 2345 et
1161 2290 1372 2360 chrysostomus
1400 2286 1562 2360 llcuriquez,
1579 2288 1605 2343 in
1618 2287 1702 2344 lusci-

911 2386 973 2442 culo
991 2387 1169 2443 Sanctorum.
1188 2388 1283 2442 Exstat
1298 2386 1377 2441 etiam
1401 2385 1429 2440 in
1450 2384 1580 2459 Legenda
1594 2386 1712 2442 Sancto-

912 2491 971 2529 rum
986 2491 1087 2530 excusa
1102 2475 1216 2531 Lovanii
1226 2491 1299 2530 auno
1313 2477 1381 2529 ttae
1396 2482 1423 2529 et
1437 2491 1507 2532 mss.
1527 2474 1713 2546 Ultrajactinis

913 2564 944 2619 S.
968 2564 1128 2632 salvatoris,
1145 2564 1193 2620 sed
1209 2564 1382 2621 contractior.

482 2960 706 3111 VITA
768 2960 838 3111 S.
904 2958 1309 3112 ROBERTI

68 3266 211 3329 ductore
233 3266 404 3331 monacho
427 3265 643 3331 Molismensi
671 3281 841 3345 anonymo
866 3264 930 3330 suh
951 3265 1072 3329 Adone
1088 3264 1211 3331 abbate
1225 3266 1350 3330 surculo
1370 3282 1429 3341 xrr,
1456 3282 1500 3331 ex
1513 3280 1579 3330 ms.
1596 3264 1709 3331 Bode²

137 3345 277 3409 decensi
299 3351 395 3411 eruta
410 3364 430 3411 a
443 3346 578 3411 luanne
594 3346 742 3410 Gamans
758 3349 795 3407 S.
814 3348 833 3408 J
839 3391 859 3421 .,
876 3346 1001 3410 collata
1016 3363 1096 3409 cum
1115 3362 1197 3410 mss.
1219 3346 1445 3428 Ultrujectino
1460 3349 1494 3411 et
1510 3345 1623 3411 Surio.

351 3718 553 3775 PROLOGUS.

96 3818 123 3869 1.
144 3814 280 3884 Quoniam
294 3815 359 3871 Jesu
374 3816 519 3872 sacerdote
538 3831 639 3889 magno
653 3831 702 3885 pcr
716 3812 856 3887 proprium

60 3905 219 3975 soriguiucm
236 3904 262 3958 in
278 3915 371 3961 sancta
386 3892 471 3961 semel
501 3906 641 3979 ingresso,
658 3904 800 3976 propalata
815 3909 858 3959 est

58 3994 101 4050 via
116 4003 270 4049 sanctorum
285 4012 291 4057 ;
308 4011 400 4065 operae
428 3995 545 4067 pretium
575 4010 637 4050 reor
649 3993 730 4049 vitam
745 3992 856 4048 illorum

56 4107 204 4162 moresque
229 4092 397 4155 describere,
427 4093 471 4164 qui
509 4092 680 4148 Salvatorcm
719 4098 854 4156 nostrum,

57 4188 189 4250 quantum
205 4181 326 4251 permisit
341 4182 458 4236 humana
487 4180 630 4253 fragilitas,
654 4179 800 4243 imitantes,
815 4177 857 4231 in-

57 4275 98 4321 ter
124 4268 258 4336 procellas
282 4270 343 4323 vitae
370 4268 525 4339 praesentis,
542 4270 569 4322 iu
585 4283 674 4338 agone
699 4265 855 4322 certaminis

55 4364 160 4420 lorthcr
188 4366 375 4436 perstiterunt,
406 4368 544 4423 Christum
582 4366 727 4421 Dominum
750 4364 777 4418 iu
798 4361 855 4416 suis

54 4453 214 4523 corporibus
229 4452 419 4526 glorificantes
434 4463 461 4509 ct
478 4462 634 4525 portantes,
663 4462 689 4508 ct
711 4466 798 4522 usqua
819 4451 854 4505 ad

55 4543 136 4598 linem
154 4543 215 4597 vita.»
227 4542 447 4599 constantissime
458 4554 652 4615 permanentes
666 4542 693 4597 in
713 4540 855 4613 proposito

54 4643 220 4697 sanctitatis.
240 4642 273 4697 lli
288 4641 362 4697 cuim
373 4650 447 4709 scrut,
476 4643 511 4698 dc
540 4642 640 4714 quihus
656 4641 795 4713 Scriptura
809 4638 854 4694 lo-

55 4734 155 4803 quitur,
175 4755 185 4779 ι
202 4731 341 4786 iustorum
357 4732 464 4795 semita,
490 4732 567 4802 quasi
582 4732 631 4785 lux
646 4730 853 4802 splendescens,

54 4821 155 4877 crescit
169 4829 195 4875 ct
210 4820 318 4891 protlcit
343 4837 428 4892 usque
444 4820 479 4875 od
495 4820 644 4891 perlectum
673 4820 745 4875 diem
760 4819 853 4888 (Prae.

55 4919 106 4989 rr).
129 4942 139 4965 ιι
158 4917 191 4971 lli
206 4927 269 4973 suut
285 4917 380 4983 stellae,
397 4934 465 4988 quus
476 4918 614 4973 constituit
626 4932 748 4972 summus
762 4912 854 4985 ponti·

55 5008 101 5062 lex
117 5007 143 5060 in
159 5005 292 5061 Ecclesiae
316 5005 495 5073 firmamento,
521 5023 636 5079 quarum
655 5004 785 5077 splendor
799 5003 854 5057 hu-

866 3717 891 3782 C
905 3728 952 3775 aut
967 3719 1081 3776 scientia
1095 3735 1273 3791 presumens,
1284 3719 1336 3777 sed
1350 3719 1440 3791 potius
1454 3718 1482 3774 in
1497 3718 1633 3792 illespem
1646 3735 1706 3793 pro

910 3808 998 3865 lectus
1026 3810 1166 3882 coeptique
1191 3810 1283 3881 operis
1310 3810 1573 3866 consummationem
1601 3810 1706 3866 consti·

910 3905 999 3961 tuens,
1016 3899 1063 3970 qui
1089 3898 1201 3970 linguas
1229 3897 1374 3953 insontium
1398 3898 1464 3954 lacit
1486 3897 1613 3966 disertas,
1630 3898 1707 3955 etad

909 3995 1115 4066 corripiendam
1141 3996 1281 4066 prophetae
1306 3996 1457 4062 vesaniam,
1482 3996 1616 4068 subjugali
1631 4003 1707 4052 muto

912 4084 1050 4155 quondum
1075 4084 1201 4139 humma>
1227 4082 1329 4156 linguae
1355 4085 1451 4139 tribuit
1474 4084 1641 4141 facultatem.
1663 4083 1706 4140 Ad

911 4174 970 4228 hac
984 4173 1097 4228 accessit
1115 4172 1164 4226 viri
1180 4161 1402 4228 reverendissimi
1416 4172 1518 4228 domiui
1532 4174 1636 4229 ddouis
1651 4176 1709 4231 llo-

911 4271 1049 4327 lismcnsis
1059 4271 1176 4339 abbatis,
1189 4272 1289 4341 jussio,
1304 4288 1424 4329 necnon
1453 4280 1481 4327 et
1503 4273 1614 4329 fratrum
1629 4274 1708 4342 ejus·

910 4361 972 4415 dem
986 4360 1038 4415 loci
1053 4361 1159 4415 instans
1173 4370 1200 4415 et
1219 4361 1318 4417 devota
1335 4361 1496 4432 postulatio,
1517 4362 1616 4433 quihus
1634 4362 1707 4418 indi·

908 4462 992 4517 gnum
1007 4461 1121 4516 prorsus
1136 4446 1254 4501 arbitror
1276 4446 1379 4518 aliquid
1407 4446 1551 4518 denegari.
1567 4448 1609 4503 Ne
1623 4448 1708 4519 igitur

908 4559 1002 4599 coram
1031 4542 1148 4598 Domino
1176 4558 1278 4599 vacuus
1304 4558 1473 4614 apparerem,
1495 4543 1560 4599 licet
1583 4560 1636 4599 non
1652 4547 1704 4600 sim

908 4640 990 4687 tantm
1005 4633 1111 4687 virtutis
1125 4640 1170 4687 aut
1198 4631 1296 4698 meriti,
1326 4640 1355 4687 ut
1384 4648 1445 4688 esse
1473 4634 1575 4704 possim
1599 4634 1704 4689 aliisin

908 4730 1077 4802 exemplum,
1092 4730 1156 4785 dedi
1172 4738 1263 4784 tamen
1287 4746 1408 4801 operam,
1425 4746 1459 4786 ne
1474 4730 1514 4787 eis
1528 4731 1637 4802 penitus
1660 4732 1704 4787 la-

908 4828 973 4886 teat,
996 4820 1042 4892 qui
1062 4819 1160 4874 ruerito
1188 4818 1338 4875 sanctitatis
1366 4819 1496 4875 Ecclesiae
1521 4830 1704 4879 sacrosanctae

907 4910 988 4965 datus
1003 4916 1045 4964 est
1059 4908 1094 4963 ad
1108 4918 1247 4964 ornatum.
1263 4907 1370 4980 Quique
1381 4909 1465 4979 igitur
1477 4909 1565 4964 lector
1578 4924 1704 4966 accesse-

907 5006 958 5073 ris,
973 5021 1074 5062 nomcn
1101 5022 1194 5079 quaeso
1222 5006 1363 5078 scriptoris
1386 5006 1413 5061 in
1429 5007 1480 5063 hoc
1495 5022 1549 5062 non
1568 5007 1702 5080 requiras,

54 5111 141 5150 nraure
157 5095 319 5165 ignorantiae
346 5096 474 5150 tenebras
507 5096 603 5168 abigit,
619 5103 646 5150 et
661 5091 849 5149 laborantibus
865 5082 894 5145 D
909 5096 972 5167 quia
986 5095 1104 5167 gloriam
1119 5095 1258 5150 hominum
1284 5095 1391 5167 lugiens
1416 5103 1443 5152 at
1456 5111 1472 5150 a
1487 5097 1544 5151 ileo
1567 5095 1627 5152 solo
1647 5096 1705 5153 luu-

53 5192 80 5246 in
109 5193 160 5247 hoc
183 5192 253 5247 inari
281 5206 381 5263 niagno
408 5200 434 5247 ct
467 5192 591 5264 spatioso
619 5200 727 5265 portum
755 5186 851 5245 salutis
905 5185 967 5239 duri
981 5199 1118 5255 quaerens,
1134 5183 1163 5239 in
1178 5184 1231 5240 hoc
1245 5199 1329 5255 opere
1344 5200 1445 5241 nomen
1468 5200 1560 5241 meum
1574 5184 1702 5257 subticui,

53 5279 180 5341 ostendit.
197 5280 352 5351 intorques
367 5279 525 5351 specialiter
542 5279 643 5336 effulsit
661 5282 701 5337 vir
720 5280 783 5335 riter
797 5290 851 5330 ve·
906 5289 933 5339 at
946 5297 981 5337 ue
995 5280 1065 5337 torte
1079 5282 1150 5353 apud
1165 5280 1308 5353 imperitos
1323 5298 1392 5354 opus
1408 5283 1497 5354 ipsum
1512 5282 1665 5353 vilesceret,
1679 5284 1703 5341 si

53 5367 186 5423 ner-abilis
216 5368 245 5422 ll.
275 5369 420 5432 ltcbertus,
445 5369 629 5425 llolismcnsis
646 5370 777 5427 Ecclesiae
791 5370 851 5440 pri·
905 5370 1059 5442 peccatoris
1073 5386 1173 5425 nomen
1188 5370 1215 5424 in
1229 5370 1320 5441 prima
1335 5370 1422 5427 ironte
1436 5372 1529 5443 operis
1543 5385 1700 5446 appareret.

53 5482 114 5521 nius
142 5465 238 5528 abhas,
267 5468 344 5533 crrjus
374 5466 506 5523 sauctitas
534 5466 667 5524 desiccata
692 5478 767 5525 tanto
787 5468 853 5538 juro
906 5458 1120 5530 Siquidautem
1149 5459 1240 5514 minus
1267 5461 1409 5533 “llsstffllel
1433 5460 1704 5521 ssltsstlssledtcenlet

55 5554 205 5631 gloriosior
220 5554 398 5625 praedicatur,
418 5564 521 5627 quanto
534 5555 576 5611 rix
596 5556 694 5627 aliquis
712 5558 739 5612 in
753 5557 852 5613 diebus
908 5556 1013 5619 dixero,
1029 5556 1137 5612 veniam
1151 5572 1249 5629 precor
1264 5557 1401 5613 humiliter
1414 5574 1431 5615 a
1445 5558 1565 5630 lectora;
1581 5576 1704 5616 commo·

55 5643 172 5709 nostris,
188 5644 234 5713 qui
245 5643 290 5699 vel
306 5644 395 5699 Deum
410 5644 511 5711 timeat,
528 5644 676 5701 iuvenitur.
695 5644 783 5717 Cujus
797 5660 851 5718 ego

55 5732 141 5793 tituta
154 5728 272 5789 adorem
298 5744 357 5789 curn
386 5730 518 5803 seribere,
532 5744 590 5789 uon
602 5730 638 5790 de
651 5729 764 5808 lugente
789 5744 853 5793 tneo

906 5659 978 5699 nens
992 5643 1138 5701 universos
1150 5642 1184 5700 ed
1202 5662 1275 5717 quos
1299 5662 1423 5717 praeseus
1438 5648 1569 5719 seriptum
1585 5646 1701 5713 venerit,

905 5736 944 5789 ne
960 5728 1108 5791 uerborum
1121 5730 1273 5807 phalerare
1289 5748 1335 5793 raa
1363 5735 1517 5809 requlraat.
1546 5732 1610 5805 quie
1622 5732 1701 5792 veri·
