3780 6038
184 199 235 257 391

677 185 878 246 triturentur
891 186 1037 245 ABBATIS
1051 186 1338 251 annuntiandus

1776 192 1830 247 392

183 321 348 379 imminentis
371 319 422 374 sibi
450 316 546 373 mortis
577 314 765 371 necessitatem
789 311 923 368 diffideret
952 315 1095 375 seAanae
1114 320 1247 387 tropaeum
1274 317 1455 374 dehonestare
1473 326 1636 376 conentur:
1664 325 1692 374 et
1720 317 1750 371 in
1780 317 1834 372 hoc

183 427 265 483 posse
291 408 420 472 eradere,
451 404 540 462 edocit
567 420 597 460 se
622 402 721 458 delerri
747 417 831 472 super
859 400 981 472 Gargani

183 499 282 555 montis
296 495 482 568 supercilium,
499 494 527 548 in
556 490 743 548 venerandum
759 489 866 564 angelis
888 497 915 544 et
930 491 984 544 ho-

183 588 300 643 minibus
326 585 483 649 oratorium,
514 581 617 654 quoda
636 579 805 636 creberrima
828 576 982 633 visitatione

182 691 216 732 ac
230 673 442 747 praesentissima
457 686 509 742 ope
524 668 661 725 Michaelis
676 664 845 737 archangeli,
878 680 983 720 nuncu·

184 772 262 834 putor
281 761 456 818 llichaelium.
486 758 535 822 lbi,
565 766 627 829 post
654 754 770 810 effusum
798 753 982 823 largissimum

184 853 366 923 lacrymarum
381 848 506 913 imbrem,
520 854 582 917 post
606 844 690 916 longa
712 842 840 912 suspiria,
866 856 941 912 aegro
954 841 982 894 in

186 955 314 1011 soporem
328 937 456 1003 resoluto,
469 935 560 990 divina
576 933 661 988 virtus
684 930 824 1003 apparuit,
841 938 868 985 et
889 929 981 1000 sospi-

183 1036 263 1084 tatem
278 1025 406 1093 reddidit,
423 1040 455 1079 ac
468 1021 684 1078 incredulitatem
697 1027 724 1074 et
739 1018 865 1073 duritiam
890 1016 982 1073 cordis

182 1116 242 1187 ejus
271 1114 424 1184 increpans,
453 1111 562 1182 signum
590 1106 704 1163 vivilicae
727 1105 825 1172 crucis,
848 1105 876 1159 iu
904 1100 983 1159 altari

183 1203 307 1273 ejusdem
322 1199 442 1255 mirilicac
454 1198 579 1254 ecclesiae
595 1195 723 1266 positum,
735 1202 797 1248 ante
811 1193 909 1248 mentis
923 1193 982 1261 ejus

182 1291 277 1349 oculos
299 1289 398 1360 posuit,
422 1295 448 1342 et
476 1283 649 1357 apertissima
680 1282 800 1338 veritatis
830 1280 983 1336 assertione

182 1379 310 1450 exposuit
324 1376 398 1448 qnod
412 1391 449 1430 ex
465 1389 518 1445 quo
533 1373 609 1427 salus
624 1372 717 1426 mundi
728 1370 850 1426 Christus
865 1370 939 1437 (til)
955 1369 983 1423 in

1037 402 1130 457 zabuli
1140 405 1332 461 archisterium
1346 407 1480 462 lulianum
1496 412 1654 480 apostatam
1679 406 1830 462 imitantur.

1036 490 1148 545 lachim
1173 491 1365 548 inlestissimus
1393 496 1482 552 crucis
1510 495 1607 551 Christi
1645 491 1833 556 aduersarius,

1036 593 1098 634 cum
1112 581 1220 652 imperii
1236 583 1382 639 ambitione
1406 599 1538 640 accensus
1553 583 1699 655 aquodam
1720 580 1833 653 magicae

1035 666 1101 722 artis
1115 669 1277 739 peritissimo
1293 672 1367 742 (229)
1381 671 1408 726 in
1420 672 1560 729 fatidicum
1571 671 1747 728 intromissus
1762 676 1833 725 esset

1036 758 1156 829 adytum,
1173 765 1202 813 ut
1215 760 1372 816 consuleret
1386 761 1527 817 oraculum
1540 780 1547 829 ;
1574 760 1768 816 seductoribus
1782 756 1832 812 sibi

1036 846 1228 917 apparentibus
1252 848 1401 921 spiritibus,
1414 849 1491 919 justa
1512 864 1615 905 morem
1638 848 1759 913 solitum,
1775 855 1832 902 ter-

1035 934 1106 988 roris
1118 935 1303 1005 magnitudine
1335 953 1367 993 ac
1396 937 1598 993 necessitudine
1627 935 1787 1006 compulsus
1807 934 1832 989 in

1036 1021 1122 1078 fronte
1136 1037 1186 1077 sua
1201 1023 1328 1089 invisum,
1344 1033 1369 1081 et
1397 1025 1451 1080 illis
1465 1034 1491 1081 et
1506 1026 1558 1081 sibi
1582 1023 1834 1081 victoriosissimum

1036 1117 1142 1182 stayros
1157 1113 1291 1184 expressit
1312 1113 1492 1185 signaculum.
1522 1113 1656 1169 Dominici
1680 1127 1749 1168 vero
1777 1120 1835 1166 tro-

1035 1199 1105 1268 phaei
1121 1198 1236 1271 liguram
1249 1200 1358 1256 inimica
1370 1202 1490 1273 phalanx
1506 1202 1669 1274 respiciens,
1696 1216 1753 1256 suae
1775 1216 1834 1254 me-

1036 1301 1097 1341 mor
1110 1288 1281 1355 devictionis,
1296 1290 1414 1355 evanuit,
1431 1298 1458 1346 et
1486 1290 1669 1345 fulminandus
1703 1291 1835 1358 Apostata

1036 1382 1118 1430 tantan
1131 1375 1245 1430 visionis
1260 1378 1373 1433 horrore
1401 1379 1606 1449 obstupefactus
1629 1376 1782 1449 expalluit,
1810 1384 1835 1431 et

182 1483 228 1522 ara
242 1475 363 1536 stayros,
377 1479 407 1518 se
427 1464 485 1518 Deo
511 1461 582 1516 Patri
603 1459 719 1515 hostiam
741 1458 841 1519 vivam.
865 1455 982 1512 hostiam
1036 1463 1205 1519 inconsultus
1220 1474 1247 1520 et
1260 1465 1390 1522 confusus
1405 1468 1478 1530 exiit,
1494 1475 1520 1522 et
1531 1467 1557 1522 in
1569 1482 1666 1523 omues
1684 1468 1758 1521 llice
1771 1466 1832 1521 cha·

182 1563 302 1611 sanctam
313 1562 340 1608 et
363 1550 564 1607 immaculatam
579 1564 629 1620 pro
643 1548 726 1602 totius
739 1544 834 1601 mnndi
861 1544 984 1616 peccatis
1036 1559 1140 1608 ractere
1155 1552 1183 1607 in
1197 1557 1293 1624 fronte
1310 1555 1436 1626 xlpnntoa
1456 1556 1568 1615 llicech
1584 1572 1625 1620 rx,
1643 1555 1681 1625 t),
1698 1553 1835 1624 stragulam

182 1644 298 1710 obtulit,
315 1640 445 1713 quidquid
470 1639 505 1694 ad
525 1638 666 1693 utilitatem
681 1643 710 1692 et
729 1635 846 1690 salutem
870 1631 1020 1719 hnmaniss
1036 1639 1216 1697 exitialisodii
1229 1642 1356 1698 vexillum
1386 1643 1494 1707 extulit;
1517 1658 1569 1699 nec
1596 1659 1645 1699 eos
1674 1643 1835 1714 impugnare

182 1732 303 1806 generis,
320 1727 440 1802 quolibet
453 1726 544 1793 modo,
560 1725 602 1781 vel
619 1726 654 1780 ab
664 1723 771 1797 angelis
782 1723 860 1791 lucis,
877 1721 919 1778 rel
934 1722 980 1777 ho
1034 1737 1098 1784 ante
1112 1729 1223 1798 destitit,
1238 1730 1326 1786 donec
1347 1731 1375 1785 in
1390 1731 1535 1787 Persarum
1557 1746 1653 1802 regno,
1679 1730 1836 1801 sinpnlnria

183 1820 301 1876 minibus
315 1816 466 1873 sanctitatis
485 1813 649 1870 excellentia
677 1811 790 1867 eximiis
818 1811 920 1866 lactum
934 1810 979 1877 sit,
1033 1817 1113 1885 sunu
1127 1816 1217 1886 (punt.
1232 1818 1549 1887 n111x‚st),1)0minjcae
1563 1818 1652 1873 vineae
1667 1817 1835 1883 depununtur,

183 1915 414 1990 prutervirtutem
431 1911 536 1967 thronis
552 1915 579 1966 et
589 1908 818 1965 dominationibus
833 1905 981 1962 adorandae
1034 1903 1145 1959 diutinae
1160 1906 1315 1961 vastationis
1336 1921 1393 1961 sure
1417 1921 1514 1978 poenas
1528 1905 1686 1973 exsolvens,
1705 1905 1783 1973 (280)
1799 1903 1837 1958 in·

183 1999 271 2057 crucia
286 1998 343 2053 lieri
359 1996 433 2052 nullo
447 1995 529 2050 modo
552 1992 680 2064 potuerit.
704 1993 736 2046 Et
759 1991 863 2045 utinam
881 1988 981 2044 divinae
1029 1993 1104 2062 jecto
1130 1992 1258 2049 divinitus
1285 1993 1409 2059 vulnere,
1438 2002 1547 2049 artemas
1571 1993 1651 2049 morti
1675 1993 1833 2048 succubuit.

182 2088 287 2145 virtutis
315 2085 457 2157 aspiratio,
487 2085 561 2152 (tib)
596 2078 805 2152 berengarianae
843 2077 981 2133 haereseos
1035 2082 1079 2145 Et,
1095 2097 1130 2137 ne
1143 2096 1234 2137 meum
1248 2082 1274 2136 in
1290 2082 1405 2138 rivilicae
1418 2083 1508 2138 crucis
1522 2082 1659 2154 preconia
1670 2082 1837 2152 propensius

183 2176 331 2247 complices
346 2189 400 2229 non
416 2171 512 2227 morbo
528 2169 667 2226 exulceret
695 2167 857 2239 podagrico,
874 2165 923 2221 sed
936 2163 982 2218 in·
1036 2169 1157 2224 studium
1169 2178 1282 2242 generet
1294 2170 1444 2237 fastidium,
1460 2178 1607 2242 praetereo,
1622 2170 1699 2242 quod
1714 2171 1836 2225 Laureo-

184 2264 255 2320 terni
270 2262 367 2319 consili
381 2260 423 2315 aui
432 2258 564 2324 antitodo,
579 2272 596 2312 a
611 2255 694 2311 simili
720 2253 895 2326 blasphemiae
910 2252 982 2308 libe·
1036 2258 1090 2313 tina
1104 2258 1222 2314 nominis
1234 2259 1276 2313 aui
1287 2259 1378 2314 laurea
1392 2258 1543 2326 laureatus,
1559 2274 1610 2330 per
1624 2258 1736 2331 insigne
1748 2257 1836 2314 crucia

184 2359 226 2408 ret
236 2359 313 2422 peste
328 2365 359 2404 ac
375 2347 514 2419 periculo;
531 2345 816 2417 quidumpluaqnam
825 2345 985 2414 oportetan·
1037 2346 1156 2419 signum,
1171 2347 1251 2403 naenis
1270 2347 1390 2402 reddidit
1417 2347 1516 2414 uiuum,
1532 2348 1592 2403 Non
1621 2347 1735 2411 annoto,
1766 2345 1837 2418 quun

183 2454 260 2512 pere,
272 2437 477 2510 aopttnllllom
487 2449 537 2500 ιιι,
548 2436 575 2497 3)
584 2434 620 2488 (td
628 2431 884 2487 nlminmculorem
893 2433 986 2485 baut·
1036 2435 1274 2491 moderatissimus
1283 2435 1449 2492 monachicae
1463 2435 1681 2492 conservationis
1689 2434 1838 2505 dispositor

185 2523 573 2598 enntabnquianiviumllod
583 2536 659 2587 xxiv,
673 2521 732 2588 19);
742 2525 770 2574 et
780 2518 984 2588 sicntlttblpa·
1037 2524 1208 2589 Benedictus,
1224 2524 1321 2579 eodem
1336 2523 1410 2578 vitali
1431 2523 1513 2595 signo
1527 2523 1620 2594 digitis
1630 2524 1658 2578 in
1673 2538 1742 2579 aere
1755 2523 1836 2591 edito,

185 2632 247 2672 nem
262 2623 290 2671 et
298 2615 409 2671 calicem
424 2612 450 2666 in
474 2609 563 2676 altari,
587 2610 712 2665 humanoe
735 2604 981 2671 tefflntilittiwit,
1035 2610 1145 2666 lethalis
1158 2612 1254 2667 veneni
1268 2610 1403 2684 coniregit
1417 2621 1444 2667 ct
1458 2612 1578 2667 excussit
1601 2611 1744 2682 poculum,
1760 2619 1834 2667 taceo

185 2713 212 2761 et
227 2703 290 2759 lidei
301 2701 458 2774 mysterium
473 2713 527 2755 non
542 2697 665 2759 credunt,
691 2711 786 2752 rerum
810 2710 872 2751 esse
886 2708 985 2764 corpus
1038 2699 1230 2771 quodquidam
1258 2700 1405 2771 Symmista
1431 2700 1517 2756 sancti
1541 2700 1659 2770 Spiritus
1688 2701 1767 2769 (231)
1790 2714 1836 2755 no-

185 2802 212 2849 et
225 2792 389 2866 sangninem
405 2787 585 2856 Dominicum,
597 2786 637 2843 sic
655 2793 712 2840 tam
721 2784 885 2852 inconsulta,
901 2796 984 2855 quarn
1037 2788 1278 2859 minehiartprins,
1293 2805 1355 2846 curn
1370 2804 1452 2844 mann
1467 2788 1590 2860 signaret
1615 2803 1715 2859 panem
1746 2787 1838 2844 subci-

183 2883 327 2955 propbene
336 2877 497 2944 temeritate,
513 2876 587 2931 omni
601 2872 752 2945 wphiStitt
766 2870 882 2943 tituli&
897 2870 985 2943 Syllo-
1038 2877 1153 2942 nerium,
1170 2876 1264 2947 prunis
1278 2885 1305 2932 et
1319 2876 1456 2933 cineribus
1470 2876 1649 2948 suppositum,
1662 2875 1742 2947 panis
1756 2875 1837 2942 idem,

183 2971 343 3044 glarearum.
359 2982 392 3023 ac
406 2967 649 3037 enthymematum,
666 2961 834 3032 persuadere
849 2967 984 3016 conentur
998 3010 1023 3073 C
1039 2965 1202 3020 immensum
1212 2964 1296 3020 instar
1309 2964 1468 3037 crepitantis
1478 2964 1506 3019 in
1528 2966 1638 3037 ignibus
1665 2964 1740 3031 ollae,
1765 2963 1839 3020 dedit

184 3058 319 3114 mentibus
333 3057 463 3129 dogmata
485 3069 533 3108 sut
560 3049 765 3116 admirantium,
795 3049 869 3119 (227)
897 3062 931 3102 ¹¹0
955 3046 983 3102 in
1038 3054 1180 3125 crepiturn,
1196 3062 1334 3119 excoctus,
1351 3054 1412 3123 ejus
1439 3054 1606 3110 characteris
1634 3052 1662 3107 in
1692 3068 1724 3109 se
1745 3060 1838 3108 osten-

184 3147 301 3203 flexione
315 3160 445 3218 genuum,
457 3150 484 3198 et
493 3139 627 3198 effusione
656 3138 777 3205 lletuum,
802 3135 913 3193 cuilibet
926 3133 984 3190 aal-
1038 3142 1077 3197 dir
1098 3141 1211 3207 uitulum,
1233 3158 1314 3214 quem
1339 3158 1396 3197 non
1419 3149 1519 3208 rannus,
1546 3141 1596 3198 sen
1624 3139 1689 3197 finni
1717 3139 1839 3212 inscripsit

184 3235 271 3292 vifitae
294 3232 377 3297 truci.
407 3231 529 3287 s⁰tm⁸tae
551 3227 587 3282 td
615 3226 689 3281 illius
715 3223 931 3289 similitudinem,
956 3222 985 3277 in
1037 3231 1177 3286 meritum.
1196 3231 1281 3285 Tanta
1303 3229 1386 3295 enim,
1402 3239 1428 3286 ct
1443 3239 1481 3286 tot
1509 3238 1573 3286 aunt
1598 3229 1724 3286 mirilicae
1745 3228 1834 3286 crucis

184 3337 239 3396 qua
252 3320 382 3393 pependit
396 3319 470 3373 selus
491 3315 652 3388 angelorum
678 3320 705 3369 tt
731 3312 881 3378 hminum,
901 3326 983 3366 rett-
1037 3318 1146 3375 laudum
1171 3317 1300 3391 insignia,
1330 3327 1358 3373 ut
1378 3319 1498 3374 humano
1521 3318 1604 3374 corde
1632 3333 1687 3374 nnn
1716 3316 1833 3388 concipi,

185 3406 301 3462 rentiam
316 3411 342 3459 ct
356 3403 489 3458 honorem
503 3399 662 3471 impendant
688 3396 823 3452 debitum.
846 3392 984 3449 Nimirum
1037 3423 1092 3463 „011
1114 3407 1317 3479 comprehendi,
1345 3406 1437 3478 lingua
1466 3407 1539 3463 nuno
1566 3406 1647 3462 modo
1662 3406 1770 3478 minu
1791 3420 1835 3461 εχ.

186 3483 982 3560 dlcenteasecssesapientes,ateltisactiaunl(Romani),
1037 3495 1135 3569 primi;
1152 3495 1304 3566 eqngopm
1318 3511 1432 3551 summa,
1458 3494 1611 3552 devotioni,
1629 3511 1697 3552 Μ
1726 3494 1755 3549 jn
1774 3509 1834 3550 w„

186 3580 250 3654 qnia
264 3581 338 3650 (228)
354 3577 400 3650 (1¹¹1
423 3575 562 3632 ⁰⁰⁰¹¹¹tt¹i⁸
584 3573 716 3639 tenebris,
744 3580 771 3628 θῑ
791 3569 933 3626 i¹1⁸0m¹¹fi⁸
958 3577 984 3625 0¹
1037 3583 1145 3652 affectu,
1162 3599 1278 3640 summe
1291 3583 1451 3639 temeritatis
1463 3583 1587 3639 denotari
1601 3582 1703 3654 elogio,
1727 3590 1754 3638 et
1780 3597 1836 3638 non

185 3667 336 3743 phaniasiis
350 3662 539 3737 pflrieil'iii,80
554 3661 644 3719 crucis
667 3661 825 3717 Chfli'aciel'e
851 3657 942 3731 digiiifl
955 3658 984 3713 in
1037 3671 1145 3740 iniuria,
1170 3685 1268 3727 vereor
1316 3670 1558 3727 vehementissime
1587 3669 1731 3743 redargui,
1762 3667 1833 3742 quod

160 3758 273 3831 ,ἷΐθῦῑθ
283 3755 326 3812 Vei
336 3755 362 3809 1⁰
378 3769 441 3809 left
470 3752 553 3819 edim,
583 3758 678 3807 00¹¹“t
706 3748 825 3821 Ptiiffllt
848 3748 982 3804 munium·
1037 3768 1111 3816 tanta
1128 3758 1302 3831 reparatricis
1321 3766 1348 3815 ct
1363 3759 1456 3814 salutis
1475 3768 1502 3815 et
1518 3759 1581 3815 vitre
1604 3759 1725 3815 omnium
1751 3771 1834 3830 repn-

186 3845 293 3902 invictae
304 3843 395 3899 virtuti
418 3842 475 3911 ejus
489 3840 518 3895 in
541 3839 660 3912 qualibet
684 3838 807 3903 materia,
837 3837 984 3907 perannat·
1037 3856 1156 3903 uncorum
1170 3848 1317 3919 praeconia,
1333 3847 1428 3903 detero
1442 3847 1522 3917 culpa
1550 3846 1645 3902 insulsi
1663 3854 1705 3917 „et
1735 3846 1835 3902 sterilia

186 3925 984 4003 bilibnrbnmonrcanplenlioeonbh(lGor.rr,l)derogarc
1036 3936 1152 4008 ingenii,
1172 3937 1240 3992 Nam
1255 3936 1319 4009 qnid
1335 3936 1403 3990 rann
1423 3935 1560 4008 signaculi
1579 3936 1765 4008 praepogfflvq
1778 3934 1835 3991 evi.

185 4039 241 4080 non
249 4030 380 4080 metuunt.
394 4019 517 4076 Victoriae
530 4018 613 4092 siguo
627 4015 815 4081 defensantur,
847 4020 875 4068 et
889 4012 983 4069 salutis
1036 4024 1166 4080 nennius?
1179 4025 1244 4097 quid
1258 4024 1378 4096 porentia
1392 4024 1585 4095 muranum?
1601 4025 1649 4079 1352
1658 4038 1729 4081 nm
1743 4023 1835 4080 p0mi.

222 4260 296 4329 (22⁴)
306 4258 337 4314 ln
347 4273 399 4313 Μ
412 4258 531 4328 litim·
542 4252 617 4308 Crux
632 4249 733 4308 Ctaetil
748 4247 859 4333 σταυρὸς
873 4245 981 4304 dissiltss'·
1035 4259 1201 4332 habendum,
1218 4261 1344 4335 nequiter
1354 4262 1497 4319 docerent.

187 4339 275 4408 Quam
289 4352 386 4393 rocem
400 4337 442 4391 hic
457 4341 549 4390 noster
575 4329 718 4403 aliquoties
746 4340 859 4403 usurpat
886 4328 915 4383 lu
933 4342 1023 4426 arr-D
1073 4353 1147 4422 (ἥς)
1162 4349 1671 4424 17,sandicumadytumqpemombpe
1687 4351 1740 4408 hoc
1750 4366 1837 4409 even,

187 4410 361 4467 cundocasn.

222 4498 296 4577 (⁸225)
319 4493 535 4565 berengarianae
558 4492 693 4547 haereseos
715 4489 876 4562 complices.
906 4489 983 4547 Vixit

187 4567 342 4623 Throlridus
357 4581 418 4619 curn
429 4564 475 4618 illo
490 4563 569 4618 toties
584 4562 691 4630 relapso
707 4561 900 4628 haereaiarcba,
918 4563 982 4617 Cel·

187 4640 346 4696 violatarum
361 4643 514 4706 prototypo.

220 4728 297 4797 (ιιι)
307 4728 412 4781 Panem
422 4727 450 4779 et
464 4722 621 4779 calicemin
635 4720 724 4776 alleri
735 4736 793 4775 non
803 4721 983 4787 credentne·

186 4814 251 4855 rum
261 4798 466 4867 concremasset
477 4792 841 4865 sanquinemllominicem.
851 4792 912 4847 Non
921 4808 984 4847 cen·

186 4877 227 4925 set
254 4882 363 4923 manere
390 4881 507 4938 penem,
529 4869 560 4918 nt
587 4862 732 4917 Lutberani
760 4861 907 4924 haerctici;
932 4862 983 4918 sed

185 4954 285 5010 penem
307 4943 397 5003 vocat,
427 4935 471 5009 qui
489 4936 574 5009 panis
602 4932 701 4988 luerat.
725 4932 803 5000 item,
824 4934 910 5005 panis
929 4940 980 4999 est,

186 5010 235 5066 aed
249 5009 399 5081 spiritalia,
415 5015 442 5061 ct
452 5009 499 5079 qni
509 5005 615 5062 neceto
629 5003 786 5059 descendit.

222 5097 343 5159 (227)ch
360 5095 626 5165 sicnioncqennum,
638 5095 666 5148 et
689 5091 827 5173 effusione
849 5093 980 5160 fletuum.

187 5167 264 5221 lianc
279 5165 453 5238 Berrengarii
468 5166 594 5219 haereaim
609 5180 641 5217 ex
669 5161 809 5218 Throlrido
833 5162 979 5226 discamus,

187 5250 269 5306 quam
284 5236 357 5306 apud
370 5237 451 5291 aliurn
464 5249 520 5290 non
533 5233 644 5289 memini
659 5249 703 5288 me
718 5234 821 5304 legere.
838 5232 868 5287 ln
882 5248 913 5288 ea
928 5230 981 5286 ite·

185 5306 377 5375 rumspiritnm
407 5304 621 5370 calvinisticum,
634 5305 690 5374 jam
718 5311 775 5358 tum
793 5303 940 5373 spirantem
955 5308 982 5357 et

185 5377 362 5447 inspirantem
376 5375 561 5446 agnoscimus.

223 5468 296 5531 (228)
314 5463 366 5530 Qiti
377 5464 525 5519 nocturnis
541 5463 671 5519 tenebris.
689 5461 861 5518 Credendum
880 5468 931 5528 cst,
943 5475 981 5515 as·

186 5542 527 5599 serentcnostroauctore,
544 5532 769 5606 Berengarianos,
795 5535 837 5589 rel
861 5548 980 5590 consue-

184 5607 280 5663 tudine
289 5607 431 5670 suadente,
448 5604 491 5660 rel
504 5611 620 5675 cogente
647 5605 817 5674 necessitate,
840 5603 981 5659 salutifero

185 5678 233 5737 illo
246 5678 325 5751 siguo
344 5676 505 5750 quandoque
533 5689 607 5748 usos,
635 5675 678 5732 cui
697 5673 765 5731 alias
782 5674 895 5731 honoris
914 5673 981 5729 nibil

1038 4428 1095 4479 tum
1109 4440 1199 4495 operae
1214 4423 1330 4493 pretium
1359 4426 1399 4479 e'st
1414 4425 1505 4493 legere
1530 4423 1603 4493 apud
1617 4422 1788 4479 Theodoret.
1808 4424 1835 4478 in

1036 4494 1138 4550 llistor.
1157 4493 1202 4548 lib,
1229 4506 1257 4548 ur
1287 4510 1350 4566 cap.
1367 4499 1392 4562 3,
1422 4503 1448 4548 et
1462 4493 1534 4565 apud
1562 4493 1678 4549 Nazian.
1705 4502 1778 4551 orat.
1808 4494 1836 4548 in

1036 4567 1279 4635 hnncapostatam.

1073 4653 1262 4724 (ilbllny'ccta
1282 4651 1418 4708 diuinitus
1446 4652 1575 4708 vnlnere.
1604 4651 1780 4709 Variantibus
1802 4653 1836 4708 de

1036 4723 1184 4778 miserabili
1206 4723 1306 4777 iuliani
1343 4733 1430 4779 morte
1458 4723 1610 4788 sententiis,
1646 4723 1692 4777 illa
1720 4724 1836 4780 maxime

1056 4796 1135 4859 lacet,
1151 4810 1167 4848 a
1181 4794 1311 4850 blercurio
1324 4803 1452 4865 martyre,
1470 4795 1518 4849 Dei
1532 4795 1612 4865 jussu
1630 4793 1835 4867 interemptum.

1036 4813 1133 4921 ilarrat
1147 4864 1310 4919 Damascen.
1329 4873 1401 4920 orat.
1421 4866 1447 4932 1,
1463 4865 1503 4919 De
1527 4865 1611 4936 imag.
1638 4865 1683 4933 Et,
1698 4874 1728 4920 ut
1749 4866 1837 4939 maior

1036 4938 1072 4991 sit
1104 4935 1222 4991 eminete
1236 4936 1396 5001 auctoritas,
1424 4943 1519 4991 narrat
1542 4951 1599 4991 nou
1613 4950 1646 4991 cx
1669 4952 1709 5002 aa,
1740 4939 1835 4994 sedcx

1036 4952 1169 5063 Heliadio.
1182 5007 1287 5086 Videat,
1302 5004 1348 5086 qui
1377 5005 1456 5077 plura
1483 5006 1630 5076 desiderat,
1660 5006 1735 5078 apud
1748 5008 1836 5065 liare·

1035 5080 1120 5144 nium,
1135 5093 1209 5133 anno
1225 5077 1326 5132 Christi
1340 5079 1401 5133 363.

1071 5166 1146 5235 (tlt)
1166 5165 1281 5221 Nomine
1296 5166 1468 5237 marturius.
1501 5164 1573 5237 Lege
1587 5164 1745 5239 elegantem
1765 5168 1836 5226 hanc

1035 5237 1278 5300 narratiunculam,
1290 5236 1427 5306 aliquanto
1448 5235 1535 5290 insius
1549 5245 1576 5290 ct
1599 5238 1705 5293 clarina
1719 5254 1837 5312 expres·

1036 5325 1096 5362 sam
1121 5308 1194 5378 apud
1212 5308 1243 5361 u.
1260 5307 1378 5377 Gregor.
1396 5306 1524 5379 Magnum
1540 5304 1587 5359 lib.
1604 5321 1613 5361 r
1631 5307 1753 5383 Dialog.‚
1768 5325 1832 5381 cap.

1037 5383 1078 5445 lt,
1097 5378 1142 5432 ubi
1156 5379 1202 5441 ait,
1219 5380 1340 5448 reliquos
1354 5392 1449 5447 panes,
1466 5394 1517 5448 pro
1532 5393 1620 5440 more,
1632 5394 1719 5436 cruce
1738 5383 1836 5454 signn-

1038 5454 1078 5506 loa
1090 5448 1190 5503 fuisse:
1207 5449 1277 5503 hunc
1285 5448 1372 5503 solum
1384 5449 1548 5517 neglectum,
1559 5463 1639 5520 quem
1655 5450 1702 5505 vir
1716 5461 1835 5519 sanctus,

1035 5535 1068 5575 eo
1080 5519 1197 5592 signoin
1211 5535 1277 5575 aere
1299 5519 1433 5573 duntaxat
1446 5519 1531 5589 edito,
1557 5520 1608 5575 sub
1626 5520 1767 5579 cineribus
1793 5526 1836 5580 la·

1035 5599 1145 5658 tentem,
1162 5605 1244 5647 cruce
1258 5590 1396 5662 insignem
1409 5590 1482 5647 lecit.
