3780 6038
779 217 935 278 APPEND.
953 215 1000 271 Ab
1021 213 1190 274 l'lBONEM.
1768 216 1824 279 ⁴58

115 192 118 197 ’
168 224 222 283 tar

167 392 586 462 INCIPIT¹GATALOGUS
596 393 845 458 PONTIFICUM
856 390 1123 454 TULLENSIUM
1132 392 1159 452 Α
1169 393 1307 458 Beato
1318 396 1544 463 MANSUETO
1556 399 1607 462 ET
1616 397 1823 463 DEINCEPS

202 639 275 696 Licet
302 647 458 696 sanctorum
486 637 608 694 omnium
636 637 752 691 virtutes
781 643 808 691 et
841 633 964 704 exempla
979 633 1008 694 Α
1024 634 1155 706 templum
1178 635 1205 691 in
1232 636 1338 694 honore
1366 646 1508 710 perpetue
1536 636 1657 712 Virginis
1682 639 1824 712 genitricis

168 729 265 785 merito
279 744 387 799 semper
402 727 606 783 sintrecoleuda
617 719 811 782 etmemoriae¹
825 739 967 780 commen·
1019 723 1109 794 ejus¹·
1123 726 1262 797 sanctique
1290 728 1502 799 protomartyris
1530 727 1672 799 Stephani,
1701 728 1825 802 aliasque

168 827 257 884 danda
271 828 350 897 juxta
366 827 511 898 scripturae
527 842 622 882 vocem
634 841 640 880 :
654 825 829 896 Sapientiam
848 827 965 879 sancto·
1020 821 1230 897 circumquaque
1245 836 1264 865 ¹·
1280 823 1421 892 ecclesias,
1448 824 1582 880 ordinatis
1605 824 1779 896 presbyteris
1797 833 1825 881 et

169 912 967 989 remanerentomnespopati,eticedemeorumnuntiot
1021 910 1192 979 diaconibus,
1218 912 1263 967 ubi
1278 911 1481 987 glorificaretur
1507 913 1677 970 admirabilis
1706 915 1782 970 Deus
1797 914 1825 969 in

168 1005 288 1064 ccclesia
303 1006 399 1074 (dccli.
419 1020 490 1072 xciv,
520 1005 579 1070 tol:
604 1004 711 1059 illorum
726 1011 818 1059 tamen
846 1000 967 1056 crebrius

170 1095 250 1151 uobis
265 1102 327 1149 suut
342 1102 422 1167 gesta
433 1093 605 1159 revolvenda,
616 1108 730 1164 quorum
740 1106 750 1135 ⁸
762 1090 891 1162 reliquias
905 1105 969 1161 pos·

167 1192 298 1249 sidemus.
315 1191 473 1264 igiturquia
481 1192 515 1246 de
526 1190 593 1245 actis
604 1187 780 1261 ‘pontificum
789 1189 938 1243 Leucorum
946 1193 965 1256 ⁸,

168 1289 249 1352 prout
263 1281 396 1337 Dominus
410 1279 524 1344 dederit,
545 1278 666 1335 scribere
681 1278 715 1333 ad
739 1277 898 1332 memoriam
920 1291 969 1347 po·

168 1377 306 1426 uterorum
322 1369 504 1434 deceruimus,
520 1367 630 1440 abipso
652 1367 740 1439 primo
755 1367 880 1437 ejusdem
899 1364 969 1421 civi-

169 1459 232 1514 tatis
246 1467 325 1529 patre
341 1474 372 1514 ac
387 1456 522 1529 presula⁶
537 1457 677 1513 exordium
692 1472 843 1512 sumamus.

205 1552 235 1604 2.
258 1548 337 1602 Fuitt
352 1548 411 1617 (13)
425 1548 496 1602 idem
520 1547 694 1602 venerandus
720 1554 808 1617 paler,
829 1544 898 1601 sicut
922 1559 970 1599 re-

170 1635 224 1691 latu
241 1637 376 1705 majorum
396 1635 553 1703 didicimus,
576 1635 661 1690 nobili
681 1635 844 1690 Scotorum·
865 1649 970 1705 genere

168 1725 326 1780 ’oriundus
342 1743 350 1792 ;
365 1725 413 1781 aed
435 1725 527 1780 diviua
552 1724 711 1796 providente
732 1723 886 1788 clementia,
910 1739 971 1794 quae

169 1821 268 1871 cuncta
308 1813 470 1871 mirabiliter
493 1814 659 1885 preordinat
688 1821 769 1886 atque
805 1811 972 1882 disponit,a

169 1911 226 1968 suis
240 1909 340 1967 finibus
355 1911 417 1967 exul
433 1910 520 1967 factus
535 1920 587 1977 est,
604 1910 732 1985 quatinus
757 1910 785 1965 in
800 1910 912 1983 regione
922 1926 971 1963 su-

1021 1000 1123 1056 sanctis
1138 1001 1195 1056 suis
1210 1019 1296 1074 usque
1311 1003 1338 1058 in
1355 1010 1521 1073 praesentem
1544 1003 1630 1058 diem.
1650 1004 1824 1074 Impossibile

1022 1114 1089 1154 vcro
1100 1097 1120 1126 '⁰
1135 1106 1176 1154 est
1197 1107 1295 1155 cuncta
1311 1099 1455 1156 scribendo
1470 1100 1668 1174 perstringere,
1684 1117 1746 1172 quae
1760 1107 1825 1156 tau-

1022 1193 1066 1243 lus
1080 1202 1113 1243 ac
1127 1186 1190 1244 talis
1202 1189 1246 1243 vir
1257 1188 1285 1243 iu
1299 1204 1414 1260 corpore
1429 1191 1532 1260 positus
1550 1189 1648 1262 gessit,
1664 1189 1708 1245 vel
1724 1197 1827 1261 quanta

1022 1277 1124 1344 docuit,
1141 1284 1324 1349 quantamque
1347 1278 1518 1335 credentium
1547 1277 1747 1335 multitudinem
1776 1294 1827 1350 per

1023 1365 1196 1440 evangelium
1220 1366 1249 1421 in
1263 1366 1370 1423 Christo
1396 1368 1503 1441 genuit,
1534 1383 1642 1424 necnon
1665 1366 1787 1440 qualiter
1799 1366 1826 1421 in

1022 1464 1202 1520 custodiendo
1213 1481 1301 1538 grege
1315 1464 1453 1522 dominico
1466 1473 1494 1521 et
1506 1464 1525 1495 '¹
1541 1465 1592 1521 sibi
1615 1465 1722 1521 credito
1741 1465 1827 1537 digne

1024 1552 1148 1608 docendo
1162 1568 1194 1608 ac
1205 1562 1299 1609 sancte
1314 1554 1430 1610 vivendo
1446 1554 1578 1627 vigilavit.
1594 1554 1650 1610 Sed
1665 1555 1718 1610 hoc
1730 1572 1752 1602 a
1767 1561 1827 1608 tan·

1024 1650 1080 1696 tum
1093 1643 1233 1699 brevitatis
1245 1643 1407 1714 compendio
1427 1645 1564 1715 ponimus,
1586 1659 1620 1698 ne
1636 1643 1699 1698 talis
1713 1642 1826 1698 lucerna

1025 1747 1075 1802 per
1099 1731 1251 1787 indebitum
1265 1732 1404 1787 silentium
1426 1741 1550 1788 nostrum
1574 1731 1647 1788 velut
1666 1730 1826 1788 submodio

1025 1819 1113 1892 posita
1125 1820 1234 1889 lateret,
1250 1821 1299 1877 sed
1310 1821 1414 1877 luceret
1428 1821 1556 1877 omnibus
1569 1821 1615 1893 qui
1631 1820 1659 1875 in
1672 1819 1757 1877 domo
1777 1819 1827 1876 Dei

1026 1917 1098 1965 sunt.
1116 1911 1233 1966 Peracto
1266 1909 1338 1965 enim
1352 1909 1373 1939 '⁸
1388 1910 1563 1966 ammirandae
1589 1910 1657 1965 vitae·
1681 1925 1777 1976 cursu,
1801 1915 1829 1964 et

169 2014 256 2071 perna
275 1998 389 2057 colonus
417 1999 502 2067 fieret,
524 2007 550 2056 et
568 1999 631 2056 illos
665 2000 711 2072 qui
735 2015 751 2055 a
772 1998 859 2070 patria
892 1999 972 2068 regni
990 1994 1148 2058 Becclesia
1160 1999 1187 2053 in
1202 1999 1312 2056 Christo
1323 1998 1492 2066 confirmata,
1502 1998 1612 2070 reliquit
1621 1996 1680 2071 ipse
1689 1998 1829 2071 gloriosus

168 2088 285 2145 caelestis
299 2098 377 2144 eraut
390 2089 495 2155 exules,
512 2104 696 2160 supernorum
723 2087 823 2144 civium
852 2085 973 2143 efficeret
1027 2087 1169 2143 Domini¹¹
1190 2088 1322 2145 sacerdos
1350 2087 1496 2161 presentis
1517 2087 1606 2143 seculi
1634 2085 1828 2158 naufragium,

170 2177 333 2232 coheredes.
349 2178 406 2233 Nec
421 2176 518 2232 mirum
541 2193 617 2250 ergo,
634 2177 657 2231 si
672 2177 799 2232 dominus
821 2184 848 2231 et
875 2175 973 2231 Salva·
1026 2184 1123 2249 petens
1137 2185 1277 2249 perpetuae
1292 2176 1390 2249 quietis
1400 2185 1519 2248 portum,
1535 2174 1829 2233 coronatusaChristc

173 2273 216 2322 tor
230 2266 361 2327 omnium,
379 2267 424 2337 qui
451 2282 547 2322 omnes
575 2266 634 2321 vult
647 2266 743 2322 salvos
771 2265 833 2320 fieri
857 2274 883 2321 et
897 2265 932 2320 ad
947 2263 967 2293 ¹⁰
1026 2266 1237 2338 inperpetuum.
1254 2266 1462 2323 Sanctissimum
1483 2282 1602 2337 namque
1629 2280 1731 2336 corpus
1754 2263 1829 2321 illius

91 2376 94 2383 ·
170 2362 336 2437 agnitionem
353 2363 473 2419 veritatis
488 2362 590 2430 venire,
606 2371 707 2418 tantum
724 2364 865 2419 doctorem
881 2364 915 2418 de
926 2378 973 2418 re·
1027 2363 1160 2434 sepultum
1176 2379 1229 2419 non
1244 2363 1326 2435 longe
1342 2378 1358 2417 a
1372 2362 1504 2434 praedictc
1531 2362 1650 2429 civitate,
1675 2368 1788 2417 tenetur
1802 2360 1828 2414 in

170 2451 253 2507 motis
267 2455 348 2507 terrae
361 2450 483 2523 partibus
504 2462 639 2520 vocatum,
659 2453 692 2506 ad
716 2453 877 2508 seminanda
896 2453 974 2511 verbi
1027 2452 1154 2522 ecclesie,
1169 2469 1230 2526 quae
1244 2453 1278 2507 eb
1289 2452 1349 2523 ipso
1360 2451 1470 2507 fundata
1484 2451 1584 2508 dicitur
1594 2448 1740 2508 etnomine
1755 2446 1829 2505 beati

171 2538 256 2596 divini
272 2540 378 2595 semina
392 2548 419 2596 et
434 2541 598 2596 illustranda
612 2556 685 2597 caeoa
700 2541 874 2597 barbarorum
888 2542 974 2597 corda
1027 2543 1143 2613 apostoli
1160 2541 1231 2597 Petri
1246 2541 1380 2609 dedicata,
1397 2556 1534 2614 quamque
1549 2548 1575 2595 et
1598 2536 1745 2611 prasentia
1760 2552 1829 2593 sua·

172 2638 339 2707 destinavit;
370 2639 415 2711 qui
442 2647 469 2694 et
494 2636 514 2668 ²¹
529 2655 578 2710 per
605 2643 782 2711 semetipsum
812 2641 846 2696 de
869 2635 890 2666 ¹'
924 2658 972 2695 su·
1026 2647 1085 2686 rum
1106 2630 1282 2702 reliquiarum
1306 2631 1419 2686 decorat
1433 2636 1460 2686 et
1473 2627 1724 2685 innumerabilibus
1740 2626 1827 2682 virtu·

171 2727 265 2800 pernis
276 2728 579 2793 descendenssedibus,
590 2731 833 2802 genushumauum
845 2729 973 2801 originali
1027 2728 1098 2783 tibus
1122 2728 1345 2784 illustrat¹⁵.Ubl
1375 2721 1518 2800 quiaquc”
1547 2725 1652 2799 aliquid
1679 2740 1742 2780 curn
1771 2721 1827 2780 fide

172 2823 201 2873 et
218 2816 318 2874 sctusli
342 2816 442 2873 delicio
463 2817 603 2875 astrictum
625 2818 737 2874 visitare
761 2818 890 2890 dignatus
919 2826 971 2874 est.
1025 2818 1160 2890 petiturus
1174 2817 1291 2883 aceedit,
1307 2816 1403 2889 procui
1418 2815 1501 2871 dubio
1516 2832 1546 2872 se
1562 2814 1727 2886 impetrasse
1735 2820 1829 2887 gratu-

172 2905 307 2977 Tempore
322 2921 450 2978 namque,
466 2922 523 2979 quo
534 2907 606 2962 beati
618 2908 688 2962 Petri
699 2907 890 2978 apostolorum
900 2908 972 2979 prin·
1025 2915 1108 2971 tacut,
1128 2916 1215 2987 cujus
1239 2914 1334 2970 humili
1356 2914 1555 2986 supplloeuione
1576 2911 1734 2984 flagpemug
1747 2912 1829 2967 mi.

171 3002 240 3073 cipis
255 3002 447 3073 predicatione
471 3011 498 3059 et
522 3004 674 3075 apostolatu
702 3006 821 3059 lfomana
850 3005 972 3077 fulgebat
1025 3005 1100 3070 lium,
1117 3012 1145 3060 et
1161 3019 1211 3060 suo
1226 3003 1375 3074 patrocinio
1390 3018 1424 3060 ae
1448 3001 1754 3074 pastoralidefensione
1779 3013 1829 3056 nus

170 3091 304 3158 Ecclesia,
325 3092 395 3148 duce
416 3092 524 3148 Christo
548 3092 612 3149 illuc
632 3094 783 3165 per-duetus
806 3100 848 3149 est
876 3094 972 3149 beatus
1024 3093 1052 3148 in
1066 3093 1196 3164 praesenti
1209 3101 1317 3148 tueatur
1343 3093 1378 3148 ab
1406 3090 1619 3147 adversitatibus
1635 3089 1785 3157 uniuersis,
1803 3094 1830 3144 et

172 3179 369 3246 mensuales,
387 3197 472 3252 seque
500 3183 631 3238 doctriuae
658 3182 813 3253 apostolicae
841 3182 969 3238 subdidit.
1023 3191 1135 3254 peracto
1160 3181 1238 3237 istius
1262 3182 1325 3238 vitae
1353 3181 1512 3245 certamine,
1536 3180 1571 3235 sd
1600 3176 1831 3236 remunerationis

171 3270 262 3340 equo
285 3269 455 3325 documentis
477 3269 538 3327 fidei
566 3271 709 3328 catholicae
736 3271 864 3337 imbutus,
892 3280 972 3344 atque
1025 3268 1151 3323 bravium
1168 3268 1248 3323 faciat
1262 3267 1377 3324 feliciter
1405 3266 1563 3337 pervenire,
1579 3264 1727 3320 miserante
1740 3265 1831 3337 gratia

172 3355 285 3412 scientia
298 3357 461 3425 {divinorum
482 3358 651 3431 eloquiorum
674 3361 794 3431 pleniter
821 3361 967 3430 institutus,
985 3352 1011 3416 G
1027 3357 1221 3427 lledemptoris
1241 3357 1335 3420 nostri,
1346 3355 1392 3428 qui
1406 3355 1490 3411 talem
1504 3353 1561 3409 suis
1575 3353 1675 3409 ovibus
1689 3353 1711 3387 ’Ἰ
1720 3367 1832 3423 praepo·

172 3444 205 3499 ad
221 3445 361 3516 prefatam
376 3446 473 3502 urbem
501 3447 649 3519 pontificali
663 3449 852 3505 benedictione
872 3465 969 3506 conse·
1022 3445 1076 3505 suit
1090 3453 1236 3516 pastorem,
1256 3444 1355 3516 quippe
1381 3458 1444 3501 cum
1457 3450 1594 3500 coaeteruo
1606 3441 1626 3471 '⁸
1642 3441 1719 3497 l‘atre
1733 3448 1760 3496 et
1771 3439 1832 3514 Spi-

173 3540 276 3601 eratus,
288 3533 364 3589 velut
376 3535 481 3608 lampas
492 3534 593 3609 fulgida
609 3536 644 3592 ad
655 3538 855 3610 repellendas¹⁴
866 3539 971 3596 erroris
1024 3535 1078 3590 ritu
1106 3543 1201 3590 sancto
1215 3533 1327 3606 aqualis
1342 3533 1456 3588 Deitatis
1474 3531 1576 3589 obtinet
1595 3529 1757 3586 Trinitatem
1780 3545 1830 3602 per

173 3632 302 3689 tenebras
321 3632 441 3689 directus
456 3641 506 3690 est.
529 3633 581 3690 Ubi
596 3643 726 3706 quantum
740 3635 801 3692 vitoe
831 3637 972 3693 sanctitate
1024 3632 1130 3689 infinite
1144 3632 1337 3689 seculorum·
1354 3630 1465 3687 saecula.
1495 3633 1625 3686 amena.

172 3727 200 3777 et
222 3720 426 3792 predicationis
454 3721 590 3778 refulserit
620 3723 758 3795 instantia,
789 3741 843 3782 non
871 3725 976 3783 sufficit
1063 3725 1089 3778 3.
1104 3722 1171 3777 Post
1185 3736 1328 3776 excessum
1345 3716 1560 3794 igiturprredicti
1576 3715 1743 3774 sanctissimi
1755 3730 1824 3790 pon·

173 3809 302 3867 sterilis¹⁵
317 3827 447 3868 enarrare
462 3810 566 3884 lingua.
585 3813 647 3868 Non
670 3814 756 3870 solum
784 3816 857 3871 enim
873 3816 908 3872 ad
924 3834 973 3873 su·
1026 3818 1108 3875 tiliois
1122 3828 1149 3876 et
1163 3818 1269 3892 egregii
1287 3817 1407 3873 doctoris
1421 3816 1481 3889 quis
1496 3815 1521 3872 ei
1536 3815 1565 3870 in
1586 3814 1653 3871 sede
1678 3813 1829 3888 episcopali

173 3901 323 3972 peraudam
338 3901 481 3974 gentilium
495 3900 662 3958 ferocitatem
672 3903 784 3974 copiosa
799 3906 975 3977 ewangelicae
1026 3908 1198 3974 successerit,
1220 3923 1412 3963 memoremus.
1435 3907 1541 3961 Primus
1549 3912 1610 3975 post
1629 3920 1692 3960 eum
1708 3903 1829 3960 domnus

173 3995 237 4054 fidei
253 3997 492 4068 ciaruitdoctrina‚
509 3999 655 4056 sedetiam
676 4009 750 4056 tanta
771 4003 899 4058 virtutum
914 4019 975 4059 me·
1028 4001 1115 4054 imon
1132 3999 1261 4068 (Μθθῖ)
1285 3996 1423 4053 Cithedlae
1452 3993 1614 4065 pontificalis
1641 3992 1760 4065 ⁸d⁰P¹¹¹⁸
1788 4000 1830 4049 ⁶⁸⁸

174 4087 228 4143 ruit
255 4087 386 4143 illustrari
413 4089 510 4162 gratia,
538 4098 566 4145 ut
590 4088 677 4145 filium
699 4091 830 4164 principis
858 4092 976 4149 civitatis
1029 4094 1277 4169 dignitatem(ll)·,
1294 4093 1524 4167 quicumeodem
1542 4090 1665 4149 videlieet
1684 4107 1736 4148 suo
1752 4107 1828 4162 pras-

173 4175 298 4246 ejusdem
312 4178 371 4233 suis
381 4178 507 4249 precibus
517 4179 675 4236 suscitatum
690 4196 706 4235 a
720 4189 809 4236 morta
821 4182 977 4238 restitueret
1028 4187 1175 4242 decessore
1202 4185 1283 4241 beato
1311 4185 1452 4239 liausueto
1480 4181 1626 4253 requiescit
1653 4180 1680 4236 in
1710 4179 1830 4238 ecclesia

177 4264 341 4320 incolumem
358 4265 428 4322 vitae.
442 4265 502 4336 Quo
513 4267 645 4325 miraculo
655 4269 858 4342 territuspater,
871 4271 976 4328 devotae
1029 4276 1140 4348 praefate
1153 4273 1319 4331 sanctissimi
1344 4271 1530 4343 apostolorum
1559 4269 1693 4341 principis
1709 4269 1783 4325 Petri
1796 4268 1828 4336 ⁸¹,

176 4350 239 4407 fidei
258 4353 359 4409 Christi
374 4355 475 4410 collum
496 4357 643 4424 summisit,
658 4360 787 4430 omnique
801 4376 897 4416 errore
912 4361 975 4416 dia·
1030 4366 1152 4435 Quorum
1166 4363 1284 4428 meritis,
1302 4362 1330 4417 id
1346 4370 1386 4416 est
1400 4357 1629 4415 sauctiilansueti
1640 4366 1723 4430 atque
1736 4357 1829 4429 praeli·

175 4440 230 4495 boli
245 4457 265 4488 n
279 4442 400 4509 excluso,
417 4458 478 4498 cum
495 4442 550 4499 filio
563 4454 589 4500 et
604 4446 678 4501 omui
694 4462 863 4518 paganorum
879 4449 977 4506 ‚nulti-
1029 4454 1085 4510 beli
1100 4453 1173 4509 beati
1187 4450 1312 4517 emonis,
1328 4449 1434 4522 plurimi
1450 4447 1578 4511 cecitatis,
1603 4447 1688 4518 leprae
1703 4462 1736 4503 ac
1749 4447 1773 4477 ⁸¹
1786 4444 1829 4503 fe·

174 4529 269 4586 tudine
283 4546 299 4584 a
313 4541 407 4588 sancto
421 4533 559 4589 biansueto
582 4535 752 4606 baptismatis
768 4539 865 4593 meruit
881 4537 977 4609 purifi·
1030 4544 1086 4599 bris
1107 4550 1316 4612 ceterorumque
1334 4539 1501 4610 languorum
1527 4535 1681 4607 egritudine
1705 4534 1828 4607 detenti,

173 4619 231 4676 ceri
245 4619 365 4676 lavacro.
381 4621 534 4676 Emendate
551 4623 635 4694 igitur
648 4626 721 4679 omni
737 4625 871 4682 idolorum
886 4645 979 4700 supcr-
1029 4629 1307 4689 redduntursanitati.
1319 4627 1360 4683 nd
1373 4642 1488 4698 quorum
1498 4624 1735 4697 patrociniamulti
1745 4640 1828 4696 reges

173 4708 282 4765 stitiosa
295 4726 326 4766 ac
340 4725 408 4767 vana
431 4712 563 4783 spurcitia
578 4710 606 4780 ¹⁷,
629 4713 766 4772 edificavit
784 4717 822 4772 ibi
851 4720 967 4779 Domino
982 4714 1008 4776 D
1023 4730 1048 4778 et
1062 4721 1198 4794 principes
1213 4719 1307 4777 venire
1322 4722 1528 4784 consueverant,
1538 4713 1827 4787 atqueeorumlccum

813 4890 938 4950 VARIAE
959 4891 1170 4951 LEGTIONES.

208 5010 451 5076 ¹itci‚‹lcest1.
493 5010 669 5066 ’merlus
710 5013 928 5085 ⁸qpatrociniis
944 5018 1059 5075 Domino
1074 5019 1193 5073 donante
1208 5015 1329 5090 regimur
1345 5013 1388 5070 vel
1404 5027 1557 5085 quonrmr.
1576 5012 1649 5068 Μ.
1697 5011 1788 5068 ‘cetu
1803 5011 1825 5067 1.

173 5076 401 5138 ‘leuchorumtt
440 5081 703 5140 ‘videlicetsencto
731 5086 873 5145 Mansuete
893 5089 1006 5161 dignum
1022 5097 1064 5145 est
1091 5098 1118 5145 ut
1145 5088 1211 5145 cdd.
1227 5092 1254 5145 2.
1272 5091 1297 5142 3.
1346 5084 1423 5141 'fuit
1437 5085 1510 5140 enim
1531 5087 1558 5138 t.
1574 5085 1601 5138 3.
1642 5079 1826 5138 'scottorum

175 5156 204 5208 2.
252 5149 408 5210 'deseth
457 5153 608 5211 ¹⁰ins.³.
651 5152 670 5183 ¹¹
686 5158 767 5212 etiam
786 5161 815 5215 i.
860 5159 928 5215 1¹de
943 5177 968 5215 s.
996 5161 1096 5217 descen
1125 5160 1267 5216 cuntant.
1311 5156 1425 5212 ¹'b.m.
1449 5156 1552 5213 derant
1573 5154 1599 5209 i.
1620 5157 1646 5210 3.
1687 5150 1709 5182 ¹⁸
1731 5153 1827 5224 repel-

175 5220 272 5278 fsndas
300 5226 326 5276 t.
370 5223 542 5282 l'sterililf
598 5222 618 5255 ¹⁸
633 5226 769 5284 diabolico
792 5235 820 5285 i.
837 5234 862 5285 3.
920 5227 941 5258 ”
967 5230 1149 5295 purificatai,
1205 5228 1224 5258 ¹⁸
1239 5229 1283 5285 dei
1301 5233 1327 5285 2.
1356 5237 1385 5283 3.
1416 5225 1435 5255 ¹⁹
1455 5226 1684 5297 circumquasque
1713 5224 1745 5281 i.
1806 5223 1829 5253 ‘⁶

175 5293 343 5349 estuaret.
389 5292 451 5352 ’¹d.
471 5298 656 5356 etdesueti.
676 5303 705 5356 3.
752 5297 773 5327 ”
800 5303 914 5358 lraecli
965 5300 985 5330 ‘⁸
1010 5303 1199 5358 stemmati.
1242 5301 1261 5329 ¹¹
1278 5318 1304 5356 s.
1323 5301 1396 5355 d.3.
1438 5297 1652 5353 ”irradiata
1691 5294 1713 5326 ’⁸
1745 5294 1827 5369 qnis-

194 5363 272 5419 uisl.
311 5361 332 5392 “
357 5366 524 5423 omuibess.
561 5367 580 5396 ¹⁸
598 5378 713 5428 aeterno.
739 5373 785 5429 ts.
827 5370 939 5429 ”deest
957 5378 982 5429 3.
1019 5372 1040 5402 ⁸⁰
1059 5367 1828 5442 Hoctocotaitomb'.MansuetiebAdsortcscriptcm

174 5381 510 5509 ittamssdlsspfst)
529 5441 665 5499 inseruit.
689 5441 709 5472 ⁸¹
739 5460 786 5515 pr.
805 5444 955 5516 spctrii,
973 5450 999 5500 3.
1037 5443 1058 5473 ”
1088 5445 1158 5500 eti.

949 5569 1064 5628 NOTAE.

212 5661 269 5732 (ts)
284 5657 410 5732 Sequitur
419 5662 622 5723 auctorVitam.
639 5667 668 5724 S.
679 5668 970 5727 nansuerimmtsoue
1055 5669 1113 5737 (ts)
1127 5669 1309 5743 Haecquoque
1324 5684 1357 5724 ex
1368 5664 1488 5724 Adsonis
1497 5664 1560 5723 viu
1569 5664 1599 5723 S.
1610 5664 1746 5725 ummah
1757 5661 1830 5724 lilar

176 5731 301 5791 fabulose
315 5735 508 5808 conscriptam.
1019 5738 1338 5800 adfinemhaustasunt.
1782 5784 1787 5793 .
