3780 6038
171 207 225 268 21⁹
681 208 847 266 florentin
866 207 1012 265 eunetis
1032 206 1307 264 vindocinensis
1410 233 1414 239 ·
1711 200 1714 207 ’
1768 202 1821 259 220

173 335 233 404 ejns
246 333 409 390 investitura
424 335 537 391 haeresis
552 335 714 408 appellatur.
742 332 817 400 Vale,
833 343 860 390 et
875 333 966 390 Simo·
980 335 1008 396 A
1023 340 1064 390 est
1079 331 1130 388 iste
1144 336 1313 400 servassint
1341 330 1402 386 blaa
1416 336 1458 386 est
1476 327 1527 385 ista
1544 326 1663 384 doinus?
1686 325 1749 395 Quo
1761 323 1823 393 jure

173 424 245 478 niam
260 432 287 478 et
304 422 437 479 laicorum
452 423 638 479 investituram
653 423 726 479 omni
755 422 912 489 occasione,
926 420 969 478 vet
1022 420 1148 479 defendis
1162 418 1265 477 villas‘l
1279 418 1380 485 divino,
1392 434 1429 474 an
1444 417 1582 474 huniandi
1599 415 1727 471 Divinum
1738 414 1784 484 jus
1794 414 1823 468 in

173 511 293 586 qualibet
306 511 511 584 dispensatione
525 513 647 585 seposita
660 513 825 586 impugnare
837 510 965 584 satagite.
1023 509 1171 582 seripturis
1183 509 1327 576 habemus,
1339 509 1488 564 humanum
1501 507 1546 577 jus
1555 505 1583 561 in
1592 504 1701 578 legibus
1715 518 1821 577 regum.

546 690 592 745 IV.

193 828 229 868 DE
248 828 452 869 POSSESSlONUM
472 828 735 869 ecclesusttcittttttt
753 826 944 877 INVESTITUEA,

384 917 458 965 QUOD
477 918 595 958 REGIBUS
612 918 807 959 consuburtia.

205 1035 267 1091 Nou
281 1034 317 1089 sit
331 1034 538 1107 imperatoribus
552 1044 577 1092 et
593 1035 706 1109 regibus
731 1035 874 1091 molestum
891 1035 964 1106 quod

170 1123 297 1189 dicimus,
312 1140 363 1180 nec
389 1124 584 1180 consuetudine
612 1123 663 1179 sibi
677 1124 818 1180 vindicare
837 1124 969 1190 nitantur,

170 1212 243 1282 quod
258 1212 297 1268 eis
315 1212 430 1268 veritate
444 1222 566 1284 negatur.
581 1213 649 1269 Cum
660 1212 748 1279 laicis,
765 1213 846 1268 etiam
861 1213 971 1284 religio-

170 1301 220 1366 sis,
236 1300 470 1372 disponendarum
485 1301 671 1358 Ecclesiamm
699 1301 743 1358 vel
766 1301 969 1358 ecclesiastica-

171 1404 231 1444 rum
246 1405 337 1444 rerum
352 1389 441 1444 omnis
456 1390 573 1446 facultas
586 1390 620 1444 ab
635 1389 766 1461 apostolis
781 1390 968 1461 prohibeatur,

170 1476 343 1532 manifestum
358 1487 398 1533 est
415 1480 484 1549 quod
500 1479 539 1534 eis
556 1479 712 1535 investitura
729 1487 846 1551 negatur
860 1479 894 1533 ab
910 1479 968 1550 ipsa

171 1567 301 1633 veritate,
319 1580 335 1622 a
350 1566 457 1623 Christo
472 1568 609 1638 videlicet,
626 1568 714 1640 quiin
729 1568 861 1640 apostolis
873 1568 969 1641 loque·

170 1654 262 1709 batur.
282 1654 363 1724 Quod
378 1665 469 1712 autem
485 1657 609 1713 Christus
624 1657 652 1712 in
660 1657 792 1728 apostolis
802 1656 907 1714 loeutus
921 1657 966 1724 sit,

171 1742 270 1798 Paulus
284 1745 424 1814 apostolus
439 1746 539 1802 asserit
552 1745 665 1802 dicens:
681 1746 730 1802 An
741 1749 967 1818 experimentum

171 1831 232 1902 ejus
242 1834 379 1904 puniatis,
391 1834 439 1905 qui
448 1852 479 1891 en
488 1852 530 1890 mc
543 1836 668 1908 loquitur
691 1835 839 1892 Clientes?
853 1835 892 1908 (ll
906 1837 966 1905 Cer,

1023 599 1101 657 Unde
1116 597 1232 671 quisque
1258 596 1390 670 possidet,
1407 595 1481 670 qued
1500 594 1631 667 possidet,
1655 607 1750 648 nonne
1761 591 1823 660 jure

1023 687 1166 744 humano‘.>
1176 702 1241 742 nam
1253 688 1313 757 jure
1328 684 1438 742 divino:
1453 686 1570 742 Domini
1580 687 1623 739 ert
1634 686 1712 738 terra
1726 684 1755 737 ct
1762 681 1823 754 pte·

1024 785 1125 842 attede
1135 786 1195 857 ejus
1204 785 1293 856 (Psal.
1308 798 1389 848 xxiii,
1401 783 1440 853 l).
1457 789 1594 853 Pauperes
1602 789 1629 836 ει
1638 778 1737 835 divites
1749 779 1824 833 Deus

1024 883 1059 941 de
1074 900 1130 939 uno
1145 884 1201 939 luto
1216 882 1289 948 lecit,
1306 882 1440 938 etdiviles
1454 885 1482 937 et
1506 895 1640 953 pauperes
1665 894 1723 934 una
1747 884 1823 933 terra

1025 981 1175 1045 supportat.
1191 973 1258 1027 lure
1272 971 1490 1027 tamenhumano
1505 969 1592 1026 dicis:
1609 969 1673 1024 Hac
1687 964 1823 1022 meavilla

1024 1066 1076 1128 est,
1092 1062 1152 1119 hec
1166 1061 1263 1116 domus
1278 1075 1349 1128 mea,
1363 1060 1408 1115 liic
1418 1075 1516 1115 servus
1525 1074 1604 1114 nicus
1616 1064 1668 1113 est.
1680 1057 1745 1111 lure
1756 1069 1823 1126 ergo

1022 1159 1155 1227 humano,
1167 1157 1228 1227 jure
1254 1157 1460 1228 imperatomm,
1478 1156 1585 1229 quare?
1612 1152 1674 1226 quia
1687 1152 1747 1223 ipsa
1760 1151 1824 1221 jura

1023 1248 1143 1303 hnmana
1156 1263 1205 1317 per
1218 1246 1399 1318 imperatores
1413 1253 1439 1300 ει
1456 1258 1536 1317 reges
1564 1241 1658 1299 seculi
1672 1242 1749 1297 Deus
1764 1239 1823 1295 dis·

1023 1344 1116 1400 tribuit
1128 1343 1261 1400 Ecclesia
1288 1359 1358 1399 suae.
1380 1366 1391 1391 i
1408 1343 1525 1397 Possunt
1548 1341 1641 1412 itaque
1656 1339 1718 1394 sine
1733 1337 1823 1394 offen·

1022 1433 1099 1489 sione
1111 1431 1199 1505 leges,
1216 1440 1278 1503 post
1292 1431 1453 1488 electionem
1469 1428 1628 1487 canonicam
1637 1438 1664 1485 et
1678 1440 1822 1484 conseera-

1023 1520 1133 1587 tionem,
1146 1536 1197 1592 per
1223 1520 1409 1575 investituram
1438 1518 1560 1591 regalem
1585 1517 1614 1571 iii
1629 1514 1822 1572 ecclesiasticis

1022 1610 1244 1682 possessionibus
1259 1608 1476 1675 concessionem,
1493 1606 1623 1662 auxilium
1638 1613 1666 1662 et
1679 1603 1820 1660 defensio-

982 1694 1008 1753 Β
1023 1724 1086 1762 nain
1097 1706 1225 1779 episcopo
1235 1706 1311 1772 dare,
1324 1706 1396 1777 quod
1406 1705 1527 1778 quolibet
1538 1703 1619 1777 signo
1631 1700 1822 1758 lactumeiisti'

1022 1796 1095 1862 terit,
1110 1795 1170 1871 regi
1185 1794 1228 1851 vel
1243 1793 1375 1866 pontifici,
1392 1811 1440 1851 seu
1466 1793 1608 1850 catholicae
1621 1791 1686 1847 fidei
1700 1807 1757 1847 non
1773 1805 1822 1846 ne-

1023 1895 1105 1950 cabit.
1136 1894 1223 1950 Voluit
1250 1893 1338 1949 benus
1364 1892 1497 1948 Dominus
1524 1899 1550 1948 et
1574 1890 1706 1964 magister
1729 1895 1823 1943 noster

172 1935 233 1987 xiii,
249 1923 288 1992 3.)
316 1922 383 1977 Cum
401 1922 487 1996 igitur
502 1924 800 1988 Christusveritassit,
825 1925 968 1997 sicutipse
1080 1983 1085 1993 ,
1198 1981 1227 1993 ,,
1421 1980 1426 1992 ,
1621 1978 1627 1989 .
1794 1975 1800 1987 .

172 2008 257 2064 dixit:
275 2011 328 2083 Epo
342 2028 406 2069 mm
416 2015 521 2071 ven-tas
535 2013 628 2085 (low.
644 2031 701 2080 m,
716 2015 752 2084 5),
769 2029 820 2070 nee
836 2030 967 2086 unquam,
1022 1984 1146 2039 Christus
1163 1981 1329 2054 spiritualem
1354 1979 1473 2052 gladium
1492 1987 1519 2036 et
1533 1978 1702 2035 materialem
1716 1992 1780 2032 esse
1794 1991 1822 2029 iu

172 2098 233 2169 Ego
248 2116 305 2154 sum
320 2102 499 2169 commuuio,
529 2102 630 2158 dixerit
649 2120 655 2166 ;
683 2102 728 2174 qui
745 2102 913 2158 Christianus
927 2110 969 2158 est
1022 2080 1183 2136 defensione
1198 2079 1339 2136 Ecclesiae.
1356 2078 1435 2177 Quod
1451 2077 1474 2133 si
1488 2078 1559 2133 alter
1571 2082 1605 2131 ab
1619 2076 1706 2131 altero
1722 2081 1822 2130 vetun-

172 2187 318 2256 chspsmm,
334 2198 360 2245 ει
375 2190 421 2263 qui
435 2206 486 2246 m
501 2199 552 2262 εει,
569 2192 674 2264 Regem
691 2207 798 2264 regum,
815 2190 903 2263 ipsam
920 2192 968 2248 sci,
1022 2168 1105 2233 ditur,
1130 2169 1184 2224 hoc
1212 2167 1243 2222 lit
1270 2175 1364 2223 contra
1375 2165 1447 2222 illius
1476 2164 1653 2221 voluntatem.
1666 2164 1724 2218 Hac
1738 2176 1822 2218 occa·

173 2273 237 2332 licet
251 2277 402 2346 veritatem,
418 2287 557 2351 sequatur,
573 2296 638 2347 non,
667 2280 906 2336 cousuetudinem.
938 2280 969 2334 ln
1023 2265 1145 2323 ⁸l⁰ss0d0
1173 2265 1376 2339 tessss0i¹1⁹lili⁸
1404 2263 1515 2332 ¹⁰l¹ll¹¹¹l
1533 2271 1559 2319 θῑ
1572 2277 1624 2334 1¹³¹
1640 2261 1674 2317 de
1684 2259 1818 2324 Ecclesia,

173 2363 367 2423 ecclesiasticis
378 2368 606 2439 possessionibus,
615 2369 798 2441 quamvlsjnec
811 2370 839 2424 in
849 2369 967 2442 legibus,
1023 2355 1152 2412 Sssassdfllfl
1167 2355 1334 2412 suscitantur
1349 2362 1376 2410 ⁰¹
1390 2353 1544 2420 schismata,
1573 2358 1600 2407 el
1623 2349 1653 2404 fil
1666 2349 1822 2405 mmmm

173 2467 225 2510 nec
239 2453 266 2509 in
282 2455 435 2511 canonibus
448 2456 610 2524 inveniatur,
626 2466 714 2514 tamen
730 2458 970 2529 prepterscanda-
1024 2451 1139 2522 perditio
1154 2450 1234 2506 simul
1250 2460 1276 2507 et
1291 2465 1448 2523 corporum.
1460 2449 1687 2519 Eldumregnum
1697 2451 1725 2501 et
1736 2445 1820 2516 286

171 2548 227 2606 lum
242 2558 270 2606 et
284 2550 409 2609 schisma
423 2553 571 2624 vitandum,
589 2555 651 2611 talis
670 2557 753 2626 284
769 2555 881 2625 regibus
894 2556 970 2612 inve·
1024 2552 1218 2620 sacerdotium,
1234 2568 1316 2608 unum
1331 2552 1365 2607 ab
1379 2553 1474 2617 altero,
1491 2551 1680 2623 impugnatur,
1708 2547 1821 2621 pericli-

173 2653 268 2709 stitura
279 2657 444 2725 conceditur,
460 2665 490 2712 ut
504 2674 557 2714 nec
570 2658 622 2729 ipsi
649 2666 764 2731 propter
778 2659 831 2714 hoc
843 2669 967 2730 pereant,
1023 2650 1094 2697 ¹⁸²⁰?
1104 2649 1256 2713 umque·
1272 2642 1341 2696 Nam
1356 2656 1404 2697 rel
1420 2640 1597 2697 0¹fl0ffl³¹¹¹¹⁵
1608 2637 1742 2709 Ρθῡῑῑῖθῐι
1757 2652 1822 2693 ⁰⁰⁰¹

172 2757 223 2798 nec
238 2751 333 2800 sancta
346 2746 472 2803 Ecclesia
486 2747 676 2803 detrimentum
698 2747 826 2819 patiatur.
849 2748 968 2803 liivesti-
1023 2757 1093 2796 uuus
1107 2749 1204 2796 eontra
1218 2739 1312 2806 alium,
1338 2740 1405 2795 alter
1434 2754 1485 2810 pro
1510 2737 1590 2810 regni
1610 2736 1819 2801 consuetudine,

172 2832 259 2881 turam
273 2843 321 2899 per
336 2829 442 2903 virgam
457 2839 484 2886 et
510 2832 640 2886 annulum
655 2831 790 2902 accipere,
823 2831 875 2886 nisi
889 2847 905 2888 a
919 2848 969 2888 ano
1023 2829 1091 2885 alter
1105 2844 1156 2900 pro
1171 2828 1301 2885 Ecclesiae
1317 2828 1442 2884 libertale
1457 2827 1580 2899 erigitur,
1599 2841 1718 2898 regnum
1746 2824 1822 2879 illam

173 2923 376 2985 consecratore,
393 2919 562 2976 manileatiim
585 2929 703 2976 estesse
719 2918 890 2986 damnosum,
906 2921 969 2993 quia
1022 2926 1247 2983 consuetudinem
1261 2926 1388 2981 obtinere
1403 2940 1455 2981 nec
1482 2931 1581 2996 potest,
1598 2937 1650 2979 nec
1666 2921 1778 2994 peterit,
1794 2929 1822 2977 et

173 3004 239 3060 nulli
254 3005 325 3063 laico
339 3007 403 3065 licet
415 3008 463 3064 illa
477 3009 610 3066 Ecclesiae
620 3018 793 3066 sacramenta
808 3009 885 3076 dare,
899 3009 968 3066 sicut
983 3047 1007 3109 C
1022 3014 1145 3070 Ecclesia
1160 3031 1216 3069 suae
1230 3013 1363 3070 libertatis
1378 3013 1475 3069 amittit
1489 3012 1651 3084 plurimum.
1683 3012 1739 3068 Rei
1755 3026 1822 3082 praa·

172 3092 198 3148 ci
212 3108 267 3149 non
281 3095 343 3153 licet
357 3098 516 3169 episcopum
530 3112 709 3154 consecrare.
738 3098 793 3154 llus
809 3097 891 3153 etiam
906 3114 966 3169 quae
1021 3111 1097 3159 terea
1110 3112 1287 3159 sacrosancta
1297 3102 1490 3159 communione
1504 3102 1606 3173 pariter
1614 3109 1639 3157 ει
1646 3100 1724 3171 regia
1734 3097 1823 3172 digni·

173 3183 258 3238 semel
272 3185 479 3242 Ecclesiaedatae
489 3195 563 3253 sunt,
575 3202 657 3258 reges
667 3187 764 3243 iterum
781 3202 829 3242 eas
839 3186 914 3252 dare,
925 3186 968 3242 vel
1022 3199 1079 3248 aare
1094 3192 1230 3264 privetur3
1245 3207 1262 3248 a
1277 3192 1400 3247 Romano
1431 3206 1495 3247 vero
1509 3189 1637 3263 pontilice
1662 3188 1762 3260 multis,
1774 3186 1822 3262 qni

174 3268 208 3326 ‘¹0
222 3271 289 3342 ἰΡδίε
317 3273 457 3340 {mediter
488 3290 540 3330 1¹2⁰
569 3275 670 3331 debent
698 3290 749 3332 ¹¹20
774 3274 968 3330 ⁰⁰¹¹l⁰¹¹i⁰11101³
1022 3289 1075 3345 sibi
1090 3289 1194 3345 servire
1207 3289 1370 3354 debuerant,
1379 3286 1544 3345 necessitate
1556 3293 1673 3360 cogente
1684 3286 1817 3343 servitur:

173 3362 477 3430 pessunl.Nemalicui
493 3363 841 3434 darequodliabet‚etdc
857 3364 908 3419 boe
924 3364 967 3417 in·
1022 3387 1111 3461 etqui
1138 3385 1305 3459 ,pontifice
1332 3387 1474 3442 doeendus
1502 3394 1571 3452 em,
1601 3393 1628 3440 ep
1648 3383 1821 3441 ducendus„

173 3446 275 3503 vestire
290 3448 408 3522 aliquem
423 3451 496 3522 quod
511 3451 621 3521 illeJam
635 3456 720 3518 tenet,
744 3452 911 3523 superfluum
927 3460 969 3508 est
1022 3501 1097 3558 rege,
1113 3501 1161 3540 mx
1176 3493 1202 3541 el
1216 3483 1337 3556 pontifex
1355 3484 1486 3556 popupum
1502 3484 1639 3554 sequitur·
1668 3482 1757 3538 Habe,
1771 3497 1820 3538 au,

173 3552 340 3646 ειιιιιιιιιιιη1
368 3556 536 3647 nontamen
565 3549 671 3605 videtui
698 3549 887 3606 criminosum.
904 3550 967 3605 illia
1021 3581 1077 3631 ,em
1091 3572 1337 3645 Ecclesiamoem,
1354 3583 1380 3629 ει
1408 3589 1525 3646 regnum
1545 3571 1693 3642 justifiam:
1719 3571 1821 3628 habe„

172 3641 266 3704 utrque
278 3639 321 3691 est
333 3645 504 3705 investitura,
523 3654 583 3710 quse
598 3638 759 3709 episcopum
785 3637 900 3709 perdicit,
917 3638 968 3693 alia
1020 3677 1068 3718 rex
1084 3662 1318 3728 consuetudinem,
1336 3663 1384 3717 ,ed
1400 3661 1510 3729 bonam¹
1524 3677 1579 3717 non
1594 3676 1677 3733 quam
1693 3660 1767 3717 male
1778 3676 1821 3717 m,

173 3737 239 3778 vero
252 3739 312 3796 quae
323 3724 483 3795 episcopum
495 3727 589 3798 pascit.
608 3725 658 3781 llla
672 3743 704 3782 eii
734 3725 827 3782 divino
838 3726 898 3795 jure
915 3727 967 3782 lia·
1021 3751 1119 3823 poscit,
1137 3750 1281 3823 sedquam
1297 3750 1513 3821 supradiximus
1541 3749 1743 3807 investituram.
1763 3750 1821 3805 lla-

174 3809 261 3879 betur,
277 3812 327 3869 ista
340 3830 373 3870 eit
385 3814 448 3884 jure
474 3815 607 3870 hnmano.
628 3815 761 3872 Subtrabe
773 3816 818 3884 jiis
832 3816 966 3883 divinum,
1022 3850 1085 3905 beat
1098 3848 1222 3905 Ecclesia
1237 3864 1314 3903 suam
1328 3847 1492 3917 nmmum,
1521 3847 1571 3902 sed
1586 3861 1759 3919 summopere
1772 3862 1821 3902 ca·

173 3900 349 3971 spiritualiter
362 3903 505 3976 episcopus
520 3919 575 3959 non
584 3913 698 3961 creatur.
712 3904 845 3960 Subtrabe
857 3904 902 3973 jus
915 3905 967 3959 hu·

173 4004 294 4058 manum,
308 3992 500 4063 possessiones
528 3993 634 4061 amittit,
647 3993 746 4064 quibus
758 3992 818 4063 ipse
832 4007 966 4064 corpora-

173 4078 236 4134 liter
261 4088 442 4137 sustentatur.
460 4082 522 4138 Non
547 4083 621 4137 enini
648 4080 968 4152 possessionesliabeiet

172 4168 305 4236 Ecclesia,
321 4169 374 4225 nisi
388 4170 439 4225 sibi
453 4187 469 4225 a
481 4171 597 4244 regibus
610 4171 790 4238 donarentur,
811 4178 836 4225 et
852 4169 886 4224 ab
901 4169 968 4241 ipsis

172 4272 227 4312 non
242 4258 351 4328 quidem
365 4259 464 4315 divinis
478 4260 668 4328 sacrementis,
685 4260 733 4315 sed
744 4258 967 4331 possessionibus

171 4347 291 4401 terrenis
316 4347 520 4405 investirentur.
539 4350 578 4404 Ex
590 4349 651 4416 jnre
666 4348 761 4405 divino
780 4346 892 4420 regibus
907 4348 967 4419 qui·

172 4433 234 4490 dein
249 4441 275 4490 et
289 4434 497 4506 imperatoribus
525 4436 713 4504 domitiamnr;
736 4437 802 4508 ipsis
827 4445 918 4492 tamen
934 4454 966 4493 eii

171 4523 269 4578 eodem
279 4523 350 4592 jure,
366 4524 430 4596 quia
445 4525 542 4580 Christi
558 4525 668 4589 Domini
683 4535 753 4593 sunt,
770 4526 902 4581 honorem
918 4525 966 4581 dc·

170 4613 307 4669 bemuset
320 4613 513 4680 reverentiam,
537 4614 607 4669 sicut
623 4614 686 4670 dicit
712 4616 859 4687 Apostolus
875 4632 882 4670 :
913 4617 966 4671 lte-

169 4719 230 4775 pern
255 4704 424 4760 reveremini
449 4703 556 4774 (ll’etr.
581 4718 611 4772 ii,
627 4705 682 4774 ll).
712 4705 753 4760 Eii
777 4704 845 4776 jure
872 4709 964 4759 autem

169 4793 288 4848 humano
303 4800 406 4848 tantuin
429 4791 483 4847 illis
504 4793 646 4859 debemus,
662 4801 794 4864 quantum
809 4792 966 4864 possessio·

169 4897 219 4937 nes
233 4881 380 4955 diligimus,
396 4881 493 4955 quibus
503 4883 538 4937 ab
553 4881 631 4952 ipsis,
647 4883 690 4938 vel
705 4898 721 4937 a
735 4882 895 4953 parentibus
910 4880 967 4936 suis

168 4970 294 5027 Ecclesia
307 4971 393 5027 ditata
404 4980 431 5027 et
458 4971 585 5026 investita
612 4971 795 5043 dignoscitur.
829 4971 907 5028 Unde
923 4973 955 5028 B.

167 5059 337 5130 Augustinus
349 5076 433 5132 super
446 5061 580 5117 loannem
595 5060 634 5117 sic
647 5059 768 5133 loquitur
785 5077 790 5112 :
812 5084 822 5107 a
841 5059 905 5115 Noli
919 5061 965 5117 di-

170 5162 242 5202 cerc.
260 5145 331 5215 Quid
345 5148 412 5203 milii
441 5158 468 5204 et
483 5149 541 5222 regi
551 5150 565 5204 t
577 5148 649 5217 Quid
664 5149 712 5205 tihi
735 5158 760 5204 et
776 5149 967 5220 possessioni?

170 5243 241 5299 Neai
255 5258 305 5313 ρει
318 5244 381 5314 juia
404 5262 500 5318 regum
517 5247 599 5317 285
615 5247 806 5318 possessiones
823 5248 966 5304 habentur.

170 5343 203 5400 Si
220 5358 286 5399 veie
298 5343 410 5411 dixeris,
426 5344 499 5414 Quid
512 5346 578 5401 milii
593 5355 619 5402 et
633 5348 715 5419 regi?
730 5348 786 5404 noli
809 5348 863 5418 jam
874 5348 968 5406 dicere

170 5433 359 5504 possessiones
374 5441 444 5498 tuas,
461 5433 567 5505 quiaad
583 5434 640 5505 ipsa
651 5436 722 5505 iura,
740 5435 838 5508 quibus
852 5452 967 5508 posses-

170 5531 264 5586 siones
279 5531 462 5601 possidentur,
478 5533 649 5589 renuntiasti.
673 5522 748 5589 Nam‘
759 5536 910 5592 secuudum
922 5537 968 5605 jus

169 5620 362 5691 imperatorum
376 5620 502 5693 possides
530 5628 645 5678 terrena.
672 5622 750 5679 Tolle
773 5624 968 5696 imperatorum

168 5706 240 5776 jura,
256 5705 316 5776 quis
330 5706 412 5765 audet
422 5705 524 5775 dicere,
539 5706 600 5766 llea
613 5715 655 5764 est
675 5705 722 5762 illa
737 5708 815 5777 villa,
832 5718 879 5768 aut
892 5711 969 5767 lteris

1022 3954 1095 4012 vent,
1111 3961 1145 4000 ne
1159 3946 1224 4001 duni
1239 3945 1321 4001 nimis
1337 3944 1498 4011 emunxerit,
1514 3944 1604 4000 eliciat
1611 3944 1786 4018 sanguinein,
1793 3952 1822 4000 ει

1021 4044 1086 4100 dum
1101 4043 1255 4117 rubiginem
1270 4043 1304 4098 de
1320 4058 1383 4098 vase
1398 4050 1512 4099 conatur
1526 4042 1651 4111 eredere,
1667 4056 1717 4097 vas
1730 4042 1820 4114 ipsum

1021 4140 1172 4215 frangatur.
1186 4142 1243 4197 lloc
1252 4148 1292 4196 est
1300 4140 1467 4212 praecipuum
1479 4138 1647 4206 discretioni,
1654 4139 1818 4211 membrum,

1020 4229 1130 4302 nequis
1147 4229 1268 4301 qualibet
1283 4228 1391 4285 actione
1405 4228 1536 4285 Ecclesia
1556 4243 1573 4282 a
1587 4227 1685 4283 Satana
1699 4227 1820 4285 circum-

1022 4317 1161 4374 veniatur.
1180 4317 1257 4374 Tunc
1269 4316 1341 4373 enim
1356 4333 1373 4372 a
1387 4317 1489 4372 Satana
1518 4317 1579 4388 quis
1595 4316 1817 4385 circumvenitur,

981 4402 1009 4465 D
1025 4415 1135 4488 quando
1148 4414 1199 4470 sub
1214 4414 1306 4486 speeie
1332 4412 1443 4483 justitiae
1454 4413 1529 4468 illum
1542 4429 1592 4485 ρει
1607 4412 1718 4469 nimiam
1734 4415 1821 4471 tristi-

1020 4512 1086 4567 tiam
1101 4511 1191 4582 perire
1209 4509 1352 4583 contingit,
1368 4510 1414 4580 qui
1425 4509 1510 4581 petiiit
1525 4509 1635 4565 liberari
1664 4526 1716 4582 per
1730 4511 1821 4569 indul·

1021 4600 1156 4675 gentiam.
1176 4599 1819 4672 PraeteieatboiiusetdiscretusAngustinusin

1021 4688 1139 4761 epistola
1154 4689 1187 4743 ad
1201 4688 1408 4744 Parmenianum
1419 4687 1483 4744 dicit
1498 4687 1541 4743 vii
1556 4694 1602 4743 aut
1616 4702 1755 4760 uunquam
1772 4705 1820 4745 eii·

1021 4775 1279 4834 communicandum
1294 4792 1355 4831 eum
1370 4791 1431 4831 esse
1446 4774 1491 4847 qui
1506 4773 1533 4829 in
1548 4773 1622 4830 malo
1632 4790 1717 4847 opere
1731 4775 1818 4831 obsti·

1021 4882 1112 4930 natam
1127 4873 1323 4928 multitudinem
1340 4873 1423 4928 habet
1442 4887 1546 4928 secum.
1558 4872 1630 4927 Nam
1649 4871 1821 4929 tolerabilius

1021 4973 1128 5031 videtur
1141 4973 1188 5028 uni
1203 4987 1327 5044 parcere,
1344 4986 1380 5027 ne
1395 4971 1423 5026 iu
1438 4968 1563 5026 Ecclesia
1571 4972 1690 5028 schisma
1705 4972 1820 5028 semiue·

1021 5069 1065 5118 tui
1078 5061 1272 5133 plurimorum.
1291 5062 1325 5116 Et
1360 5058 1536 5115 beatissimus
1563 5061 1699 5116 doctoret
1713 5070 1821 5133 martyr

1022 5163 1175 5236 Cyprianus
1190 5161 1303 5229 asserit,
1320 5161 1436 5218 dicens:
1456 5162 1537 5232 28¹7
1554 5160 1680 5217 Schisma
1702 5177 1757 5218 non
1779 5170 1821 5219 est

1023 5259 1176 5316 laciendum
1190 5259 1298 5316 etiamsi
1312 5258 1340 5314 iii
1355 5259 1455 5314 eudem
1472 5255 1534 5324 tide,
1551 5266 1578 5314 et
1592 5257 1619 5312 in
1633 5258 1728 5315 eadem
1737 5258 1823 5316 tradi·

1022 5347 1096 5403 tione
1110 5362 1165 5402 non
1179 5352 1339 5419 permaneat
1352 5347 1399 5418 qui
1414 5346 1530 5403 recedit.
1550 5346 1585 5401 Et
1592 5345 1722 5403 Salomon
1734 5347 1822 5407 inEc-

1023 5435 1148 5492 clesiaste
1164 5435 1622 5508 :Scindeuatipnapericlltubitur
1632 5437 1721 5506 ineu,
1732 5438 1821 5494 rica·

1022 5534 1123 5592 atterit
1132 5536 1242 5605 serrum
1253 5534 1354 5606 (Eeclc.
1368 5552 1394 5598 ii,
1405 5535 1444 5606 9).
1453 5533 1521 5590 ltem
1531 5533 1559 5588 in
1572 5532 1686 5589 Exodo:
1698 5535 1730 5591 in
1740 5535 1821 5592 ὼιιιι

1023 5640 1082 5680 urie
1093 5623 1256 5680 comedetur
1266 5642 1273 5688 ;
1285 5642 1342 5682 nera
1352 5622 1472 5696 ejicietis
1482 5621 1516 5678 de
1527 5621 1607 5680 demo
1618 5638 1736 5680 earnem
1744 5626 1823 5696 seraa

1024 5711 1253 5785 hereditate).
1280 5713 1322 5769 Ex
1350 5712 1451 5785 quibus
1474 5709 1570 5771 verbis
1591 5709 1732 5784 eolligunt·
1758 5729 1821 5771 euin
