3780 6038
109 215 141 293 ³i
606 210 772 268 coartatur
797 210 941 266 tatutis
963 211 1022 265 vta*
1043 207 1256 265 auctaassts
1728 213 1763 266 32

109 337 240 394 diaconus
268 343 383 399 tantum,
408 336 653 400 Bernouemortuo,
664 334 775 405 quintus
787 335 909 403 ejusdem
923 336 947 397 Α
965 333 1082 389 arbitros
1096 332 1299 398 coutroversiae,
1316 348 1376 404 ‹prae
1390 330 1423 389 de
1439 334 1569 401 majoratu
1586 340 1612 388 et
1626 334 1763 390 senescal-

108 424 501 483 coenobiiabbasreuuutiatus
520 431 572 479 est.
586 423 696 479 Tumab
707 424 789 479 lvone
800 423 906 479 Carno-
963 421 1006 478 cia
1021 420 1146 477 Francite
1169 421 1204 475 ab
1219 420 1429 492 andegavorum
1455 422 1553 477 comite
1581 422 1757 477 movebatur.

110 514 180 571 tensi
194 514 324 585 episcopo
337 518 524 586 inauguratus,
539 512 708 583 Romamque
724 511 758 566 ad
766 510 906 566 Urbanum
962 503 1157 566 ltlonasterium
1177 524 1281 563 summa
1296 525 1363 564 cura
1376 517 1401 563 et
1417 509 1557 581 vigilantia
1586 511 1665 574 rexit,
1682 510 1720 565 ita
1734 520 1763 566 ut

111 605 145 668 ll,
162 601 330 658 Guibertiuae
349 600 473 656 factionis
487 606 561 656 metu
575 600 736 664 latitantem,
760 596 906 671 proiectus,
963 598 1066 653 nullum
1082 597 1128 653 illo
1144 605 1201 652 tota
1217 596 1323 657 Gallia,
1335 598 1407 669 quod
1423 599 1761 670 nouunolocopraedicat,

113 691 259 747 immortali
286 688 440 760 pontificem
468 687 602 744 beneficio
629 687 759 754 devinxit,
790 686 909 758 pecunia
963 703 996 742 ea
1010 693 1090 741 aetate
1105 686 1257 741 ordinatius
1270 686 1485 751 haber-emmer
1500 702 1660 758 quanquam
1690 704 1762 744 non·

108 780 182 836 ande
197 781 368 837 Lateranum.
385 785 412 831 et
423 777 518 831 turrim
539 776 725 832 Crescentiam
751 775 906 841 redimeret,
963 775 1044 831 nullis
1053 774 1177 846 asperior
1200 774 1355 835 videbatur,
1372 774 1430 845 ipse
1445 782 1536 830 tamen
1561 791 1590 830 se
1605 776 1640 830 ad
1667 775 1761 831 indul-

109 867 210 923 affatim
229 865 339 922 collata.
357 864 417 934 Quo
432 865 542 920 nomine
558 864 662 936 primus
675 864 795 920 omnium
811 864 907 935 pedem
962 864 1081 937 gentiam
1096 872 1192 918 natura
1216 863 1369 933 proniorem
1383 863 1465 918 tuisse
1476 864 1583 919 scribit.
1611 866 1762 921 Proventus

111 953 258 1012 Urbanoin
281 953 347 1010 sede
375 952 514 1025 pontilicis
536 969 599 1009 cum
624 954 757 1007 Laterano
785 952 910 1006 restituta
963 968 1027 1007 vero
1043 955 1126 1023 atque
1140 959 1346 1021 opesexternas
1362 952 1402 1007 sic
1417 951 1603 1022 amplificavit,
1619 961 1649 1007 ut
1661 969 1760 1009 rnona-

111 1044 248 1101 osculatus
261 1051 311 1099 est.
338 1044 360 1096 t
376 1056 429 1112 quo
445 1049 471 1097 et
486 1042 635 1112 presbyter
645 1050 781 1101 sacratus,
809 1040 909 1097 Eccle-
964 1040 1077 1096 sterium
1092 1039 1761 1113 duploquamacceperat,locupletinscopiosius-

110 1132 177 1187 siam
193 1132 273 1187 etiam
290 1132 323 1186 B.
344 1129 453 1195 Priscae,
464 1130 536 1185 unde
552 1129 793 1186 viaGuitbertinis
813 1129 910 1197 dejecti
964 1145 1018 1201 que
1042 1129 1194 1200 reliquerit.
1228 1128 1283 1183 Sed
1298 1128 1388 1183 multae
1409 1129 1459 1195 ilii,
1476 1138 1505 1184 ut
1526 1145 1586 1185 tuos
1614 1138 1665 1194 est,
1695 1131 1761 1186 dum

112 1221 220 1277 fuerant
234 1216 461 1284 vindocinenses,
472 1233 533 1274 cum
543 1234 649 1273 annexa
663 1217 807 1273 cardinalis
821 1217 911 1288 digui-
964 1217 1076 1289 antiqua
1087 1217 1224 1288 illiusjura
1234 1217 1762 1288 etpossessionestueretur,cumvicinis

112 1317 166 1364 tate
181 1307 349 1380 postliminio
364 1307 479 1375 recepit.
495 1307 631 1361 Reversus
647 1307 672 1360 in
687 1305 791 1359 Gallias
806 1305 910 1360 Salmu-
964 1306 1110 1376 episcopis,
1128 1306 1272 1360 abbatibus
1295 1313 1321 1360 et
1335 1305 1504 1376 principibus
1519 1306 1584 1360 uiris
1611 1307 1761 1364 subeundae

111 1413 171 1452 rum
188 1396 222 1452 ad
235 1395 356 1467 Ligerim
385 1393 782 1465 eodemipsoanno,quiiuit
812 1389 911 1449 Christi
964 1394 1133 1450 molestiaeet
1149 1395 1337 1449 contentiones
1360 1394 1480 1449 luerunt.
1501 1395 1615 1467 ingenio
1631 1395 1679 1449 luit
1702 1396 1760 1451 acri

112 1485 192 1552 tuat,
206 1484 241 1540 ab
258 1484 375 1555 lingone
390 1482 480 1555 legato
493 1483 527 1538 ad
536 1482 662 1538 Falconis
676 1482 789 1538 Rechini
804 1482 911 1539 comitis
965 1490 992 1537 et
1006 1482 1097 1537 tivido
1108 1483 1196 1554 ;quod
1211 1483 1238 1536 in
1266 1483 1352 1538 sacris
1368 1482 1504 1553 praecipue
1520 1482 1616 1538 litteris
1644 1485 1760 1538 eanoni-

111 1573 294 1644 expiatiouem
310 1571 415 1628 accitus
443 1579 498 1626 est.
531 1572 598 1626 Tum
614 1570 737 1643 sequenti
762 1586 822 1625 mox
840 1587 911 1625 anuo
965 1571 1069 1643 busque
1084 1571 1761 1645 exercitatumomuiapassimoperacumsingula-

113 1663 148 1717 nd
164 1661 373 1719 celeberrimum
389 1660 461 1731 apud
486 1663 626 1715 Arvernos
643 1658 787 1716 concilium
811 1659 846 1713 ab
857 1660 908 1715 Ur·
924 1660 986 1746 Bri
997 1661 1056 1729 ejus
1072 1661 1172 1731 pietate
1201 1660 1516 1715 testanturzlibcrtatem
1546 1660 1588 1714 vel
1617 1661 1698 1717 unica
1725 1662 1760 1716 ad

112 1750 184 1805 bano
199 1757 311 1806 vocatus
324 1748 453 1812 interluit,
469 1747 611 1804 adiuturus
625 1748 704 1803 etiam
735 1747 910 1802 Latemuensi
966 1749 1122 1804 Paschalem
1138 1749 1172 1803 de
1186 1748 1353 1803 investituris
1363 1748 1398 1802 ab
1414 1764 1447 1802 eo
1462 1749 1600 1803 concessis
1616 1749 1731 1820 epistola
1751 1767 1759 1806 :

112 1838 254 1895 Paschalis
284 1838 357 1899 ll.et
383 1837 508 1893 Romano
523 1836 587 1892 item
601 1836 705 1891 Callisti
728 1836 911 1908 ll,aquibus
965 1838 1095 1895 lidemac
1121 1837 1238 1892 studium
1263 1838 1437 1909 ergasedem
1465 1837 1654 1908 apostolicam,
1680 1838 1760 1911 cujus

111 1927 215 1998 pariter
228 1926 405 1992 evocabatur,
420 1925 473 1979 uisi
487 1925 604 1980 alterum
626 1924 679 1979 iter
694 1924 813 1979 brevitas
838 1929 910 1979 tem·
962 1925 1103 1995 speciatim
1116 1924 1165 1979 tilii
1180 1933 1243 1979 sunt
1255 1925 1370 1979 abbates
1385 1925 1612 1994 l'indociueuses,
1629 1934 1685 1980 tum
1705 1926 1758 1981 int-

111 2016 196 2088 poris,
216 2013 334 2069 alterum
349 2013 447 2067 hiemis
461 2012 594 2082 asperitas
617 2012 788 2068 exclusisset.
800 2013 911 2068 Urbano
960 2030 1063 2084 pecare,
1080 2030 1152 2085 quas
1168 2029 1261 2084 proco
1276 2013 1489 2081 maximaslecit,
1502 2021 1556 2068 turn
1566 2019 1759 2085 susceptorum

113 2120 190 2171 sane,
207 2103 296 2174 quoad
312 2102 387 2168 vixit,
396 2101 468 2157 unici
482 2100 530 2155 filii
541 2101 627 2156 instar
635 2102 735 2156 cbarus
749 2100 815 2156 luit:
829 2117 909 2173 quem
963 2102 1088 2157 itinerum
1103 2102 1211 2157 labores
1227 2102 1273 2156 :in
1289 2101 1388 2173 quihus
1402 2102 1485 2172 Alpes
1495 2117 1544 2173 pro
1556 2101 1687 2158 uectesiae
1702 2105 1759 2160 Ro-

111 2192 191 2247 etiam
221 2190 374 2257 vindocini,
402 2205 435 2246 ac
461 2198 555 2260 postea
594 2189 749 2246 Pascentem
774 2190 910 2244 undenum
961 2206 1050 2246 manaa
1065 2190 1180 2245 utilitate
1209 2189 1360 2245 duodecies
1375 2190 1555 2255 transcendit,
1572 2198 1615 2245 ter
1629 2191 1710 2247 etiarn
1724 2192 1759 2245 ab

110 2280 216 2336 dierum
233 2279 321 2351 spatio
335 2280 469 2350 hospitem
485 2278 589 2333 habuit.
601 2278 713 2334 Callisto
723 2285 814 2332 autem
823 2278 908 2334 veteri
962 2280 1022 2349 ejus
1037 2278 1202 2334 adversariis
1217 2287 1314 2350 captus
1330 2287 1382 2333 est.
1399 2279 1438 2333 De
1451 2278 1526 2334 obitu
1541 2278 1607 2333 nihil
1629 2295 1759 2352 comper-

112 2366 319 2424 necessitudine
334 2367 504 2434 conjunctus,
521 2373 557 2429 et,
571 2366 796 2438 quodutrinsque
810 2374 910 2422 mutuae
961 2374 1028 2431 tum,
1058 2367 1230 2422 adextrema
1255 2367 1405 2421 Houoriill
1436 2374 1554 2437 tempora
1584 2368 1759 2438 pervenisse,

113 2456 235 2528 epistole
256 2455 412 2519 ostendunt,
429 2453 540 2509 intimus
569 2455 626 2509 luit.
644 2454 703 2523 Quo
732 2455 911 2524 praeteream
962 2454 1507 2526 llonoriiipsiusadGoilridumhtterae,
1524 2458 1758 2513 annotlibscri-

114 2561 227 2600 numero
238 2544 309 2615 apud
326 2543 494 2599 ludovicum
512 2541 545 2596 Vl
561 2559 654 2615 regem
671 2541 788 2598 Goffridi
810 2559 909 2597 nomen
961 2552 1015 2615 ptae
1031 2543 1113 2597 tidem
1132 2543 1241 2599 iaciunt.

115 2635 205 2699 luerit,
220 2634 271 2689 hoc
286 2631 417 2698 declarat,
442 2632 539 2703 quoda
555 2647 622 2703 rege
635 2631 760 2687 delectus
778 2639 818 2686 cst
840 2630 911 2686 inter

629 2991 1153 3145 ..{=:[:==:]rtsju[ueuu

216 3255 365 3317 Veterum
381 3257 499 3337 aliquot
513 3255 658 3335 ejusdcm
674 3256 775 3317 aemtis
790 3254 988 3335 scriptorem,
1006 3264 1038 3317 ct
1053 3257 1202 3317 neoterici
1218 3256 1310 3316 unius
1325 3256 1363 3317 de
1380 3255 1520 3318 Golirido
1537 3257 1650 3320 abbate

817 3362 1051 3423 Viutlociucnsi.

840 3549 1051 3562 *-

498 3703 520 3757 l.
922 3703 1043 3784 (ligitur
1064 3703 1113 3785 bac-
1141 3712 1267 3785 suscepta
1293 3702 1440 3784 legatione,
1459 3711 1486 3757 ut
1502 3704 1580 3775 rigor
1599 3704 1757 3783 apostolieae

113 3798 905 3926 pawn„archiepiscoppduqdunmphsedisapostolpcoe
961 3774 1124 3830 ohedientua
1151 3790 1280 3845 maioma
1295 3778 1375 3829 uobis
1397 3781 1560 3830 tractaretur
1584 3783 1754 3836 auctoritate.

149 3870 237 3941 tapeti
261 3871 403 3927 littcroedc
430 3872 907 3929 cleeriisReclrinicomitrrcbsolu-
962 3845 1150 3927 mmmmm
1165 3846 1277 3926 imm
1305 3854 1428 3926 9⁰⁵¹i⁰¹¹¹
1444 3845 1638 3926 Bitlsi⁰9⁰⁵⁰m
1660 3845 1754 3925 mhi·

240 3912 247 3938 ’
961 3932 1120 3987 episcopum
1148 3925 1328 3972 exsecutionis
1340 3917 1420 3983 hujus
1438 3916 1612 3970 adhibuimus
1628 3932 1732 3971 sorcuur
1749 3934 1755 3968 :

961 3994 988 4041 et
1004 3987 1044 4041 sic
1071 3986 1151 4041 simul
1179 3987 1259 4057 positi
1279 3986 1386 4041 tratrem
1403 3986 1519 4049 comitis,
1550 4004 1630 4057 rpuem
1646 3994 1757 4056 captum

960 4057 1148 4123 audiebamus,
1165 4057 1290 4113 consulto
1304 4057 1446 4117 adivimus,
1462 4074 1543 4128 quem
1570 4058 1606 4111 ita
1618 4057 1757 4127 desipien·

961 4137 1026 4192 tem,
1037 4128 1200 4189 invenimus.
1218 4137 1246 4181 ut
1269 4127 1406 4183 serebatur
1420 4128 1455 4182 ab
1471 4128 1617 4191 omuibus;
1635 4136 1663 4182 ut
1676 4145 1760 4198 pror-

961 4216 1008 4253 sus
1032 4199 1125 4254 inutile
1154 4207 1180 4253 ct
1203 4215 1301 4252 vanum
1316 4198 1455 4254 videretur
1469 4199 1599 4270 regende
1622 4200 1648 4253 ei
1663 4200 1760 4270 patriae

961 4269 1129 4324 committere
1157 4269 1349 4340 principatum.
1370 4269 1413 4339 uui
1425 4268 1477 4323 sibi
1492 4277 1518 4322 et
1534 4268 1663 4324 omnihus
1691 4270 1759 4324 stul·

961 4341 1019 4395 titia
1034 4356 1083 4394 sua
1099 4339 1184 4394 lactus
1207 4338 1302 4395 fuisset
1317 4339 1418 4394 inutilis
1435 4357 1441 4394 :
1458 4357 1544 4410 usque
1560 4341 1639 4399 adeo.
1656 4346 1684 4393 ut
1707 4357 1760 4394 nec

961 4427 1011 4493 per
1026 4427 1121 4465 manus
1135 4417 1244 4466 nostras
1259 4427 1276 4465 a
1290 4411 1416 4479 captione
1430 4410 1511 4465 vellet
1525 4411 1604 4480 eripi.
1631 4411 1760 4465 Venimus

961 4490 1052 4553 utaque
1067 4481 1101 4536 ad
1126 4481 1280 4537 coenobium
1308 4483 1342 4535 S.
1363 4481 1539 4545 Florentiiet
1554 4482 1581 4535 iu
1596 4481 1640 4537 die
1654 4482 1757 4536 nativi·

962 4553 1025 4607 tatis
1047 4552 1078 4607 S.
1112 4551 1227 4607 Joauuis
1256 4553 1391 4622 Baptistae,
1418 4552 1537 4607 virorum
1569 4551 1759 4623 religiosorum

961 4623 1154 4694 episcoporum
1178 4630 1205 4678 et
1230 4622 1369 4688 abbatum,
1386 4622 1430 4695 qui
1446 4621 1551 4676 invitati
1580 4622 1758 4686 aduenerant,

961 4694 1106 4750 Fulconem
1122 4694 1248 4749 comitem
1264 4703 1390 4762 paratum
1403 4691 1558 4748 satisfacere
1568 4701 1614 4747 aut
1625 4693 1760 4748 rationem

959 4765 1085 4829 reddere,
1103 4764 1220 4818 unanimi
1234 4764 1356 4819 omnium
1371 4772 1434 4819 voto
1448 4770 1475 4819 et
1489 4764 1759 4819 laudeabsohimus:

960 4835 1081 4906 acceptis
1096 4835 1130 4888 ah
1145 4850 1178 4889 eo
1189 4834 1390 4897 securitatibus,
1406 4844 1432 4887 ut
1447 4833 1563 4888 silenter
1588 4835 1645 4903 ejus
1660 4835 1758 4889 melio-

148 3942 234 4006 tioue,
247 3942 293 3997 cui
309 3942 604 4013 Gofftvdurintersuit.

147 4055 225 4111 lluo
252 4056 443 4129 Lugdunensis
470 4057 705 4129 archiepiscopus,
747 4059 905 4127 apostoticae

112 4072 313 4198 sedisiegatus,
343 4127 528 4183 dilectissimis
541 4128 568 4182 in
584 4130 832 4185 Christotratrihus
860 4146 907 4184 ar-

110 4197 301 4267 chiepiscopis,
312 4198 459 4268 episcopis,
471 4199 653 4261 abhatibus.ct
668 4201 792 4255 euntibus
805 4211 907 4255 sanctae

114 4268 163 4323 bei
176 4268 309 4324 Ecclesiae
322 4266 458 4336 fidelihus,
467 4269 596 4325 salutem.
608 4271 905 4326 Cotuuruniorthdoxo-

113 4354 174 4393 rum
189 4338 310 4393 omnium
333 4337 435 4394 notitiae
450 4340 558 4396 tradere
572 4341 683 4412 dignum
704 4341 906 4410 ,judicavimus

114 4408 276 4479 qtraliterex
299 4417 438 4479 praecepto
465 4410 567 4466 domini
586 4412 671 4467 nostri
700 4428 778 4496 papae
805 4413 907 4469 Urbani

113 4495 162 4549 pro
178 4494 261 4535 causa
277 4472 761 4554 Falconisttudegavansiumcomitis
771 4500 857 4554 usque
872 4483 907 4538 ad

115 4550 185 4605 smes
200 4550 412 4619 ¹indeparorum
430 4553 554 4607 veniendi
570 4553 753 4608 obedientiam
781 4554 906 4635 suscepi-

112 4636 182 4685 mus,
215 4627 242 4674 ut
269 4636 329 4675 euru
362 4621 472 4676 vinculo
496 4625 676 4680 anathematis
717 4639 771 4696 quo
801 4624 905 4679 diutino

115 4698 238 4762 tempore
266 4691 413 4747 innodatus
436 4701 497 4747 erat
544 4710 573 4750 ro
601 4694 726 4765 captione
747 4695 837 4750 fratris
865 4694 906 4750 sui

113 4761 249 4828 Guut‘tidi,
265 4779 345 4834 quern
361 4761 387 4817 iu
399 4762 476 4843 'bello
492 4711 600 4833 puiilico
613 4774 736 4835 ceperat,
747 4766 905 4821 absolvere·

113 4849 176 4887 ntus
191 4850 198 4886 :
216 4849 278 4889 cum
293 4841 383 4889 taurea
398 4850 458 4900 ipse
473 4850 565 4889 nonies
576 4836 707 4891 rationem
722 4837 848 4904 reddere,
861 4844 907 4891 aut

114 4904 280 4972 satisfacere,
295 4912 341 4959 aut
366 4904 499 4973 judicium
513 4906 605 4962 subire
620 4923 672 4961 uon
684 4907 904 4979 subterfugeret:
960 4907 1065 4961 ritatem
1076 4922 1174 4959 sensus
1193 4906 1336 4975 reciperet,
1353 4920 1385 4958 ex
1401 4914 1535 4975 praecepto
1551 4906 1654 4959 domini
1671 4906 1759 4959 nostri

114 4973 413 5045 imoscnrperparatus
442 4984 581 5031 essct:et
597 4986 623 5030 ut
645 4979 746 5032 viornm
775 4978 905 5048 probabi-
960 4996 974 5036 r.
998 4995 1049 5043 pr,
1067 4979 1108 5029 vri
1126 4985 1230 5039 rostro,
1255 4974 1488 5030 autconcordiam
1509 4975 1610 5030 laceret
1637 4993 1698 5030 cum
1716 4994 1760 5041 eo,

114 5042 178 5097 lium
194 5043 357 5100 clericorum
377 5053 404 5099 et
418 5043 549 5101 laicorum
569 5047 702 5103 relatione
715 5049 904 5118 eognovimus,
922 5057 1006 5121 Dant
1030 5046 1161 5118 judicium
1186 5045 1278 5100 subire
1305 5054 1417 5115 paratus
1444 5054 1538 5099 esset:
1555 5062 1606 5101 nec
1644 5062 1758 5101 uxorem

113 5114 242 5183 prml'atus
268 5116 352 5169 trater
377 5116 446 5183 ejus,
472 5125 592 5188 tempore
620 5135 674 5190 quo
695 5129 789 5190 captus
817 5120 905 5181 faita
960 5119 1083 5184 duceret,
1100 5118 1134 5172 de
1156 5132 1270 5187 quarum
1293 5117 1484 5171 numerositate
1506 5116 1677 5186 culpabatur,
1693 5119 1761 5172 abs-

114 5185 251 5254 Stcpltauo
262 5186 399 5243 cardinale
414 5186 542 5243 Rouraure
557 5189 630 5244 sedis
642 5191 731 5261 legato
746 5206 794 5256 pro
810 5190 903 5244 multi·
961 5197 1121 5263 quenostvo
1150 5186 1275 5249 consilio,
1300 5188 1377 5254 cuius
1399 5188 1438 5241 rei
1459 5188 1657 5257 gestaeseriem
1685 5189 1762 5243 vetris

114 5257 195 5309 modu
210 5255 319 5323 injuria,
348 5271 429 5326 quam
446 5257 577 5314 interebat
592 5260 743 5316 Turonensi
758 5261 901 5324 Ecclesiae,
957 5261 1079 5324 paudere
1090 5257 1285 5327 judicavimus.
1310 5258 1513 5330 Religicsorum
1536 5267 1637 5317 autem.
1650 5259 1695 5330 qui
1706 5260 1759 5314 ad-

113 5334 141 5382 et
161 5326 253 5381 abbati
277 5326 306 5382 S.
322 5326 427 5381 llartini
441 5328 549 5398 blaineis
562 5331 728 5398 llonasterii,
744 5346 903 5388 excommu-
957 5331 1076 5393 luerunt,
1093 5328 1203 5384 nomina
1227 5330 1286 5384 haec
1302 5338 1363 5384 sunt
1381 5348 1387 5384 :
1406 5329 1570 5385 ildebertus
1598 5331 1763 5384 venerabilis

115 5397 221 5476 uicatus
232 5404 298 5462 erat,
322 5405 351 5452 et
362 5397 477 5454 Falconi
506 5400 567 5457 huic
582 5401 747 5473 principatus
772 5404 903 5473 andega—
958 5400 1165 5458 Bituricensium
1190 5399 1425 5470 archiepiscopus.
1458 5397 1597 5455 Ouveldus
1621 5400 1759 5455 Cenoma-

115 5482 206 5522 vensis
219 5467 360 5523 comitatus
375 5468 409 5523 ab
420 5469 479 5541 ipso
489 5471 582 5543 legato
597 5488 629 5528 er
641 5481 719 5544 parte
734 5473 821 5530 sancti
832 5473 904 5528 Petri
958 5474 1052 5528 nensis
1080 5470 1236 5540 episcopus.
1267 5470 1429 5525 Guillelmus
1458 5470 1546 5524 abbas
1561 5469 1588 5525 S.
1612 5471 1756 5527 Florentii.

112 5538 230 5618 donatus
249 5545 317 5603 erat,
334 5554 413 5610 quem
475 5540 549 5598 idem
575 5550 602 5598 et
628 5545 663 5598 ab
693 5544 826 5600 avunculo
854 5560 903 5599 suo
958 5541 1111 5599 bernardus
1147 5542 1233 5597 abbas
1263 5543 1377 5610 Maioris
1404 5541 1763 5599 communicassemus

113 5604 426 5665 Gauilrrdoaoucessum
452 5612 535 5676 uisse,
549 5614 671 5669 virorum
682 5613 904 5686 probabiliumde
956 5613 1043 5669 abbas
1058 5612 1109 5669 SS.
1126 5613 1216 5683 Sergii
1240 5620 1267 5667 et
1283 5611 1380 5668 Bacchi
1396 5609 1532 5666 Girardus
1548 5612 1633 5667 abbas
1648 5612 1679 5669 S.
1709 5614 1763 5669 Al·

112 5677 251 5737 aobilibus
279 5678 335 5735 suis
363 5683 453 5738 veraci
481 5687 661 5759 cognovimus
676 5685 817 5740 relatione.
845 5684 904 5741 Nos
957 5684 1024 5741 bini.
1041 5683 1165 5741 Nualdus
1179 5683 1266 5739 abbas
1276 5682 1304 5738 S.
1320 5682 1438 5738 Nicolai.
1451 5682 1592 5740 baldricus
1600 5682 1686 5739 abbas
1696 5684 1764 5740 Bur-
