3780 6044
71 220 126 275 945
540 212 837 273 bavuonnvtortus
852 212 903 272 SS.
918 213 1075 273 ravanal.
1090 245 1124 256 -
1147 214 1216 271 ata.
1236 217 1258 271 l.
1677 229 1729 285 945

70 342 145 401 cium
159 356 177 397 a
190 356 246 414 quo
261 341 313 397 sibi
328 342 442 415 praelata
457 348 498 397 est
512 339 717 413 perhorreseat.
730 340 801 396 Nam
816 311 877 397 cum
892 339 920 402 Α
933 347 1030 398 contra
1045 357 1075 398 se
1090 349 1116 397 et
1144 342 1235 398 Aaron
1263 344 1397 416 conqueri
1415 345 1544 419 populum
1560 350 1736 423 cognovisset

70 429 225 506 praepositis
244 430 441 503 delinquimus,
479 429 538 499 eius
565 428 731 485 ordinationi
753 428 798 503 qni
825 445 874 485 eos
927 429 1088 486 ait:«Nos
1121 429 1274 503 enimquid
1298 436 1484 492 sumusinac
1513 445 1673 496 contranos
1691 448 1733 499 est

72 520 153 577 nobis
166 519 286 593 pretulit
301 518 456 576 obviamus.
476 519 554 576 Unde
567 520 676 592 bloyses
687 534 796 593 quoque
810 533 873 576 cum
927 533 1048 575 murmur
1061 519 1247 588 vestrum,sed
1258 530 1355 579 contra
1366 523 1512 580 Dominum
1523 525 1703 600 (Exodxvr).
1717 553 1729 580 ι

270 804 579 911 nortluidi
616 805 660 909 ll
689 804 857 909 POST
896 804 1195 912 octavas
1233 809 1524 916 PASCHAE.

710 1013 908 1081 Secundum
927 1013 1099 1080 loannem

108 1225 118 1252 ·
139 1201 277 1260 llodicum
292 1209 319 1259 et
348 1203 477 1273 jamnon
508 1199 635 1258 videbilis
650 1214 705 1268 me,
734 1206 762 1256 et
776 1198 876 1256 itemm
931 1199 1139 1257 intentationes
1158 1200 1253 1257 varias
1271 1202 1431 1259 inciderent.
1447 1204 1527 1275 Quod
1553 1215 1643 1264 autem
1666 1208 1726 1265 nit:

75 1291 226 1359 modicum,
245 1301 273 1347 et
293 1291 421 1348 videbitis
453 1306 506 1356 me,
527 1292 590 1363 quia
610 1289 679 1346 vado
697 1289 732 1345 ad
753 1290 873 1344 Patrem.
931 1291 1030 1344 lterum
1046 1298 1136 1345 autem
1152 1291 1254 1348 videbo
1267 1307 1325 1359 vos,
1342 1299 1369 1347 et
1395 1293 1524 1365 gaudebit
1537 1311 1584 1351 cor
1597 1305 1729 1365 vestrum,

74 1380 214 1438 Dixerunt
228 1396 296 1455 ergo
311 1396 349 1437 ex
359 1379 501 1452 discipulis
521 1379 583 1452 ejus
596 1377 761 1435 adinvicem
778 1397 784 1434 :
805 1376 876 1448 Quid
931 1378 972 1434 sic
995 1378 1181 1450 intelligitur:
1203 1380 1324 1452 Eripiam
1344 1396 1394 1436 vos
1407 1381 1627 1453 abadversariis,
1650 1401 1731 1443 coro·

69 1472 178 1527 estboc
198 1471 272 1543 quod
290 1470 356 1527 dicit
388 1469 536 1538 modicum,
553 1476 580 1525 et
608 1484 663 1524 non
678 1467 806 1524 videbilis
820 1483 874 1536 1¹¹⁸,
929 1474 1005 1532 nabo
1036 1492 1086 1533 vos
1110 1477 1240 1545 victores,
1266 1477 1392 1550 probabo
1419 1495 1464 1536 me
1482 1496 1593 1551 semper
1627 1482 1731 1542 vidisse

72 1568 221 1636 etiterum,
254 1568 390 1625 modicum
411 1576 438 1625 et
460 1566 590 1624 videbitis
603 1583 658 1635 me,
679 1566 786 1639 etquis
805 1565 877 1622 vado
930 1579 982 1620 vos
996 1573 1144 1621 certantes.
1166 1565 1199 1620 Et
1217 1564 1246 1621 iu
1266 1565 1312 1622 illo
1326 1566 1371 1622 die
1385 1581 1440 1623 nou
1454 1568 1730 1643 rogabitismequid·

71 1657 109 1714 ad
121 1658 250 1714 Patrem?
269 1657 501 1728 Dicebanlergo:
517 1656 588 1725 Quid
600 1657 702 1712 esthoc
713 1655 785 1727 quod
800 1654 874 1721 dicit,
930 1667 1024 1724 quam.
1047 1653 1077 1709 ln
1097 1653 1142 1710 die
1160 1652 1274 1710 visionis
1293 1663 1405 1713 aeteruae
1419 1671 1473 1712 nou
1494 1659 1603 1729 petetis,
1617 1659 1660 1716 vel
1674 1677 1731 1717 nou

67 1746 232 1804 modicum?
258 1745 403 1804 Nescimus
428 1744 495 1820 quid
522 1745 642 1818 loquitur
660 1746 755 1817 (loon.
774 1744 842 1814 rvr).
865 1731 1149 1823 ¹·Binterrogabitis,
1171 1752 1234 1823 quia
1252 1759 1317 1808 tunc
1332 1753 1473 1825 eritplena
1486 1755 1607 1828 cognitio
1621 1764 1647 1812 et
1661 1756 1732 1813 sufli-

72 1845 133 1905 Hoc
147 1860 197 1900 eos
210 1843 349 1914 movebat,
365 1844 428 1915 quia
447 1843 527 1909 dixit,
557 1842 707 1899 Modicum.
727 1842 781 1898 Sed
801 1849 879 1914 post·
932 1838 1044 1896 cientis.
1067 1841 1125 1897 Hoc
1143 1840 1258 1896 verbum
1278 1842 1352 1914 quod
1371 1850 1413 1898 est
1439 1859 1543 1917 rogare
1568 1859 1623 1901 non
1641 1846 1729 1903 solum

68 1948 104 1990 ea
135 1933 317 1989 manifestum
346 1932 406 1988 luit.
438 1932 509 1989 Nam
537 1940 598 2004 post
621 1930 761 2003 paululum
781 1946 879 2002 passus
931 1935 1037 1999 petere,
1053 1945 1149 1985 verum
1164 1930 1426 2005 etiaminterrogare
1444 1930 1589 2006 significat,
1610 1941 1636 1990 et
1652 1933 1732 1992 Grae·

73 2028 128 2090 est,
148 2030 176 2077 et
195 2037 251 2078 non
271 2022 400 2077 viderunt
426 2037 487 2078 eum
506 2038 513 2086 ;
533 2037 627 2076 rursus
659 2025 721 2092 post
739 2019 878 2092 paululum
933 2017 1081 2073 sumunda
1109 2018 1162 2074 boc
1185 2019 1343 2075 translatum
1372 2028 1422 2087 est,
1443 2021 1495 2076 tale
1514 2021 1597 2079 babet
1616 2023 1733 2080 verbum

74 2111 234 2179 resurrexit,
252 2111 513 2167 etvideruntcum.
532 2109 586 2166 Vel
605 2109 658 2166 ita:
685 2108 879 2166 llodicotem-
934 2114 1007 2186 quod
1025 2124 1171 2186 utrumque
1203 2116 1288 2188 possit
1308 2117 1433 2189 intelligi.
1472 2118 1546 2192 lirgo
1572 2121 1733 2194 ambiguum

70 2224 140 2283 pore
160 2225 216 2265 non
237 2208 367 2266 viderunt
386 2226 457 2275 eum,
490 2209 556 2265 dum
576 2207 713 2280 requievit
731 2208 760 2263 in
779 2224 878 2265 monu-
933 2210 985 2258 est.
1016 2203 1130 2259 Possunt
1155 2205 1215 2262 baec
1243 2213 1270 2261 et
1299 2206 1335 2261 ita
1350 2206 1461 2278 exponi,
1491 2215 1520 2262 ιιι
1544 2208 1572 2263 in
1594 2208 1735 2281 discipulis

74 2306 178 2367 mento,
204 2306 229 2353 et
251 2297 361 2354 modico
398 2307 521 2368 tempore
539 2297 670 2353 viderunt
688 2312 750 2352 eum
770 2296 880 2369 quando
933 2292 1071 2348 universas
1107 2292 1234 2365 loquatur
1269 2294 1402 2352 Ecclesia
1423 2294 1567 2366 Dominus,
1583 2297 1658 2353 velut
1671 2298 1733 2354 ibi:

78 2386 119 2443 eis
156 2388 285 2458 tlppttruil
322 2401 358 2442 xl.
394 2386 492 2441 diebus
542 2393 604 2456 post
640 2385 878 2442 resurreclionenr.
937 2412 948 2439 n
965 2390 1036 2446 Ecce
1051 2404 1105 2463 ego
1120 2390 1260 2447 vobiscum
1276 2408 1337 2447 sum
1365 2393 1500 2465 usquead
1516 2392 1735 2450 consummatio-

74 2483 363 2554 Proptereamodico
379 2491 503 2554 tempore
517 2482 644 2538 videbitis
658 2498 703 2539 me
717 2482 782 2554 quia
808 2482 881 2538 vado
934 2494 996 2533 nem
1026 2478 1242 2551 saeculi(ltottl.
1260 2481 1397 2551 arvini.»
1421 2480 1557 2539 llodicum
1572 2483 1666 2553 etjam
1680 2499 1737 2540 nou

69 2573 107 2628 ad
123 2574 243 2640 Patrem,
260 2572 388 2643 deposita
402 2571 570 2628 mortalitate
597 2571 744 2626 humanam
759 2580 879 2626 naturam
935 2567 1064 2624 videbilis
1078 2585 1131 2637 me,
1147 2578 1175 2624 et
1190 2569 1225 2623 ad
1240 2570 1294 2625 hoc
1326 2569 1456 2638 refertur,
1472 2572 1534 2642 quia
1550 2570 1621 2627 vado
1634 2573 1667 2626 ad
1683 2573 1737 2627 l‘a·

72 2661 159 2720 coelis
174 2660 309 2717 inlerens.
328 2660 407 2728 Quod
423 2670 513 2716 autem
529 2660 564 2715 sit
582 2678 589 2715 ι
620 2683 631 2708 ι
648 2661 680 2716 Eu
698 2662 756 2730 Jsm
772 2676 826 2717 narn
839 2661 882 2717 vi·
936 2665 1019 2711 trem.
1038 2656 1137 2712 Eundo
1151 2656 1252 2713 scilicet
1268 2657 1303 2712 ad
1317 2658 1600 2726 Patrem,subtrabam
1612 2675 1739 2732 corpora-

63 2748 175 2827 ·debitis
190 2765 246 2818 me,
267 2750 334 2805 »sic
349 2749 741 2820 accipiendumestquomodo
756 2751 884 2820 superius
939 2752 991 2808 lem
1008 2754 1152 2817 visionem,
1171 2761 1200 2810 ut
1227 2754 1366 2811 fructuose
1390 2755 1488 2811 credat
1513 2756 1648 2814 Ecclesia.
1667 2778 1678 2804 ιι
1704 2756 1739 2812 Iit

69 2839 108 2895 ⁸11
126 2855 134 2894 ἓ
153 2862 164 2888 ⁸¹
182 2839 223 2895 ⁰0
245 2838 355 2908 l'llsfflia
380 2838 528 2910 lero(listi
556 2837 592 2894 ⁰⁶
619 2838 726 2894 Ρῦῑΐθῑῃ
746 2839 827 2905 ι’θάθι
856 2842 885 2893 ΰῐ
938 2850 1035 2906 iterum
1050 2850 1188 2906 modicum
1215 2858 1242 2908 et
1255 2850 1383 2907 videbitis
1408 2861 1596 2908 meraeterna
1620 2853 1736 2910 visione.

64 2937 124 3007 jam
139 2953 196 2992 uon
212 2935 340 2992 videbitis
370 2952 415 2991 me
432 2935 524 3006 (ibid.)
543 2964 553 2982 .
571 2935 635 3007 quia
659 2935 764 2992 scilicet
777 2943 883 2991 morta·
937 2941 1073 2996 llodicum
1089 2940 1240 2995 secundum
1254 2941 1326 2997 banc
1337 2941 1499 2997 sententiam
1514 2941 1638 3014 intellige
1656 2942 1737 3012 hujus

68 3024 127 3083 lem
143 3041 205 3082 eum
219 3041 275 3082 non
291 3024 412 3096 amplius
427 3025 561 3081 viderent.
896 3073 922 3138 C
937 3029 1108 3102 pervolantis
1124 3028 1216 3085 saculi
1232 3038 1350 3101 tempus.
1380 3029 1538 3097 Plorsbitis,
1558 3030 1657 3103 inquit,
1674 3031 1739 3101 quia

117 3136 129 3163 α
148 3114 283 3187 Cognovit
294 3124 385 3170 autem
400 3115 482 3169 lesus
497 3113 560 3185 quia
576 3112 705 3171 volebant
718 3128 779 3169 eum
795 3112 882 3169 iuter·
936 3119 1043 3190 plorant
1072 3133 1169 3174 omnes
1192 3118 1256 3173 boni
1283 3118 1311 3172 in
1339 3121 1471 3174 aerumnis
1495 3118 1578 3188 hujus
1601 3119 1674 3187 vitm,
1690 3118 1741 3176 sed

71 3228 183 3286 rogare,
204 3219 231 3267 et
251 3211 322 3267 dirit
339 3228 347 3268 ε
366 3212 407 3267 De
421 3211 474 3268 boc
498 3211 620 3283 quaeritis
634 3211 705 3267 inter
734 3226 795 3276 vos,
820 3211 882 3284 quia
935 3206 1028 3262 mundi
1037 3214 1175 3262 amatores
1185 3207 1315 3279 gaudent.
1332 3207 1472 3263 Mulierem
1487 3207 1607 3263 dicimus
1617 3216 1739 3264 sanctam

71 3301 134 3359 dixi
157 3300 319 3357 :blodicum
348 3307 376 3356 et
401 3315 457 3356 non
494 3298 622 3356 videbitis
648 3315 703 3367 me,
733 3300 882 3356 etiterum
936 3303 1087 3360 Ecclesiam
1108 3309 1226 3376 propter
1241 3303 1437 3360 secunditatem
1459 3304 1597 3361 bonorum
1613 3321 1740 3378 operum,

72 3389 223 3457 modicum,
240 3397 266 3446 et
283 3388 415 3443 videbitis
430 3404 485 3444 me.
502 3391 600 3446 Amen.
623 3404 702 3444 amen
725 3388 787 3445 dico
804 3388 883 3444 vobis
935 3400 962 3447 et
976 3391 1039 3464 quia
1050 3391 1207 3462 spirituales
1218 3391 1336 3447 Domino
1345 3391 1416 3448 lilios
1426 3391 1544 3466 gignere
1558 3409 1614 3449 non
1629 3393 1740 3462 desinit,

74 3479 140 3552 quia
157 3477 302 3550 plorabitis
316 3486 342 3532 et
371 3476 470 3533 ssebitis
486 3493 544 3544 vos,
565 3478 682 3532 muudus
696 3482 795 3533 'autem
810 3493 881 3551 gau·
936 3481 981 3552 qui
997 3496 1133 3552 nunquam
1144 3480 1272 3536 inmundi
1290 3480 1455 3538 tentatiobus
1476 3482 1603 3537 exerceri
1623 3482 1741 3552 desistit,

70 3577 160 3634 debit.
181 3575 882 3641 vosautemcontristabimini,sedtristitiavestra
936 3578 1054 3650 qnandiu
1083 3578 1227 3634 inmundo
1256 3578 1437 3650 spiritualium
1466 3578 1615 3635 virtitutum
1641 3579 1738 3653 proie-

69 3666 235 3725 verteturin
268 3665 443 3738 gaudium„
471 3664 630 3720 contristati
662 3671 725 3719 sunt
744 3664 881 3721 demcrte
934 3668 1025 3723 ctibus
1041 3666 1153 3721 insistit.
1172 3670 1207 3723 tt
1226 3684 1289 3724 cum
1317 3667 1424 3724 devicto
1438 3667 1563 3724 laborum
1585 3669 1736 3725 certamine

71 3755 195 3823 Domini,
211 3754 259 3811 sed
277 3770 345 3810 mox
360 3754 394 3810 de
419 3753 621 3810 resurrectione
646 3752 736 3809 laetati.
764 3753 881 3810 Mundus
933 3755 968 3811 ad
983 3755 1098 3826 palmam
1113 3757 1279 3827 pervenerit,
1293 3755 1350 3827 jam
1379 3772 1435 3812 non
1456 3756 1580 3812 meminit
1599 3773 1738 3829 pressure

69 3863 162 3911 autam
176 3851 313 3926 sumtuosa
340 3852 386 3909 nic
423 3850 561 3919 inimicos,
591 3866 608 3908 a
636 3851 735 3928 qrribus
758 3853 881 3909 occissus
933 3844 1116 3915 precedentis
1126 3852 1241 3916 proptor
1255 3845 1386 3917 gaudium
1414 3853 1553 3917 perceptas
1580 3845 1738 3902 retributio-

70 3953 113 4001 est
126 3943 260 4000 Christus.
934 3941 987 3998 nis.
999 3964 1009 3989 ι
1022 3941 1084 3997 Nun
1100 3949 1162 3996 sunt
1177 3941 1250 3997 enim
1265 3942 1409 4015 condignae
1423 3942 1567 4014 passiones
1577 3941 1657 4011 hujus
1666 3949 1736 3998 tem·

109 4030 320 4089 «lluliercum
338 4028 413 4102 parit
440 4028 577 4085 tristitiem
592 4029 686 4097 babet,
715 4029 777 4102 quia
804 4029 882 4086 venit
933 4030 1006 4102 poris
1021 4030 1056 4085 ad
1073 4030 1190 4085 futuram
1206 4030 1324 4104 gloriam
1349 4032 1438 4098 (Rom.
1465 4031 1535 4100 viu),
1559 4031 1667 4101 quando
1681 4031 1741 4090 Deo

72 4116 144 4172 bura
157 4115 231 4185 ejus.
242 4115 310 4171 (lum
325 4121 417 4169 antem
430 4113 535 4185 peperit
547 4130 675 4185 puerum,
687 4114 743 4185 jam
753 4130 880 4170 nonme·
933 4117 1040 4174 similes
1054 4119 1168 4184 erimus,
1183 4127 1210 4173 et
1224 4118 1379 4174 videbimus
1394 4134 1455 4173 eum
1472 4118 1552 4173 sicuti
1567 4126 1607 4173 est
1621 4118 1648 4190 (1
1657 4121 1739 4177 loon.

71 4213 150 4269 minit
178 4228 316 4284 pressurae
344 4219 458 4282 propter
483 4210 623 4282 gaudium,
655 4212 718 4283 quia
734 4219 812 4267 natus
839 4220 879 4269 est
933 4219 985 4287 ιιι),
1005 4214 1740 4288 ·uusittpostolustnepistolasus.1luneparturit

72 4303 156 4358 bomo
171 4301 200 4354 in
214 4300 375 4355 mundum.»
393 4299 489 4354 l’artus
504 4298 604 4370 gaudio
618 4308 798 4370 comparatur,
816 4308 880 4358 tunc
934 4304 1055 4361 Ecclesia
1065 4305 1203 4377 gemendo
1211 4307 1301 4376 (bom.
1317 4305 1388 4376 rur),
1400 4304 1738 4377 tuncparietlaetando.lit

71 4389 162 4463 magis
178 4388 288 4460 quando
306 4403 360 4444 non
372 4387 477 4458 puella,
502 4387 552 4443 sed
564 4403 633 4458 puer
650 4389 779 4445 nascitur.
800 4387 875 4444 Gau·
932 4394 995 4450 ideo
1015 4393 1179 4463 masculum,
1208 4392 1271 4464 quia
1298 4393 1331 4448 ad
1351 4391 1469 4449 fructum
1497 4394 1737 4466 contemplationis

71 4487 146 4545 dium
161 4484 221 4557 ipsa
231 4493 273 4541 est
288 4484 424 4549 Christus,
438 4483 474 4541 de
488 4499 542 4557 quo
571 4484 717 4556 Apostolus
732 4501 739 4539 :
765 4505 777 4537 ι
793 4485 874 4540 cbri-
931 4491 1030 4540 cunata
1044 4481 1433 4540 officiarelemntursotionis.
1444 4483 1478 4538 Et
1489 4482 1737 4540 sicutmuliernato

77 4584 146 4643 stus,
165 4576 263 4648 inquit,
280 4588 457 4647 resurgeres
487 4573 667 4644 moruusjam
692 4574 877 4631 conmoritur
929 4595 958 4650 vn
976 4580 1195 4637 annemundum
1211 4581 1451 4647 nominarentur,
1475 4579 1512 4635 irs
1534 4579 1659 4638 Ecclesia
1673 4588 1737 4637 nato

71 4666 174 4739 imm·
193 4665 242 4736 νὴ·
261 4683 273 4715 ‘
928 4687 958 4743 in
973 4688 1056 4744 vitam
1072 4689 1188 4743 futuram
1201 4687 1302 4760 populo
1324 4685 1509 4744 exsultatione
1524 4687 1652 4759 repletur.
1677 4686 1730 4743 l’ro

111 4799 130 4832 a·
141 4779 175 4835 lit
189 4793 239 4834 ros
254 4793 327 4834 nunc
343 4775 454 4850 quidem
484 4775 621 4832 tristitiam
646 4775 763 4845 habetis,
779 4776 877 4834 iterum
930 4792 985 4849 qua
999 4777 1143 4833 nativitate
1159 4777 1276 4832 multum
1301 4775 1432 4832 laborans
1447 4784 1473 4833 et
1488 4791 1602 4848 gemeus
1615 4775 1642 4830 in
1657 4790 1735 4847 prm-

76 4885 169 4935 autem
184 4876 284 4934 videbo
299 4891 359 4942 vos,
377 4885 401 4931 et
416 4875 548 4950 gaudebit
557 4890 605 4932 cor
619 4884 748 4932 vestrum.
762 4877 797 4932 Et
809 4891 877 4949 gau·
930 4874 1002 4930 senti
1031 4872 1109 4946 quasi
1125 4872 1285 4944 parturiens
1313 4870 1401 4927 dolet.
1431 4870 1490 4927 Nec
1508 4884 1608 4926 novum
1636 4868 1736 4942 cuique

72 4963 148 5020 dium
162 4971 284 5019 vestrum
309 4960 483 5017 nemotollet
507 4960 628 5016 avobis.
646 4983 658 5009 ι
677 4960 810 5017 Dominus
824 4979 876 5017 ex·
930 4962 1043 5019 deberet
1058 4962 1156 5026 videri,
1181 4962 1303 5017 sinatus
1333 4960 1441 5016 dicatur
1467 4958 1514 5031 qui
1541 4974 1574 5014 ex
1601 4957 1655 5014 bac
1679 4958 1734 5014 vita

73 5068 151 5144 ponit
170 5067 331 5142 paradigma
346 5067 421 5139 quod
445 5066 480 5123 de
500 5065 615 5123 muliere
637 5067 789 5139 proposuit.
814 5067 876 5126 Tri·
929 5065 1101 5139 migraverit.
1130 5062 1275 5134 Quomodo
1290 5062 1362 5119 enim
1377 5060 1453 5119 nasci
1465 5060 1566 5118 dicitur
1579 5074 1642 5117 cum
1667 5060 1732 5132 quis

74 5167 177 5224 aritiam
205 5166 278 5223 enim
305 5164 460 5221 babuerunt
499 5163 617 5236 apostoli
640 5179 722 5236 passo
745 5165 876 5237 Domino,
930 5154 965 5213 ne
979 5161 1057 5212 utero
1071 5153 1167 5210 matris
1197 5150 1349 5224 egreditur,
1366 5151 1404 5206 ita
1430 5150 1513 5206 etiam
1535 5154 1626 5222 potest
1653 5156 1735 5208 natus

75 5256 125 5312 sed
139 5261 251 5329 peracta
278 5251 488 5311 resurrectionis
513 5252 602 5324 gloria
625 5251 713 5325 gavisi
740 5254 877 5312 suntviso
931 5250 1135 5324 appellationi
1163 5250 1270 5308 solutus
1299 5247 1446 5306 avinculis
1468 5247 1561 5305 carnis
1583 5246 1620 5305 ad
1643 5246 1735 5307 lucem

74 5344 206 5400 Domino.
227 5344 261 5398 Et
276 5341 407 5416 gaudium
434 5356 531 5397 eorum
559 5355 614 5397 non
645 5341 747 5397 tollitur
760 5343 797 5398 ab
824 5343 877 5413 eia,
934 5341 1099 5398 sublimatur
1112 5346 1252 5396 aetemam.
1271 5338 1354 5395 Unde
1369 5353 1429 5394 mos
1443 5336 1645 5394 ecclesiasticus
1661 5336 1734 5394 obti-

74 5433 149 5507 quia,
165 5439 193 5488 et
207 5431 230 5487 si
244 5431 417 5504 postmodum
433 5429 641 5500 persecutiones
656 5430 814 5502 prochristi
828 5448 875 5489 no·
933 5428 993 5486 nuit
1019 5437 1048 5484 ιιι
1077 5428 1137 5485 dies
1165 5436 1316 5501 martyrum
1341 5426 1399 5482 sive
1426 5424 1615 5482 conlessorum
1623 5426 1734 5497 Christi,

76 5531 198 5588 mineac
213 5536 347 5586 tormenta
378 5526 457 5601 passi
471 5536 544 5596 sunl,
560 5544 609 5601 spe
639 5535 730 5584 tamen
750 5546 877 5588 resurre-
932 5527 1074 5601 inquibus
1102 5526 1136 5583 dc
1165 5526 1267 5583 saeculo
1292 5524 1467 5592 transierunt,
1496 5523 1607 5582 Natales
1629 5523 1733 5582 vocite-

78 5636 177 5721 ctionis
206 5643 232 5694 et
247 5635 359 5692 visionis
373 5632 446 5691 illius
472 5635 591 5704 accensi,
621 5634 736 5692 libenter
761 5637 880 5695 adversa
933 5646 1004 5700 mua,
1029 5645 1180 5702 eorumque
1208 5627 1411 5686 solemnianon
1440 5626 1576 5693 funebria,
1591 5625 1640 5682 sed
1654 5632 1735 5681 nata·

80 5740 197 5802 queque
212 5725 344 5796 lerebmt,
363 5723 423 5782 imo
450 5722 583 5801 gaudium
597 5723 792 5783 existimabant
817 5743 880 5785 cum
934 5726 995 5785 litia
1009 5726 1146 5787 dicantur.
1161 5725 1287 5801 Sequitur
1303 5744 1311 5783 ι
