3780 6038
159 261 208 314 651

631 258 919 314 catalaunicus}
940 257 988 314 EX
1007 259 1126 315 JUDAEO
1147 258 1344 315 CllillS'l'lthl

1756 258 1801 311 eat

155 383 206 439 isto
220 381 298 454 plura
327 381 530 447 commiserunt,
560 381 623 454 qaia
645 390 672 437 et
686 398 736 453 pro
751 383 818 439 Adae
845 383 944 439 delicto
959 387 985 443 Α
1001 380 1086 434 tulum
1109 381 1233 450 grossius
1258 379 1306 435 tibi
1329 377 1510 451 respondebo,
1537 384 1564 434 et
1590 375 1653 447 quia
1675 391 1726 448 per
1754 377 1801 433 hoc

153 479 280 535 mortem,
296 485 403 541 poeaam
421 470 526 526 scilicet
540 470 655 541 peccati,
672 479 861 543 susceperuut,
877 472 949 544 ideo,

153 584 206 640 que
221 584 363 641 quousque
374 568 432 623 Deo
445 568 579 638 placuerit
593 568 719 624 suscitari
736 584 790 623 uon
811 577 951 640 poterunt·

154 657 200 712 ille
212 663 303 712 autem
318 672 370 712 nec
383 657 460 723 hdae,
476 673 527 712 nee
542 656 950 729 aliud,utdiximus,peccatum

152 749 258 816 habuit,
276 748 329 804 irae
344 754 443 820 sponte
461 763 519 816 sua,
536 757 561 804 et
576 765 625 820 pro
640 758 734 804 nestra
749 751 948 822 redemptione,

153 838 198 893 die
213 837 322 910 quidem
349 853 402 892 una
430 837 567 900 occubuit,
597 837 731 894 aliavero
746 839 781 892 ad
804 838 949 904 infernum,

153 935 182 981 nt
196 925 259 982 inde
273 926 362 982 bonos
388 926 528 992 educeret,
552 927 612 997 ipse
627 926 779 982 descendit.
800 926 867 982 Cum
883 944 950 999 ergo

152 1014 246 1071 omnia
272 1021 387 1086 propter
416 1030 477 1085 quaa
498 1021 614 1069 venerat
630 1015 688 1084 jam
711 1015 885 1084 complesset,
901 1032 951 1071 nec

151 1098 222 1155 iurat
247 1098 368 1164 ulterius,
394 1103 425 1152 ut
452 1097 491 1152 ita
511 1097 610 1162 dicam,
632 1098 705 1170 quod
729 1097 851 1154 facturus
865 1108 949 1165 esset,

150 1187 248 1243 merito
262 1187 306 1242 die
320 1186 398 1243 tertia
421 1186 581 1241 resurrexit.
613 1189 748 1242 Praeterea
762 1187 843 1243 etiam
856 1188 950 1244 Enoch

150 1275 274 1342 etElias,
305 1274 368 1346 quia
396 1274 484 1330 saneti
512 1274 612 1331 viriae
643 1274 853 1348 digailueruat,
880 1277 951 1333 sicut

150 1364 289 1420 eredimus
304 1371 330 1418 et
344 1378 395 1417 nos
410 1370 436 1417 et
450 1378 510 1426 vos,
541 1363 631 1418 adhuc
659 1364 754 1418 visunt
767 1364 850 1434 (Gerr.
868 1382 900 1426 rr
918 1366 952 1421 ll'

152 1454 217 1524 Req.
232 1454 273 1522 n),
290 1460 315 1506 et
330 1448 394 1506 licet
414 1451 440 1504 iu
465 1449 519 1506 irne
534 1451 626 1506 mundi
642 1452 776 1518 morituri,
800 1452 890 1507 statim
907 1462 949 1507 ta-

150 1556 213 1594 men
238 1548 350 1611 propter
375 1543 545 1595 sanctitatem
568 1556 647 1594 suurn
671 1542 851 1596 resurrecturi
875 1550 947 1597 sunt.

149 1627 305 1696 Quodcum
332 1629 371 1682 ita
385 1629 430 1695 sit,
461 1643 561 1698 corpus
588 1628 686 1683 Christi
715 1630 949 1700 quodsanctissi-

1006 469 1068 523 boni
1085 468 1188 537 aliquid
1203 469 1370 523 crediturum
1383 476 1410 522 te
1424 483 1486 523 esse
1501 465 1643 522 desidero.

1042 558 1172 611 llox'sss
1189 558 1222 612 Ut
1240 558 1278 611 sic
1295 557 1379 613 lacius
1394 556 1551 627 expostulo.

1042 646 1171 699 Parnes.
1186 645 1263 699 Nosti
1279 645 1369 715 itaque
1384 641 1699 716 quodenseretgnllina,
1712 658 1801 714 passer

1005 739 1032 787 et
1046 733 1145 787 alauda
1160 733 1195 787 de
1206 741 1321 802 quatuor
1342 732 1485 789 elementis
1501 748 1598 788 omnes
1608 731 1674 787 iacti
1689 739 1762 797 sunt,
1778 741 1802 786 et

1005 819 1062 877 alas
1076 821 1205 877 habent?

1040 911 1175 966 llorsnS.
1194 911 1293 981 Utique
1303 910 1379 966 nori.

1042 999 1167 1053 Pnauus.
1183 998 1232 1054 llic
1248 1016 1315 1069 ergo
1331 1016 1426 1071 passer
1440 1005 1467 1054 et
1480 997 1581 1055 alauda
1596 1014 1644 1054 cur
1659 996 1732 1053 adeo
1748 1014 1801 1053 sur·

1005 1103 1064 1142 sum
1079 1086 1197 1142 rolando
1211 1088 1374 1153 ascendunt,
1399 1103 1483 1143 anser
1503 1097 1595 1143 autem
1612 1095 1638 1142 et
1654 1085 1761 1158 gallina
1774 1088 1804 1143 si·

1005 1176 1103 1230 militer
1114 1176 1205 1231 lucere
1220 1192 1275 1230 nau
1285 1177 1421 1247 possunt?

1040 1283 1171 1337 hloxsns
1187 1280 1257 1350 Quia
1273 1290 1298 1338 et
1314 1283 1353 1338 illi
1374 1291 1435 1338 sunt
1450 1283 1527 1354 parri
1548 1283 1686 1355 eorporis,
1704 1291 1731 1339 et
1745 1283 1801 1339 ideo

1003 1379 1132 1449 leviores,
1157 1387 1183 1434 et
1207 1379 1250 1434 isti
1270 1381 1398 1450 majores,
1415 1390 1441 1435 et
1457 1388 1569 1452 propter
1589 1383 1643 1438 hoc
1663 1381 1802 1454 pondero-

1004 1469 1104 1524 siores.

1039 1561 1165 1617 l‘srnus.
1191 1556 1218 1614 Si
1242 1575 1275 1614 ex
1294 1557 1442 1630 quantitate
1456 1559 1552 1614 levitas
1567 1559 1706 1631 provenit,
1721 1574 1801 1632 quare

1002 1651 1094 1706 rrrltar
1108 1652 1151 1708 rel
1166 1649 1256 1723 aquila
1271 1663 1333 1702 cum
1348 1647 1476 1702 omnibus
1492 1647 1534 1702 his
1551 1648 1639 1719 major
1652 1647 1700 1714 sit,
1717 1647 1800 1702 subli-

147 1741 222 1779 mum
236 1725 357 1780 omnium
372 1732 398 1781 et
412 1741 429 1781 a
443 1734 556 1797 peccato
582 1726 793 1782 mundissimum
808 1727 866 1792 luit,
883 1734 941 1782 sta·
959 1743 986 1803 Β
1002 1742 1071 1795 ijs
1093 1741 1223 1796 omnibus
1249 1735 1366 1793 volando
1383 1737 1569 1792 miscendus

146 1814 192 1869 tim
208 1823 235 1868 ut
250 1814 335 1870 voluit
349 1815 473 1870 suscitari
496 1831 550 1870 non
565 1815 680 1870 debuit?
703 1816 767 1871 ideo
783 1816 863 1871 etiarn
880 1834 940 1872 euru

144 1903 270 1959 suscitari
295 1920 410 1959 necesse
435 1903 491 1971 luit,
522 1912 550 1958 ut
565 1903 634 1959 sicut
663 1920 711 1975 per
737 1913 849 1960 mortem
867 1921 943 1960 suam

144 1991 317 2047 descendeus
331 1993 365 2046 ad
384 1991 487 2047 inieras
501 1992 608 2061 dejure
622 1992 724 2047 diaboli
740 1997 862 2048 mortuos
878 1993 944 2048 lihe-

144 2079 224 2146 rarit,
246 2079 284 2134 ita
305 2089 331 2135 et
354 2096 403 2151 per
427 2081 657 2136 resurrectionem
673 2096 749 2135 suam
766 2082 800 2136 de
818 2083 941 2150 ejusdem

145 2176 247 2232 diaboli
275 2193 368 2245 mauu,
398 2185 526 2232 venturos
555 2176 690 2245 liberarat,
716 2180 856 2249 quiscum
880 2195 943 2233 eum

144 2265 330 2322 resurrexisse
346 2265 468 2331 audiunt,
495 2265 620 2331 credunt,
636 2274 664 2321 et
678 2266 792 2338 dejuge
808 2266 893 2338 ipsius
907 2268 945 2323 ita

146 2371 256 2420 exeunt.

179 2489 314 2545 lloxsns
335 2487 417 2543 Ratio
431 2496 471 2544 est
487 2487 560 2559 quod
574 2487 652 2544 dicis.
670 2488 724 2543 Sed
739 2504 835 2558 posses
851 2498 878 2544 tu
892 2490 945 2545 ali-

143 2601 197 2659 qua
210 2586 401 2657 prophetamm
416 2585 576 2640 auctoritate
591 2585 664 2656 quud
689 2585 814 2640 suscitari
830 2586 945 2641 deberet

148 2675 293 2732 ostendere
310 2675 324 2727 ‘t

179 2814 307 2869 Parrus.
329 2814 442 2867 Possum
465 2811 568 2876 utique.
587 2811 660 2866 Dicit
683 2827 801 2883 namque
818 2811 902 2866 David
918 2812 945 2866 in

143 2902 267 2976 psalmo:
287 2903 349 2958 Dies
363 2917 448 2973 super
463 2900 522 2956 dies
538 2902 611 2972 repis
626 2901 755 2971 adjicies,
772 2916 864 2956 annus
884 2902 945 2972 ejas

141 3009 229 3065 arque
237 2996 269 3047 ia
277 2991 353 3047 diem
364 2991 555 3062 uenerationis
563 2993 593 3044 et
598 2991 943 3062 perterritioaistl’ral.cx).

1034 1850 1168 1904 lloxsss.
1187 1845 1257 1916 Quia
1271 1843 1306 1899 de
1321 1841 1463 1898 elementis
1479 1843 1606 1898 subtilius
1619 1842 1799 1916 compositum

999 1945 1041 1992 est
1055 1953 1168 2008 cerpus·

1035 2045 1161 2099 Pnrxus.
1181 2042 1212 2096 Et
1223 2041 1287 2097 licet
1302 2039 1361 2097 lere
1376 2040 1410 2095 sit
1424 2047 1449 2095 et
1466 2039 1574 2105 subtile,
1591 2038 1658 2111 quid
1674 2039 1797 2111 estquod

998 2147 1098 2204 corpus
1112 2131 1177 2188 illud
1195 2146 1306 2186 sursum
1322 2128 1385 2185 tacit
1399 2128 1621 2184 condescendere
1635 2129 1650 2182 t

1033 2240 1164 2294 llorsss.
1194 2237 1292 2293 l‘roeul
1320 2235 1404 2290 dubie
1432 2233 1555 2304 spiritus,
1586 2233 1647 2289 sine
1678 2249 1796 2303 quoaon

998 2326 1085 2382 solnm
1102 2340 1158 2381 non
1173 2325 1276 2393 volare,
1296 2324 1344 2380 sed
1359 2339 1410 2379 nec
1424 2322 1529 2378 morari
1537 2329 1633 2393 posset
1649 2321 1795 2377 ullatenus.

1035 2435 1163 2488 laruas.
1177 2431 1245 2487 Cum
1260 2430 1343 2502 igitur
1357 2429 1457 2486 Christi
1476 2443 1576 2498 corpus
1591 2435 1654 2499 post
1675 2443 1796 2484 resurre-

998 2531 1115 2586 ctionem
1130 2529 1298 2586 lerissimum
1313 2537 1340 2584 et
1355 2526 1562 2583 subtilissimum
1584 2525 1679 2592 luerit,
1702 2525 1798 2596 quippe

998 2635 1060 2676 cum
1076 2619 1102 2673 in
1117 2627 1206 2674 morte
1221 2633 1331 2675 omnem
1351 2616 1582 2685 ponderositatem
1599 2622 1626 2670 et
1642 2614 1797 2685 spissitudi-

999 2725 1061 2764 nem
1076 2708 1207 2774 amiserit,
1227 2706 1310 2778 cujus
1324 2705 1365 2760 rei
1381 2711 1570 2777 argumentum
1586 2711 1628 2759 est
1642 2703 1717 2773 qued
1731 2702 1797 2759 ulte-

998 2796 1055 2852 rius
1069 2813 1121 2852 nec
1134 2796 1196 2852 cibo
1211 2811 1261 2850 nec
1273 2801 1337 2865 potu
1365 2793 1496 2864 indiguit;
1514 2808 1587 2860 cum,
1608 2792 1732 2863 inquam,
1749 2791 1798 2847 tale

1000 2894 1089 2960 luerit,
1106 2903 1130 2949 et
1146 2893 1280 2963 spiritum,
1306 2891 1332 2946 id
1349 2898 1389 2946 est
1413 2890 1533 2944 animam
1548 2906 1641 2944 seeum
1659 2889 1797 2957 habuerit,

1001 2993 1026 3038 et
1041 2992 1171 3053 praterea
1194 2981 1335 3046 deitatem,
1364 2997 1424 3049 quae
1439 2978 1565 3034 omnibns
1579 2978 1672 3034 caruis
1697 2978 1798 3050 spiriti-

141 3089 183 3146 De
197 3105 251 3162 que
267 3089 347 3145 etiam
369 3104 435 3160 rege
451 3087 502 3140 ista
526 3086 578 3140 uisi
602 3086 637 3141 de
653 3086 760 3142 Christo
789 3089 842 3144 dici
861 3089 945 3160 potuit
965 3072 1053 3165 ebus
1078 3073 1170 3142 imi-³⁰
1195 3076 1343 3125 ⁸¹¹0⁵¹¹1¹¹i³
1364 3067 1523 3123 d⁰¹¹¹5¹¹³²⁰i
1537 3077 1561 3122 ⁰¹
1576 3067 1798 3138 illaessssiliirnffll·

147 3178 290 3251 prophetia
301 3178 315 3230 ‘t
327 3179 376 3231 Per
391 3176 451 3230 dies
470 3176 570 3246 quippe
588 3175 671 3247 regis,
687 3175 827 3231 delinitum
844 3186 948 3248 tempus

149 3281 204 3338 quo
218 3274 282 3322 ante
292 3264 448 3336 passionem
468 3262 595 3318 Christus
610 3264 636 3317 in
649 3264 752 3319 munde
769 3265 841 3330 vixit,
857 3267 946 3321 notari

144 3356 278 3427 Propheta
305 3353 407 3418 voluit,
431 3367 481 3423 per
495 3353 554 3406 dies
582 3360 673 3407 autem
690 3369 760 3424 quos
784 3370 868 3424 super
886 3355 945 3410 dies

149 3451 224 3523 regis
239 3450 413 3520 adjiciendos
429 3464 490 3505 esse
512 3449 592 3518 dixit,
610 3465 678 3520 quos
702 3458 729 3505 et
742 3451 801 3506 sine
815 3452 947 3507 determi-

143 3541 255 3597 natione
282 3541 380 3610 posuit,
412 3548 518 3608 tempus
545 3547 606 3608 past
635 3539 693 3607 ejus
718 3541 945 3596 resurrectionem

144 3628 286 3695 intellexit,
302 3628 375 3699 quotl
390 3635 415 3682 et
430 3626 483 3681 line
494 3626 643 3683 cariturum
655 3643 719 3683 esse
736 3628 867 3701 signavit,
884 3646 944 3685 eum

147 3721 360 3777 addiditranuos
368 3721 520 3793 elususque
536 3721 566 3774 in
577 3721 649 3776 diem
667 3724 858 3791 persuationis
868 3727 896 3778 el
904 3741 946 3795 pe·

146 3807 318 3867 neratieair.
338 3809 367 3863 ln
382 3807 450 3863 isaia
467 3824 574 3880 qaoque
592 3808 711 3878 legitur:
727 3811 809 3866 Nune
830 3827 947 3867 causar-

144 3897 946 3973 pam,dicitDominusauace.cattabor,auncsublevabar

146 3991 213 4060 (lta.
233 3998 341 4056 xxxin).
360 3988 394 4042 llt
410 3988 454 4044 hic
481 3987 532 4040 tria
553 3986 686 4041 Dominus
710 3986 825 4058 intelligi
842 3986 940 4043 voluit.

146 4076 225 4147 Quod
240 4077 322 4134 etiam
336 4077 373 4131 ait
385 4094 390 4129 :
404 4077 483 4132 Nunc
498 4092 675 4147 causarpum,
694 4076 728 4130 de
743 4078 945 4133 resurrectione

145 4167 186 4221 sui
200 4166 330 4237 corporis,
346 4165 380 4220 de
395 4173 484 4220 morte
498 4165 574 4227 dixit,
597 4163 671 4235 quod
692 4172 781 4218 autem
796 4166 921 4237 sequitur
937 4185 944 4220 ε

147 4254 394 4317 Nuaceealtahor,
423 4253 457 4307 de
485 4268 600 4308 ascensu
624 4267 673 4306 suo
690 4252 716 4305 iu
732 4253 830 4308 exulum
844 4254 943 4320 intulit,

147 4343 257 4398 tertium
271 4357 344 4405 vero,
361 4341 434 4412 quod
449 4349 504 4395 est:
518 4342 598 4397 Nunc
612 4340 830 4408 subieu.rbur‚de
840 4343 945 4399 exalta·

146 4431 219 4488 tione
234 4438 260 4485 et
274 4430 361 4501 gloria
376 4429 403 4483 in
415 4445 444 4484 se
457 4429 627 4484 credentium
642 4430 758 4483 addidit.

183 4574 312 4627 lloxsns.
326 4570 556 4642 Quandoquidem
564 4570 597 4625 de
608 4570 942 4628 ascensionemeutionem

144 4661 243 4725 iecisti,
259 4669 285 4717 et
306 4676 359 4733 ago
378 4659 536 4728 jamdudum
551 4659 585 4714 de
601 4661 653 4715 hoc
668 4676 790 4730 quaerere
810 4661 940 4733 disposui,

144 4776 217 4818 nunc
231 4759 267 4815 de
284 4774 328 4825 eo,
344 4757 366 4812 si
381 4757 479 4829 placet,
502 4755 618 4829 qualiter
642 4756 744 4812 iactum
764 4758 862 4814 eredas
877 4760 941 4814 mihi

141 4857 250 4933 postulo
265 4855 436 4929 responderi.
467 4854 594 4910 Prohibet
615 4869 733 4926 namquo
749 4856 815 4911 ratio
834 4857 941 4927 ponde-

139 4974 232 5016 rosum
260 4973 318 5012 rem
349 4971 432 5026 super
460 4955 548 5010 levem
572 4953 615 5010 vel
636 4954 784 5011 ascendere
799 4954 843 5010 vel
857 4955 940 5011 susti-

144 5073 217 5111 ner-x.

169 5200 297 5252 Pariana.
324 5195 404 5251 l'ides
417 5193 539 5266 prolecto
562 5211 621 5249 mea
639 5194 768 5266 estquod
784 5195 811 5249 iu
831 5194 930 5252 eoelum

139 5292 303 5357 ascenderit,
317 5292 401 5347 credo
415 5293 498 5348 etiam
512 5293 575 5365 quia
598 5309 655 5348 sum
670 5293 755 5348 virtus
770 5294 940 5365 omnipoten-

137 5383 183 5438 tiae
197 5389 269 5435 tantu
287 5380 321 5434 sit
348 5381 422 5450 quod
441 5396 605 5452 quocunque
622 5383 702 5437 morlo
725 5383 825 5438 laetam
847 5383 936 5448 luerit,

136 5469 269 5544 possibile
285 5468 334 5523 luit
346 5484 409 5524 esse
432 5481 463 5523 ut
489 5469 602 5538 placuit.
623 5467 702 5538 Quod
715 5471 736 5525 si
752 5471 816 5527 inde
831 5488 891 5528 cum
904 5472 938 5526 sr-

138 5567 301 5638 delictique
326 5581 447 5638 agerem,
473 5564 548 5619 aliud
569 5580 635 5621 saue
651 5582 705 5621 uon
728 5569 935 5640 responderem.

123 5657 197 5727 Quia
216 5653 495 5712 reratuincredulas
507 5666 548 5720 es,
566 5661 592 5711 et
602 5653 641 5710 nil
655 5655 707 5713 nisi
722 5672 851 5731 grossum
862 5659 939 5733 qaid,

108 5750 139 5798 et
152 5745 235 5818 quod
246 5744 334 5821 qussi
335 5742 458 5821 palliari
461 5744 556 5820 possit
570 5744 715 5823 intelligis,
737 5747 803 5808 ideo
818 5749 947 5826 aliquan-

1003 3161 1066 3234 quirl
1081 3176 1135 3216 non
1151 3160 1175 3212 in
1192 3158 1301 3224 cotum,
1318 3173 1380 3213 cum
1395 3156 1506 3227 placuit,
1521 3155 1672 3212 ascendere
1687 3154 1799 3228 potuit?

1001 3259 1067 3315 ltem
1087 3258 1120 3311 de
1150 3256 1229 3322 Etru,
1259 3255 1336 3324 crrjus
1363 3251 1576 3324 corpusnullam
1607 3269 1659 3324 per
1687 3261 1798 3309 mortem

1001 3345 1178 3402 subtilitatem
1211 3343 1342 3414 suscepit,
1369 3350 1395 3397 et
1424 3349 1513 3396 tamen
1544 3357 1639 3397 coram
1669 3341 1799 3413 discipulo

1000 3451 1050 3490 suo
1061 3434 1152 3489 illisce
1167 3433 1193 3486 in
1207 3431 1292 3486 altum
1307 3430 1440 3496 aseendit,
1461 3430 1602 3501 quomodo
1617 3431 1711 3486 credis
1726 3431 1799 3487 ratio

1001 3523 1126 3579 unbiliter
1141 3530 1168 3575 et
1183 3521 1331 3576 secundum
1346 3519 1490 3591 physicam
1506 3517 1605 3574 lactum
1621 3518 1695 3574 tuit?

1036 3640 1163 3693 lloxsss
1187 3635 1262 3691 Elias
1286 3651 1351 3690 sane
1370 3632 1641 3705 multnmJejunuvit,
1658 3645 1684 3691 et
1703 3651 1799 3708 parurn

1000 3727 1127 3793 comedit,
1145 3726 1217 3781 unde
1233 3731 1259 3780 et
1274 3740 1376 3794 corpus
1392 3740 1469 3778 suum
1495 3723 1633 3779 levitatem
1649 3733 1678 3780 et
1692 3725 1799 3781 subtili·

1000 3824 1084 3872 tatem
1114 3823 1214 3870 tantam
1247 3812 1362 3883 accepit,
1394 3811 1798 3883 quodusqueinaeremcon-

999 3904 1133 3961 scandere
1157 3902 1252 3975 potuit,
1271 3901 1316 3956 ubi
1340 3901 1422 3956 etiam
1447 3909 1474 3956 et
1488 3900 1581 3974 angeli
1605 3917 1667 3956 eum
1684 3919 1799 3974 accepe-

999 4002 1072 4061 runt,
1089 4001 1116 4049 et
1145 4007 1198 4063 quo
1227 3991 1284 4046 Deo
1309 3989 1410 4062 placuit
1438 3990 1650 4061 deportaverant
1672 3992 1795 4063 (ll'ltep.

1000 4102 1029 4158 rt,
1046 4091 1094 4155 rr).

1035 4195 1167 4249 Psrnus.
1182 4192 1249 4247 Cum
1265 4207 1333 4263 ergo
1348 4207 1449 4262 corpus
1464 4191 1564 4246 Christi
1579 4198 1607 4248 et
1620 4207 1672 4262 per
1686 4200 1798 4249 mortem

999 4283 1096 4338 subtile
1111 4281 1211 4338 iactum
1225 4281 1269 4346 sit,
1286 4289 1313 4336 et
1326 4296 1377 4350 per
1392 4281 1443 4335 hoc
1458 4278 1529 4349 quod
1545 4287 1606 4350 post
1622 4281 1799 4339 resurrectio·

998 4389 1060 4427 nem
1077 4370 1240 4427 necessitate
1267 4368 1359 4439 aliqua
1372 4383 1423 4424 nec
1452 4367 1628 4423 manducarit
1655 4385 1709 4426 nec
1723 4370 1795 4432 bibit,

959 4459 1064 4534 unin
1093 4474 1118 4520 et
1141 4463 1249 4518 deitatis
1272 4461 1481 4533 plenitudinem,
1511 4477 1571 4533 quas
1587 4477 1672 4533 super
1686 4463 1798 4536 angues

998 4554 1080 4609 estin
1096 4569 1126 4607 se
1140 4551 1274 4616 habuerit,
1291 4567 1349 4614 cur,
1371 4550 1439 4605 sicut
1454 4549 1586 4615 diximus,
1613 4552 1798 4608 conscendere

997 4646 1024 4700 in
1042 4641 1141 4697 crelam
1157 4640 1300 4710 nequivit‘.l
1324 4639 1377 4694 Sed
1392 4648 1419 4694 et
1434 4637 1501 4693 ratio
1525 4638 1657 4709 estquod
1671 4640 1800 4697 ascende

996 4740 1040 4795 rit.
1057 4739 1085 4795 Si
1100 4739 1172 4794 enim
1196 4738 1297 4802 locum,
1318 4736 1344 4791 in
1361 4752 1415 4806 quo
1437 4737 1546 4807 hloyses
1566 4737 1656 4790 stabat
1671 4753 1735 4795 cum
1749 4735 1798 4792 sibi

995 4827 1022 4883 in
1038 4829 1107 4883 ruba
1117 4826 1242 4899 apparuit
1257 4825 1389 4882 Dominus
1403 4833 1516 4896 propter
1539 4823 1713 4882 vicinitatem
1725 4841 1798 4882 suam

995 4917 1067 4972 hora
1089 4916 1167 4971 unius
1196 4923 1321 4971 sanctum
1350 4914 1483 4969 Dominus
1511 4913 1633 4984 appellat
1649 4923 1798 4986 etpropter

995 5010 1053 5080 ejus
1068 5010 1236 5067 sanctitatem
1256 5007 1342 5080 lloysi
1356 5008 1479 5081 imperat,
1503 5017 1531 5064 ut
1546 5023 1596 5065 sua
1614 5010 1799 5067 calceamenta

994 5100 1090 5166 solvat,
1106 5099 1200 5154 dicens
1212 5099 1304 5156 :Salve
1313 5098 1540 5154 calceamentum
1550 5099 1584 5155 de
1592 5098 1798 5171 pedaturae.-

994 5192 1071 5246 locns
1081 5191 1157 5246 enim
1177 5190 1208 5243 in
1219 5202 1272 5259 qua
1287 5191 1435 5243 sineterra
1451 5189 1558 5243 scaete
1568 5191 1614 5243 est
1632 5187 1798 5261 (Exedra),

993 5297 1094 5354 corpus
1128 5281 1229 5337 Christi
1254 5280 1282 5334 in
1312 5295 1365 5353 quo
1393 5279 1545 5336 divinitatis
1573 5279 1720 5351 plenitudo
1746 5296 1800 5338 nun

992 5379 1195 5437 momentaneo,
1217 5369 1265 5425 sed
1281 5368 1438 5439 perenniter
1463 5367 1607 5438 habitarit,
1632 5368 1756 5440 nunquid
1769 5371 1796 5425 in

993 5459 1120 5516 sordibus
1134 5458 1227 5513 mundi
1241 5459 1321 5526 hujus
1332 5466 1394 5528 post
1405 5455 1640 5514 resurrectionem
1654 5472 1795 5516 remanere

993 5553 1087 5607 debuit
1104 5554 1118 5606 ‘t
1142 5552 1199 5607 lmo
1211 5551 1294 5620 justa,
1311 5557 1340 5606 at
1351 5549 1478 5618 diximus,
1501 5549 1619 5618 ratione,
1630 5566 1697 5609 cum
1710 5553 1792 5609 deaa-

994 5641 1055 5709 rait,
1069 5648 1234 5711 sursumque
1249 5641 1274 5694 in
1290 5640 1388 5697 caelum
1405 5637 1578 5697 conscendit.

1036 5749 1165 5807 hluxsas.
1194 5749 1296 5821 aperta
1314 5746 1408 5818 quiam
1428 5744 1534 5803 unone
1551 5746 1790 5827 saepiebantur
