3780 6044
24 285 27 289 ¹
63 216 117 291 sss
539 211 830 275 unruouarrouns
843 215 892 293 ss.
907 214 1062 287 resnou,
1075 244 1110 258 -
1124 213 1193 270 rus.
1209 214 1233 271 r.
1661 219 1720 281 spu.

62 333 222 410 nycticorax
240 333 367 392 babitans
390 336 419 393 in
446 336 596 396 domicilio.
625 338 791 411 Nycticorax
819 341 862 395 esi
876 340 904 400 Α
918 345 946 394 ut
960 339 1066 395 catulus
1080 338 1169 396 leonis
1187 337 1315 396 dormivit
1337 353 1400 398 cum
1421 341 1512 398 triduo
1534 338 1562 397 in
1585 340 1716 413 sepulcro

62 424 123 482 avis
137 424 256 482 volitans
273 424 300 481 in
316 425 452 484 tenebris.
471 426 644 484 Domicilium
658 427 863 485 autemestde-
917 435 1024 498 delituit
1032 456 1048 494 -.·
1064 452 1145 512 quem
1158 438 1241 495 Pater
1253 437 1335 494 tertie
1349 439 1394 495 die
1409 437 1564 495 suscitavit.
1580 438 1623 495 id
1638 454 1711 511 prae.

63 521 199 571 structum
225 512 383 583 editicium,
407 511 457 572 ubi
476 516 530 573 soli
549 515 669 588 parieles
701 522 775 573 sunl·
810 514 864 572 Avi
917 525 981 581 darn
996 524 1147 595 descendit,
1169 541 1231 583 cnm
1259 526 1296 581 ad
1320 526 1429 584 iulerua
1455 526 1625 583 descendens
1653 525 1715 583 iorti

63 602 233 674 nycticoraci
247 600 375 659 cbristus
390 613 577 676 comparatur,
593 619 655 661 cum
668 611 730 676 posi
753 619 864 661 crucem
918 613 1031 687 attiguo
1051 614 1139 686 spolia
1153 615 1213 682 sius
1227 614 1349 686 diripuit.
1370 616 1400 672 tn
1423 615 1486 672 vino
1508 615 1605 672 stolam
1635 614 1713 681 uvir,

63 696 93 753 in
106 696 276 754 domicilium
292 697 411 768 sepulcri
427 699 546 770 ponitur,
561 713 596 755 eo
616 715 667 770 per
688 698 794 769 aliquot
814 698 865 754 bo·
884 716 887 721 ·
917 716 981 759 cum
990 717 1091 773 eorpus
1101 718 1179 758 snum
1190 703 1323 775 sanguiue
1331 702 1447 758 maduit.
1463 704 1493 759 ln
1510 702 1644 776 sanguine
1660 701 1713 758 oli·

63 784 350 842 l'flSlfllDlllhdbllDl'e
364 787 491 844 docelul'.
509 787 707 844 Deindelel'lia
721 787 765 843 dle
789 785 864 860 Vigl·
918 812 960 853 vae
972 796 1083 868 pallium
1098 814 1176 853 guum
1191 797 1267 866 lavit,
1292 814 1356 856 gum
1382 799 1533 857 Egglggigm
1558 798 1620 856 0100
1642 798 1715 856 chri.

63 873 142 941 lavit,
157 881 186 931 et
200 874 287 932 iactus
301 882 344 933 est
358 875 427 933 sicut
441 892 538 948 passer
563 876 704 933 solitarius
726 875 753 932 in
778 882 866 943 tecto,
918 885 1015 942 umeris
1029 885 1216 943 sanctificavit,

64 964 130 1039 ‘lul‘
158 979 222 1021 ⁰⁰⁰¹
247 965 275 1020 5¹¹
304 964 432 1036 l>³⁸⁸i⁰t¹0
459 964 630 1035 d0lffli⁸⁸0l2
659 980 693 1023 ⁸⁰
717 965 820 1025 ⁶0¹⁰(st
847 978 866 1022 ¹
953 983 1000 1040 list
1015 983 1070 1040 ulia
1084 984 1175 1040 bellna
1189 1000 1302 1059 quoque
1326 1000 1407 1059 quam
1422 984 1590 1042 crocodilum
1608 984 1712 1055 dicunt,

63 1072 155 1142 morte
169 1061 369 1120 resurrexisset
384 1062 528 1121 iectusest
542 1064 615 1120 sicut
627 1078 726 1135 pesser
739 1064 864 1133 avolans,
917 1072 1077 1130 paenorum
1092 1074 1192 1146 pedum
1206 1074 1234 1129 in
1249 1074 1429 1149 longitudine,
1446 1076 1511 1133 flue
1526 1074 1664 1131 interdum
1687 1075 1715 1133 in

65 1152 120 1210 hoc
139 1160 182 1209 est
207 1151 238 1209 ln
266 1152 368 1209 cretum
395 1153 559 1220 emendans,
587 1151 634 1208 ubi
664 1153 743 1227 quusi
770 1152 867 1210 solita·
917 1163 1005 1235 aquis,
1022 1171 1184 1220 curavero
1198 1170 1323 1219 moretur
1349 1163 1493 1229 interris:
1515 1170 1714 1236 praetereuntes

64 1241 122 1297 rius
136 1240 166 1296 in
183 1248 264 1311 tecto,
281 1240 311 1296 id
324 1241 413 1298 estin
427 1242 498 1300 coelo
512 1241 548 1298 ad
562 1241 704 1299 dexteram
718 1241 805 1298 Petris
819 1257 866 1299 re·
917 1251 1036 1322 invadit,
1051 1251 1161 1320 lacerat,
1178 1251 1301 1319 devoret,
1318 1251 1346 1307 in
1370 1251 1428 1309 sole
1448 1261 1542 1324 aperto
1564 1266 1614 1308 ore
1642 1251 1711 1309 dor-

65 1329 148 1405 orsi.
320 1379 321 1383 κ
918 1348 1145 1405 missamissa
1174 1347 1243 1417 Quis
1267 1348 1360 1422 iisque
1383 1364 1434 1420 per
1457 1349 1640 1415 crocodilum,
1665 1347 1717 1406 nisi

102 1441 150 1498 leti
163 1450 230 1499 sunt
241 1442 280 1498 illi
293 1450 350 1499 tres
365 1440 435 1508 dies,
450 1456 483 1498 ex
499 1440 597 1514 quibus
615 1439 784 1497 illuminatur
803 1440 864 1497 ani·
918 1436 1052 1504 diabolus,
1069 1435 1236 1503 declaratur,
1253 1438 1376 1510 quiante
1394 1437 1496 1494 Christi
1519 1437 1667 1494 adrentum
1688 1438 1717 1494 io

66 1547 126 1588 rna.
146 1532 201 1589 Sed
215 1531 394 1604 primusdies
409 1538 451 1587 est
475 1531 566 1599 timor,
590 1529 727 1588 secundus
750 1529 863 1599 renus,
918 1525 997 1583 iluris
1022 1525 1153 1583 cordibus
1177 1525 1330 1598 gentilium,
1352 1541 1426 1585 nunc
1457 1534 1548 1583 autem
1577 1527 1605 1583 in
1634 1526 1719 1582 aridia

66 1620 165 1677 tertius
177 1629 220 1677 est
234 1621 364 1678 charitas.
380 1621 446 1677 Dies
461 1619 566 1676 brueris
579 1627 622 1676 est
643 1618 702 1676 dies
725 1619 863 1691 potestiae,
915 1615 1051 1671 mentibus
1064 1615 1221 1672 iudeorum
1235 1623 1370 1673 versetur.
1389 1615 1424 1672 lli
1447 1623 1646 1688 praetereuntes
1670 1614 1719 1671 de-

67 1710 171 1781 quiesi
194 1710 280 1765 Patris
295 1724 302 1780 ;
317 1709 377 1765 dies
404 1708 525 1765 veritatis
554 1717 594 1764 est
620 1708 682 1764 dies
710 1707 861 1779 sapienties,
877 1696 905 1757 B
920 1714 1029 1772 vorent,
1046 1703 1112 1775 quia
1124 1712 1239 1761 cunctos
1252 1711 1315 1760 ante
1329 1704 1428 1760 Christi
1442 1703 1718 1776 passionem-obeun-

66 1805 121 1862 hoo
138 1812 181 1862 est
195 1805 255 1861 lilii
269 1823 278 1874 ς
293 1805 354 1862 dies
368 1805 510 1863 obediatis
528 1813 569 1861 est
591 1804 653 1860 dies
678 1803 864 1876 benignitatis,
919 1808 962 1857 tea
977 1801 1013 1857 ad
1027 1808 1130 1856 tartara
1145 1800 1283 1872 rapiebat·
1294 1800 1348 1858 Sed
1360 1800 1720 1874 adbncapertoorelluentt

65 1892 95 1949 id
109 1902 152 1950 est
165 1893 225 1950 dies
238 1894 356 1966 Spiritus
371 1894 471 1951 uncti.
496 1893 563 1950 Dies
586 1892 696 1966 quidem
720 1893 815 1960 Patris,
839 1899 868 1950 et
918 1889 1046 1946 iordanis
1062 1889 1214 1946 absorbere
1237 1889 1334 1957 inhiat,
1358 1890 1421 1964 quia
1449 1890 1547 1947 aridus
1568 1889 1719 1961 baptizatos

67 1981 128 2038 dies
142 1982 213 2051 Filii,
229 1991 257 2039 et
271 1982 331 2039 dies
347 1983 466 2055 Spiritus
481 1982 580 2049 sancti,
605 1982 635 2039 iu
655 1981 779 2039 claritate
798 1980 867 2037 diri·
919 1977 999 2034 etiam
1015 1978 1150 2035 devorare
1164 1978 1285 2035 lestinet.
1302 1979 1351 2035 Est
1364 1986 1391 2035 et
1411 1977 1467 2036 alia
1487 1978 1594 2049 bestia
1608 1977 1720 2035 nomine

65 2071 171 2139 nitatis,
186 2087 257 2128 unus
273 2072 406 2143 diee‘ast;
427 2071 476 2128 sed
498 2071 526 2127 in
547 2079 648 2128 nostrae
666 2070 867 2128 illuminatione
919 2067 1043 2135 enidrus,
1060 2067 1148 2140 spinis
1162 2067 1285 2140 repletus
1298 2067 1374 2124 velut
1386 2067 1500 2125 ericius.
1522 2069 1586 2126 llaec
1608 2067 1667 2125 luto
1687 2082 1719 2127 aa

66 2168 177 2235 mentis,
194 2170 273 2244 quasi
287 2170 371 2227 alium
386 2170 458 2226 diem
474 2171 563 2240 Pater,
576 2169 659 2226 abunt
687 2169 865 2238 diemiitins,
919 2165 1045 2223 insolens
1068 2173 1195 2237 apertum
1218 2182 1251 2223 os
1274 2165 1408 2223 crocodili
1432 2165 1607 2238 ingreditur,
1642 2181 1720 2222 moa·

69 2258 152 2315 alium
166 2258 241 2315 diem
257 2259 376 2331 Spiritus
396 2267 507 2316 sanctus
528 2258 622 2326 babet,
645 2273 702 2314 non
724 2257 798 2332 quod
821 2257 866 2314 ul·
897 2262 902 2299 :
920 2271 975 2328 que
989 2255 1024 2310 ab
1038 2270 1072 2311 eo
1086 2254 1247 2329 deglutitur.
1263 2254 1331 2324 Ques
1344 2264 1443 2312 cuncta
1456 2255 1566 2312 interna
1579 2255 1638 2325 eins
1658 2253 1718 2327 spib

67 2343 175 2400 latenus
189 2343 358 2400 credendum
372 2342 409 2398 sit
422 2343 592 2409 Trinitatem,
605 2358 667 2416 quea
676 2342 868 2415 inseparabilis
919 2342 963 2399 uis
978 2343 1109 2408 terebrat,
1126 2352 1152 2400 et
1167 2350 1283 2400 enecata
1297 2342 1383 2399 bestia
1393 2343 1460 2400 viva
1469 2351 1589 2400 remeet·
1601 2340 1721 2400 bestiola

68 2441 110 2489 est
130 2440 240 2500 umora,
261 2432 288 2487 iu
307 2431 468 2504 operatione
485 2447 569 2503 posse
597 2431 733 2504 seperari,
760 2431 811 2487 sed
837 2437 868 2487 ut
920 2432 1032 2504 spinosa
1042 2439 1084 2489 est
1093 2430 1193 2489 Christi
1201 2447 1275 2502 cero,
1293 2431 1398 2489 nostris
1406 2432 1526 2488 miseriis
1547 2446 1716 2489 erumnose.

68 2528 210 2586 distinctio
223 2544 407 2600 personarum
420 2529 450 2584 in
464 2528 639 2586 distinctione
653 2543 767 2600 operum
778 2527 868 2585 valeat
920 2530 987 2587 llaec
1000 2545 1031 2586 se
1044 2529 1102 2585 luto
1116 2529 1229 2586 involvit
1243 2528 1309 2585 duro
1323 2528 1480 2602 opprobriis
1501 2528 1596 2586 mortis
1617 2543 1718 2586 succu-

68 2616 197 2691 intelligi.
223 2617 340 2687 Quando
359 2633 426 2692 ergo
453 2619 574 2691 potentie
605 2618 666 2689 Dei,
696 2617 868 2675 considerata
920 2619 988 2674 buit.
1003 2617 1105 2674 Delluie
1119 2634 1153 2675 os
1171 2618 1330 2692 ingreditur,
1353 2619 1420 2674 duni
1442 2617 1589 2675 insatiabili
1609 2616 1718 2675 inlerno

67 2706 96 2764 in
116 2706 306 2773 admiratione,
332 2722 382 2764 cor
404 2714 528 2763 nostrum
551 2705 662 2774 excitet,
685 2705 747 2764 dies
770 2706 866 2775 Petris,
919 2709 1081 2765 devoratur.
1098 2707 1151 2765 Sed
1170 2707 1276 2764 interne
1291 2707 1391 2764 belluae
1405 2707 1551 2774 eviscerat,
1573 2714 1602 2763 et
1619 2706 1718 2764 victrix

67 2802 120 2852 eet.
136 2794 253 2864 Quando
267 2811 335 2852 vero
349 2795 485 2867 sapientia
504 2795 556 2852 Dei
578 2794 704 2867 inspecta
727 2794 868 2866 agnitione
919 2795 1074 2871 egreditur,
1090 2796 1155 2870 quie
1168 2796 1293 2854 Christus
1306 2794 1449 2853 infernum
1465 2796 1601 2868 despoliet
1615 2804 1642 2853 et
1656 2810 1719 2852 cum

67 2891 203 2962 veritatis,
227 2907 278 2950 cor
300 2901 425 2949 nostrum
447 2892 604 2949 illuminat:
632 2891 693 2949 dies
720 2892 783 2950 Filii
808 2900 863 2949 est.
920 2895 1009 2951 aliiae
1023 2902 1114 2951 morte
1123 2910 1286 2968 resurgens,
1306 2895 1446 2952 vietor-ad
1467 2903 1541 2951 astra
1562 2895 1718 2951 revertitur.

67 2981 187 3052 Quando
201 2989 292 3038 autern
307 2981 465 3055 benignitas
490 2981 541 3039 Dei
564 2989 666 3037 attenta
688 2981 723 3038 ad
745 2997 867 3039 amorem
920 2983 956 3040 lit
969 2984 1107 3057 quomodo
1122 2984 1240 3040 benamu
1253 2991 1378 3041 mortuus
1388 2982 1548 3050 resurrexit,
1562 2998 1720 3039 resurrexe-

68 3086 118 3128 cor
131 3077 257 3127 nostrum
270 3070 421 3126 inllammat
438 3087 445 3125 ε
472 3070 532 3126 dies
554 3079 611 3128 est·
625 3070 743 3142 Spiritus
770 3070 867 3127 sancti
882 3055 908 3122 G
922 3079 985 3128 runt
1000 3072 1086 3128 multa
1101 3087 1230 3144 corpora,
1254 3079 1287 3128 nt
1311 3071 1454 3129 Dominum
1479 3071 1656 3128 ostenderent
1670 3087 1721 3128 re·

69 3159 195 3218 Potentia
219 3166 329 3226 terret,
359 3159 495 3232 sapientia
525 3159 683 3230 illuminet,
716 3157 870 3233 benignitas
922 3169 1091 3234 surgentem,
1105 3167 1133 3217 et
1148 3169 1206 3216 turn
1234 3168 1412 3218 monumenta
1438 3167 1531 3232 aperta
1555 3167 1642 3216 suut:
1670 3160 1721 3215 sed

68 3257 199 3314 indicat.
215 3256 244 3313 ln
257 3256 306 3312 die
323 3255 455 3328 potentiae
470 3272 521 3328 per
534 3256 658 3313 timorem
673 3256 824 3320 morimur:
841 3256 870 3313 itt
922 3275 979 3316 non
997 3265 1060 3315 ante
1079 3265 1287 3315 resurrexerunt
1315 3272 1398 3330 quam
1426 3257 1560 3314 Dominus
1589 3264 1619 3313 ut
1646 3263 1722 3314 emet

69 3346 116 3402 die
129 3345 272 3418 sapientiae
286 3362 337 3418 per
352 3344 612 3418 contemplationem
626 3337 750 3402 ueritatis
762 3361 778 3401 a
796 3352 871 3402 stre-
923 3346 1120 3421 primogenitus
1131 3346 1338 3403 resurrectionis
1348 3363 1381 3402 eu
1392 3345 1514 3411 mortuis.
1527 3368 1538 3396 u
1550 3346 1723 3404 Intraverunt

70 3437 129 3509 pitu
145 3435 240 3491 mnndi
254 3435 424 3508 sepelimur;
439 3434 466 3490 in
482 3435 528 3491 die
541 3434 715 3507 benignitatis
725 3451 776 3506 per
796 3449 872 3491 emo·
924 3436 1021 3508 itaque
1034 3444 1155 3493 uncum
1169 3435 1308 3493 civitatem
1321 3436 1433 3507 (liciti.
1449 3441 1546 3500 aaut).
1564 3458 1576 3486 u
1592 3434 1722 3494 Sanctam

70 3524 522 3581 rernetdesideriurn-aeternorum
534 3522 873 3597 bonorumresurgimus,
924 3525 1062 3583 civitatem
1076 3524 1146 3581 dixit
1160 3532 1205 3582 aut
1229 3527 1373 3584 coelestem
1401 3524 1585 3592 llierusalem,
1613 3524 1642 3580 in
1669 3539 1722 3596 utta

71 3624 166 3696 ltaque
180 3622 209 3678 in
223 3621 268 3679 die
282 3622 421 3693 potentiae,
437 3630 519 3679 sexto
532 3621 579 3679 die
599 3621 723 3678 Christus
745 3628 871 3678 mortuam
924 3622 976 3681 visi
1006 3629 1080 3690 sunt,
1094 3630 1138 3679 ent
1162 3630 1335 3691 terrestrem,
1358 3639 1420 3696 quie
1443 3631 1638 3681 enteasencta
1660 3621 1721 3679 init

71 3720 114 3768 est
129 3730 138 3779 i
154 3714 273 3782 septimo
287 3710 333 3767 die
348 3710 376 3767 in
391 3710 519 3781 sepulcro
530 3709 617 3780 iacuit
632 3728 639 3774 ;
655 3718 754 3768 octavo
775 3709 820 3766 die
842 3716 874 3765 nt
924 3721 1038 3785 propter
1051 3710 1191 3784 templum,
1208 3719 1235 3768 et
1248 3719 1344 3769 sanem
1357 3719 1528 3779 sauctorum,
1540 3721 1565 3769 et
1576 3711 1612 3768 ad
1625 3712 1722 3769 dietin-

72 3799 116 3857 leo
137 3799 299 3856 resurrexit.
323 3800 364 3856 De
386 3815 443 3872 quo
464 3799 544 3856 leone
567 3798 653 3856 lertar
670 3799 743 3873 quod
771 3798 873 3870 apertis
925 3800 1044 3859 ctionem
1054 3800 1171 3857 aliarum
1181 3800 1450 3874 urbium,inquibus
1461 3800 1537 3857 idola
1549 3800 1725 3858 colebantur.

72 3887 161 3945 oculis
175 3887 306 3955 dormiat,
322 3895 350 3945 et
364 3888 454 3945 cauda
468 3904 519 3944 sue
533 3888 652 3962 vestigia
671 3887 773 3954 deleat,
798 3903 834 3945 ne
857 3901 874 3942 a
925 3889 1448 3962 linitisapparuerunt,bisvidelicetqui
1458 3888 1550 3947 videre
1560 3894 1728 3961 meruerunt.

73 3985 249 4043 venatoribus
264 3985 383 4044 inveniri
398 3993 491 4057 queat,
506 3987 549 4041 lta
568 3985 701 4042 Dominus
716 3986 806 4049 iesus,
830 3984 874 4041 leo
926 3988 1100 4059 (Rsnroius.)
1112 3987 1145 4042 lli
1167 3987 1318 4044 creduntur
1338 4002 1401 4045 curn
1427 3986 1545 4043 Domino
1566 3984 1731 4042 ascendente

73 4073 108 4130 de
124 4073 199 4129 tribu
210 4074 291 4141 iuda,
306 4074 443 4144 dormivit,
457 4077 486 4132 ei
498 4089 626 4131 somnum
640 4073 738 4131 mortis
749 4072 821 4146 oepit
846 4072 874 4129 in
926 4075 1087 4134 escendisse
1102 4083 1206 4132 tantum
1221 4075 1378 4133 simulcum
1388 4089 1514 4146 corpore.
1527 4072 1614 4147 igitur
1624 4079 1732 4143 niptri-

74 4162 265 4228 bumanitetee
280 4163 329 4219 sed
345 4162 469 4237 vigilavit
492 4162 693 4220 indivinitate.
717 4161 874 4236 llysterinm
927 4161 1732 4235 latumest,sicutindiepotentiaeseatedieCirristusnior·

75 4258 178 4309 nostres
191 4251 371 4324 reparationis
388 4267 472 4309 cerne
486 4251 526 4310 sic
539 4251 646 4320 celavit,
663 4251 758 4323 quode
768 4250 875 4307 daemo-
927 4260 1051 4318 tuusest,
1074 4251 1192 4324 septima
1210 4252 1255 4309 die
1272 4251 1300 4308 in
1322 4251 1451 4324 sepulcro
1463 4253 1558 4323 pouit,
1574 4255 1673 4309 cctam
1687 4249 1733 4306 die

74 4348 157 4404 nibus
171 4347 198 4403 in
214 4348 455 4420 persecutionibus
468 4347 595 4422 indagari
610 4362 664 4404 non
680 4347 779 4404 veluit.
796 4346 874 4404 Dici·
929 4349 1089 4413 resurrexil,
1103 4349 1143 4407 ita
1157 4349 1238 4407 simili
1253 4348 1336 4407 modo
1352 4349 1473 4423 primurn
1487 4348 1608 4421 potentia
1634 4347 1662 4404 in
1684 4346 1730 4404 die

75 4435 215 4493 teretium
232 4436 305 4508 quod
334 4436 421 4493 leaeon
446 4437 552 4494 catulos
574 4453 639 4493 suos
662 4443 787 4492 mortuos
810 4417 915 4493 tun-D
932 4456 981 4497 suo
997 4439 1183 4511 pertimerem
1199 4454 1280 4495 noae
1307 4437 1463 4496 carnalibus
1491 4437 1637 4496 deuderiis
1662 4435 1730 4494 loris

76 4524 133 4594 dat,
149 4532 177 4581 et
190 4523 242 4596 ipsi
256 4524 290 4580 nd
305 4540 399 4583 vocem
414 4525 498 4598 patris
512 4525 649 4599 rugientia
662 4524 707 4581 die
721 4523 801 4585 tertio
814 4540 879 4580 sur·
931 4529 1049 4595 occidat,
1064 4527 1164 4584 deinde
1179 4526 1313 4601 sapientia
1335 4527 1364 4584 in
1387 4527 1431 4584 die
1454 4542 1508 4595 suo
1523 4526 1596 4597 intus
1615 4526 1644 4583 in
1666 4525 1730 4582 aba·

76 4620 155 4687 gant.
175 4613 221 4670 Sic
234 4613 329 4670 triduo
354 4612 483 4671 Christus
511 4614 558 4687 qui
586 4613 616 4670 in
643 4611 771 4686 sepulcro
792 4613 879 4684 jacuit
932 4618 1042 4676 condito
1068 4617 1304 4690 contemplationis
1324 4616 1462 4690 sepeliet:
1487 4624 1627 4686 postremo
1648 4614 1729 4671 beni·

78 4718 214 4779 mortuus,
230 4710 276 4767 die
290 4711 367 4767 tertia
382 4710 513 4767 surrexit.
536 4711 623 4767 Petris
646 4726 714 4768 voce
736 4726 878 4785 experge-
931 4716 1022 4790 gnitas
1035 4716 1063 4772 in
1078 4716 1123 4772 die
1137 4730 1187 4772 suo
1202 4715 1424 4787 perdesiderium
1434 4710 1730 4772 diuiniamorisuiviii·

78 4799 179 4867 ῐιιῦῑιιι,
194 4799 266 4857 titul
279 4799 348 4857 olim
363 4800 398 4858 de
413 4815 447 4856 eo
460 4799 589 4873 predixit
608 4800 695 4857 iacob
717 4799 879 4872 patriarche
932 4814 1011 4862 cotos
1027 4819 1185 4877 exsurgere
1199 4803 1290 4869 beist,
1308 4803 1373 4877 quia
1387 4812 1480 4861 sextus
1494 4802 1530 4860 ad
1544 4803 1677 4866 laborem.
1688 4815 1731 4857 ee·

78 4888 260 4963 praecipuus:
278 4911 290 4938 ι
307 4887 376 4945 luda
392 4888 510 4946 dormiet
524 4897 553 4945 ut
566 4889 674 4947 catulus
688 4887 794 4946 leonis:
814 4887 878 4961 quia
930 4894 1043 4967 ptimus,
1058 4890 1095 4948 ad
1108 4892 1244 4965 requiem,
1254 4900 1368 4950 oetam
1375 4890 1493 4965 pertinet
1502 4891 1538 4947 ed
1549 4889 1730 4947 resurrectio-

79 4988 295 5057 διδοὶῑιῦἰῑθιιῐιι
309 4990 324 5045 ‘l
338 4988 381 5049 Ad
404 4988 535 5062 imiimi
559 4987 598 5044 fili
620 4986 668 5055 mi.
693 4984 873 5045 dewendissli·
903 5014 907 5023 ·
930 5010 1008 5051 nem.
1027 4990 1206 5063 Quamnobis
1220 4990 1441 5049 misericorditer
1455 4989 1578 5047 tribuere
1600 4987 1731 5061 dignetur

79 5077 196 5138 Larubit
208 5076 238 5133 in
252 5078 317 5134 vino
331 5077 429 5136 stolam
446 5093 535 5145 suam,
551 5085 579 5134 et
591 5076 620 5133 in
643 5074 778 5149 sanguine
798 5074 878 5135 olive
930 5081 1067 5139 Dominus
1081 5087 1177 5139 noster
1189 5081 1271 5137 iesus
1284 5079 1420 5144 cbristus,
1435 5078 1483 5150 qui
1498 5093 1549 5150 pro
1561 5076 1643 5134 nobis
1654 5091 1730 5143 more

79 5176 193 5250 pellium
207 5176 363 5251 sum-(dac.
380 5176 466 5249 aua).
483 5200 496 5234 s
512 5175 645 5234 Dominus
658 5174 695 5232 de
715 5173 789 5231 tribu
809 5172 878 5231 iude
930 5179 993 5229 tuus
1003 5168 1067 5230 vivit
1081 5176 1108 5228 et
1121 5177 1218 5243 regnat
1228 5169 1303 5225 Dens
1315 5184 1367 5243 per
1379 5165 1482 5236 omnm,
1498 5174 1551 5225 etc.
