3780 6038
103 236 160 294 5l'l
631 278 634 283 .
695 229 871 292 EPISTOLAE
889 231 935 291 ΕΤ
952 225 1162 291 Pnlvrtttdra.
1701 236 1754 300 519

104 360 291 419 cluniacensis
333 369 361 417 et
393 360 581 434 religiosorum
615 358 733 415 uirorum
763 359 904 430 episcopc-
918 361 946 423 Α
962 359 1073 430 dignrrm
1086 358 1274 428 judicavimus,
1303 362 1416 431 qualiter
1428 380 1462 418 ex
1490 372 1625 435 praecepto
1652 366 1755 423 domini

103 467 166 506 rum
181 458 263 520 atqua
276 450 408 506 abbatum
423 450 495 519 apud
505 448 729 521 Augustodunum
744 448 807 502 ldus
822 448 906 503 Octo-
959 448 1041 502 nostri
1058 464 1137 519 papae
1151 450 1252 506 Urbani
1267 466 1316 519 pro
1337 468 1416 508 causa
1436 453 1559 508 Falconis
1572 454 1755 528 Andegaren-

103 538 162 595 bris
187 539 334 594 concilium
362 538 517 594 habendum
546 537 749 607 designavimus
765 551 772 606 ;
788 535 907 606 adquod
959 537 1027 591 sium
1042 537 1149 592 conritis
1163 555 1247 609 usqua
1273 539 1307 594 ad
1321 539 1388 595 fines
1401 540 1608 613 nndegovorum
1630 544 1756 601 veniendi

104 628 278 684 dilectionem
294 635 411 682 uestram
427 626 574 698 apostolica
585 625 742 681 auctoritate
751 626 905 681 invitamus.
960 625 1141 687 obedientiam
1157 627 1331 699 suscepimus,
1351 636 1380 684 ut
1410 646 1471 686 eum
1483 647 1499 686 a
1512 631 1620 688 uinculo
1648 632 1758 689 anathe-

105 718 141 773 Et
154 716 433 787 quamviscredamus
447 730 560 770 rosnon
577 715 701 787 ignorare
712 714 775 784 quid
791 715 824 768 de
838 715 907 769 cba—
960 714 1048 779 matis,
1080 731 1133 784 quo
1160 715 1264 772 diutino
1305 724 1427 789 tempore
1453 719 1596 776 innodatus
1624 730 1681 777 erat
1708 737 1757 794 pru

105 806 214 861 rissimc
228 804 311 860 fratre
325 811 416 860 nostro
444 803 569 860 ilamensi
584 802 788 873 archiepiscopo
816 801 907 857 uelde
960 802 1085 874 captione
1101 803 1188 858 fratris
1211 805 1251 860 sui
1267 803 1399 872 Gausridi,
1418 824 1497 877 quem
1513 809 1621 865 inbelle
1649 810 1757 881 publico

106 893 252 967 privilegio
274 892 346 965 quod
374 893 409 948 ab
428 892 565 962 aposolica
583 891 647 947 sede
670 892 774 960 accepit
792 890 909 947 domnus
960 899 1078 960 ceperat,
1094 891 1316 949 absolveremus:
1333 911 1393 950 cum
1418 903 1505 952 umen
1521 897 1579 969 ipse
1606 912 1697 954 comas
1710 915 1758 955 ra-

106 999 180 1054 papa
194 981 274 1038 nobis
287 981 465 1047 mandauerit,
482 981 541 1051 ipsa
553 987 642 1035 tamen
656 979 716 1048 ejus
726 978 909 1049 scriptavobis
962 981 1062 1035 tionem
1078 980 1199 1048 reddere,
1229 989 1273 1036 aut
1287 983 1451 1050 satisfacere,
1468 991 1514 1040 aut
1524 986 1656 1055 judicium
1667 984 1758 1043 subire

106 1071 266 1140 direximus,
294 1071 392 1141 quibus
413 1086 464 1125 noa
490 1069 524 1124 de
552 1069 594 1124 his
616 1076 677 1140 post
695 1069 786 1138 aliqua
809 1068 836 1122 in
850 1070 909 1124 brac
961 1085 1016 1124 non
1044 1068 1265 1142 subterfugeret:
1282 1071 1337 1127 imo
1367 1088 1474 1143 semper
1488 1081 1595 1145 paratus
1622 1083 1692 1131 esset
1706 1094 1713 1132 t
1728 1084 1759 1132 ut

106 1159 277 1216 commonuit
289 1159 374 1215 rerba
390 1178 397 1214 :
415 1180 427 1207 ι
446 1158 479 1215 Et
495 1174 545 1213 nos
560 1156 685 1212 Remensi
695 1157 824 1213 Ecclesiae
834 1154 910 1210 debi·
962 1157 1080 1212 virorum
1097 1157 1277 1229 probabilium
1307 1160 1464 1216 elericorum
1493 1169 1520 1217 et
1533 1162 1663 1219 laicorum
1691 1163 1760 1219 rela-

108 1257 165 1305 tam
188 1247 368 1304 reverentiam
396 1254 585 1303 conservantes
612 1246 639 1300 in
663 1245 809 1318 privilegio
837 1243 910 1315 quod
963 1245 1036 1301 tione
1049 1247 1236 1319 cognovimus
1262 1248 1403 1317 praelatuss
1431 1249 1513 1306 frater
1539 1251 1607 1323 ejus,
1638 1259 1760 1324 tempora

109 1336 241 1392 confratri
251 1345 341 1392 nostro
357 1335 489 1392 llainaldo
516 1334 719 1405 archiepiscopo
747 1333 870 1388 dedimus
884 1339 911 1387 et
964 1348 1017 1405 quo
1031 1341 1125 1406 captus
1135 1334 1193 1400 luit,
1209 1352 1225 1391 a
1244 1336 1381 1408 Stephano
1396 1338 1532 1394 cardinale
1545 1340 1676 1397 Romanae
1688 1341 1760 1397 sedis

109 1426 253 1482 statuimus
266 1442 300 1480 ne
320 1425 380 1496 ejus
403 1441 491 1479 eausae
506 1424 614 1478 alterius
628 1423 678 1477 nisi
705 1422 818 1478 Romani
837 1438 909 1491 pon·
964 1423 1112 1495 legatopro
1122 1424 1281 1480 multimoda
1299 1426 1406 1493 injuria,
1424 1443 1504 1497 quarn
1515 1428 1649 1485 inferebat
1674 1430 1758 1486 Turo-

111 1513 189 1570 tifieis
210 1514 321 1569 arbitrio
350 1511 529 1579 decidantur,
546 1510 618 1581 quod
646 1518 673 1566 et
695 1510 728 1566 de
751 1518 910 1567 cmtcromm
964 1512 1039 1567 ncnsi
1049 1512 1214 1568 Ecclesiaeet
1227 1514 1320 1569 abbati
1335 1515 1363 1571 S.
1393 1517 1498 1571 Mardoi
1522 1518 1634 1588 Majoris
1661 1533 1758 1575 mona·

110 1605 304 1675 episcoporum
319 1601 468 1672 maioribus
482 1602 570 1656 causis
583 1616 718 1656 canonum
733 1600 799 1655 scita
812 1599 911 1655 consti·
964 1600 1050 1669 sterii,
1068 1602 1322 1657 excommunicatus
1337 1610 1405 1668 erat,
1421 1613 1448 1660 et
1463 1605 1575 1662 Fulconi
1589 1606 1653 1664 huic
1680 1607 1760 1679 prin·

110 1699 227 1748 luerunt.
240 1691 320 1760 Quod
345 1690 472 1747 videlicet
485 1690 522 1746 ita
537 1689 706 1744 sentiendum
726 1696 808 1743 estut
822 1689 949 1784 nullusB
964 1690 1072 1761 oipatus
1096 1689 1309 1762 Andegavensis
1331 1692 1478 1749 comitatus
1488 1694 1523 1748 ab
1544 1695 1605 1765 ipso
1619 1694 1712 1768 legato
1723 1712 1761 1753 ex

108 1781 215 1853 primas
228 1779 304 1850 quasi
328 1795 377 1851 pro
392 1777 521 1850 peculiari
534 1776 664 1833 Ecclesiae
678 1792 734 1832 suae
760 1775 910 1833 reuerentia
964 1786 1043 1849 parte
1065 1778 1096 1834 S.
1116 1779 1188 1835 Petri
1199 1780 1314 1837 donatus
1339 1789 1410 1837 erat.
1441 1781 1528 1852 Quam
1540 1784 1652 1855 quidem
1677 1792 1705 1841 et
1726 1786 1760 1840 ab

111 1869 139 1925 id
153 1875 303 1939 prasumat
316 1867 435 1940 exigere.
452 1866 520 1922 Cum
535 1881 599 1921 uero
614 1865 705 1937 legato
720 1865 834 1920 Romani
844 1881 912 1936 pon·
965 1867 1097 1923 avunculo
1111 1884 1160 1924 suo
1187 1868 1317 1925 Gauirido
1332 1886 1489 1926 concessum
1518 1872 1608 1941 luisse,
1640 1873 1760 1930 virorum

112 1955 193 2013 tificis
207 1956 358 2027 subjicitur,
387 1956 437 2027 ipsi
453 1956 502 2010 soli
516 1954 657 2025 subjicitur
666 1954 743 2025 cujus
770 1970 818 2026 per
832 1955 911 2026 lega·
964 1957 1146 2026 probabilium
1171 1957 1204 2012 de
1230 1959 1366 2014 nobilibus
1388 1960 1443 2015 suis
1464 1961 1553 2018 veraci
1582 1962 1761 2035 cognovimus

113 2055 171 2102 tum
186 2047 261 2103 vices
275 2054 399 2118 aguntur.
415 2045 450 2100 Et
463 2044 550 2113 ipsum
570 2059 635 2115 ergo
646 2043 806 2099 Remensem
817 2050 843 2098 et
860 2059 912 2099 cae·
966 2045 1105 2100 relations.
1119 2046 1176 2102 Nos
1203 2047 1286 2119 igitur
1299 2049 1357 2103 haec
1371 2056 1494 2119 suscepta
1510 2050 1654 2122 legatione,
1669 2056 1699 2106 ut
1724 2051 1762 2107 ri·

113 2134 382 2207 terosquilegationi
402 2142 454 2188 ture
468 2132 555 2188 solent
569 2148 626 2187 esse
640 2130 754 2201 subjecti
769 2130 803 2186 ad
817 2130 912 2187 conci·
969 2150 1021 2206 gor
1032 2136 1187 2207 apostolicae
1200 2136 1360 2193 obedientiae
1387 2137 1609 2208 majorianobis
1636 2146 1762 2196 tractara-

111 2223 180 2279 lium
203 2231 257 2279 tura
271 2221 458 2279 sollicitudinis
472 2221 588 2277 studium
603 2227 733 2276 convocet
747 2228 772 2276 et
786 2220 912 2277 Ecclesiae
965 2232 1009 2278 tur
1021 2225 1187 2290 auctoritate,
1202 2226 1384 2282 venerabilem
1408 2227 1516 2282 fratrem
1527 2235 1647 2283 nostmm
1661 2227 1762 2283 bituri-

112 2321 216 2369 sanctae
231 2311 389 2369 utilitatibus
402 2310 477 2367 omni
497 2308 710 2365 dissimulatione
723 2310 840 2379 seposita
855 2310 911 2364 ler—
964 2327 1073 2369 censam
1085 2314 1316 2385 archiepiscopum
1332 2316 1510 2372 exsecutionis
1524 2316 1604 2387 hujus
1632 2317 1761 2373 adhibui-

112 2408 208 2457 renter
222 2400 338 2457 insudet.
358 2422 369 2449 i
386 2399 467 2454 Juxta
481 2399 540 2453 lunc
554 2414 619 2471 ergo
634 2397 726 2453 domni
737 2414 815 2470 papoe
830 2398 913 2455 verba
966 2418 1026 2457 mus
1040 2402 1142 2457 socium
1159 2417 1166 2471 ;
1183 2411 1210 2458 et
1232 2403 1270 2459 sic
1298 2403 1377 2459 simul
1402 2405 1481 2476 positi
1510 2406 1621 2461 fratrem
1646 2407 1760 2476 comitis,

112 2489 149 2547 ad
173 2490 377 2546 denominatum
401 2488 545 2544 concilium
575 2486 768 2542 fraternitatem
796 2495 912 2543 vestram
966 2506 1046 2560 quem
1064 2498 1171 2562 captum
1188 2491 1373 2562 audiebamus,
1389 2495 1513 2550 consulto
1527 2494 1762 2565 adivimusQuem

113 2595 177 2635 cum
193 2577 337 2635 abbatibus
365 2577 459 2633 vestris
468 2576 615 2648 apostolica
629 2576 784 2632 auctoritate
812 2576 912 2633 invita·
967 2580 1003 2633 ita
1016 2579 1191 2648 desipientem
1207 2580 1368 2652 invenimus,
1381 2589 1410 2637 ut
1425 2581 1560 2638 ferebatur
1574 2583 1761 2655 abomnibus;

111 2685 183 2737 mus,
199 2666 310 2739 quiade
328 2665 446 2722 amicitia
461 2674 550 2721 vestra
577 2664 746 2732 confidimus,
773 2673 800 2720 et
829 2665 856 2719 in
884 2680 912 2720 rc
966 2673 996 2721 ut
1010 2682 1118 2739 prorsus
1142 2667 1235 2723 inutile
1257 2677 1284 2724 et
1300 2686 1400 2724 vanum
1425 2670 1561 2725 videretur
1587 2672 1715 2744 regende
1737 2672 1763 2727 ei

111 2764 187 2813 tanta
201 2756 265 2812 utile
279 2753 360 2811 amici
378 2754 519 2810 consilium
542 2761 568 2810 et
583 2753 811 2826 pernecessarium
836 2752 914 2809 nobis
967 2756 1060 2827 patriar
1083 2757 1250 2812 committere
1274 2758 1464 2829 principatum,
1493 2760 1537 2828 qui
1559 2759 1650 2815 sibiet
1677 2761 1764 2816 omni·

110 2862 170 2903 esse
184 2845 293 2901 scimus.
308 2844 366 2900 Nos
387 2859 493 2915 quoque
522 2842 640 2899 consiliis
654 2843 705 2898 tuis
733 2842 912 2914 acquiescere,
967 2845 1018 2899 bus
1032 2846 1140 2900 stultitia
1168 2863 1216 2900 sua
1232 2846 1423 2902 laetusfuisset
1438 2847 1538 2902 inutilis
1553 2866 1560 2903 ε
1576 2864 1660 2919 usque
1682 2849 1761 2918 adeo,

109 2934 298 3003 Deouolente,
315 2934 401 3006 parati
415 2949 516 2988 sumus.
967 2942 998 2988 ut
1010 2950 1061 2989 nec
1075 2949 1123 3005 per
1136 2950 1232 2989 manus
1259 2941 1363 2991 nostras
1386 2951 1402 2990 a
1428 2938 1553 3007 captione
1579 2937 1661 2992 vellet
1682 2938 1760 3010 eripi.

968 3022 1097 3077 Venimus
1108 3023 1197 3092 itaque
1226 3023 1259 3078 ad
1274 3023 1428 3080 coenobium
1457 3025 1486 3081 S.
1515 3025 1652 3092 Florentii,
1682 3033 1709 3082 et
1733 3027 1762 3082 in

486 3092 552 3147 xn.
928 3080 1011 3164 Cure
1026 3111 1171 3166 nativitatis
1186 3112 1215 3166 s.
1231 3112 1340 3167 loannis
1351 3113 1487 3183 rapuere,
1516 3113 1759 3187 vrnmmrurgro-

111 3190 237 3265 Httpmtlt
248 3189 444 3264 Lugdunensis
463 3188 670 3261 archiepiscopi
686 3189 801 3247 Roberlo
815 3189 914 3246 comm
953 3214 1067 3264 sorum,
1085 3200 1272 3269 episcoporum
1293 3208 1319 3255 et
1346 3199 1486 3271 ahbatum,
1502 3202 1547 3273 qui
1566 3202 1670 3258 invitati
1685 3202 1762 3261 adue·

147 3280 304 3337 frandrie.
314 3310 351 3320 —
363 3278 480 3336 ViceSS·
493 3280 576 3334 runt.
586 3281 629 3333 vt·
640 3277 822 3336 lambertum
832 3279 913 3337 cxci·
968 3295 1072 3355 nerant,
1088 3289 1234 3344 Fulconem
1256 3289 1382 3345 comitem
1399 3297 1521 3362 paratum
1549 3291 1704 3349 satislacere
1717 3300 1763 3349 aut

147 3369 221 3445 piel,
232 3372 403 3443 locaturque
413 3372 502 3441 rogat.
967 3379 1099 3433 rationem
1114 3378 1226 3433 reddere
1253 3378 1375 3433 unanimi
1402 3380 1523 3435 omnium
1539 3388 1601 3436 roto
1630 3390 1657 3437 et
1683 3383 1763 3440 laude

413 3467 501 3536 (Anno
523 3466 615 3538 root.)
967 3467 1132 3523 absolvimus
1147 3482 1154 3537 ;
1171 3467 1289 3539 acceptis
1304 3467 1339 3524 ab
1345 3483 1377 3523 co
1391 3468 1586 3536 securitatibus,
1598 3476 1636 3537 ut,
1650 3471 1672 3525 si
1680 3471 1763 3528 frater

385 3561 494 3636 [Spicil.
524 3563 556 3632 V,
572 3561 585 3634 ᾗ
599 3560 639 3634 3.]
967 3556 1025 3625 ejus
1039 3555 1227 3613 melioritatem
1250 3573 1343 3612 sensus
1357 3557 1497 3630 reciperet,
1513 3574 1548 3614 er
1561 3568 1696 3631 praecepto
1708 3559 1762 3616 do·

149 3682 233 3739 lluco
242 3678 429 3753 Lugdunensis
442 3677 575 3748 archiep,
592 3676 747 3748 apostolicae
755 3676 913 3751 sedislega-

113 3780 170 3841 tus,
186 3772 320 3826 hornam
335 3768 539 3824 Flandrensium
553 3767 656 3832 comiti,
669 3767 791 3821 salutem.

149 3858 338 3917 venerabilem
353 3858 380 3911 in
399 3857 506 3912 Christo
521 3856 630 3912 fratrem
650 3864 769 3912 nostrum
797 3855 913 3911 Atreba-

111 3958 219 4006 tensem
235 3947 391 4019 episcopum
402 3945 912 4014 excellentiaevestraerommendamus,

112 4045 144 4093 ut
156 4054 219 4093 eum
240 4043 368 4105 unquam
397 4033 562 4089 cardinalem
590 4033 756 4105 episcopum,
786 4041 913 4104 tanquam

114 4127 187 4183 beati
215 4125 286 4180 Petn'
315 4122 441 4178 manibus
467 4130 663 4190 consecratum,
691 4137 743 4192 ope
770 4130 859 4177 restra
888 4128 915 4176 et

114 4213 217 4269 auxilio
232 4211 360 4268 tueamini
374 4227 512 4284 rogamus,
527 4219 556 4266 et
568 4211 627 4266 uice
642 4209 745 4266 domini
763 4227 842 4282 papan
868 4227 914 4266 ss-

114 4304 232 4360 cundum
248 4309 412 4374 praeceptum
437 4301 521 4371 ipsius
535 4300 760 4356 inremissionem
788 4309 914 4371 peecato-

113 4409 174 4449 rum
202 4398 353 4446 vestrorum
372 4389 554 4461 praecipimus.
570 4388 610 4444 dd
628 4387 790 4444 restituenda
806 4405 912 4460 quoquc

114 4482 189 4538 bona
213 4479 340 4536 Ecclesiae
354 4478 437 4551 ipsius
466 4477 605 4532 brachium
635 4477 759 4547 adjutorii
777 4478 858 4533 uestri
887 4478 912 4533 ei

113 4567 255 4642 porrigite,
270 4573 464 4640 cognoscentes
478 4583 527 4621 vos
542 4582 591 4637 pro
619 4565 915 4622 obedientiabachabi-

113 4666 188 4715 turos
201 4657 317 4731 gratiam
332 4654 518 4726 apostolicam,
543 4660 569 4709 et
583 4670 599 4710 a
615 4659 671 4711 rlco
699 4654 912 4712 rehibutionem.

475 4815 551 4870 xlll.

115 4915 223 4975 Charta
232 4915 364 4989 hugonis,
374 4914 575 4987 Lugdunensis
590 4911 795 4985 archiepiscopi
806 4913 834 4969 et
844 4925 915 4984 upo-

149 5005 260 5063 rtoltcae
269 5005 343 5062 redu
357 5004 677 5079 leputi,deubrotutiouc
686 4999 917 5059 Fulcoua'adude·

149 5095 409 5168 praemiaccmr'tta.

414 5193 502 5264 (runo
522 5191 613 5259 reor).

216 5286 421 5363 [caractere.
443 5306 506 5348 nor.
521 5290 597 5345 instr.
614 5295 634 5342 t.
651 5285 697 5355 IV,
708 5301 737 5356 p.
755 5282 810 5359 lul.

148 5402 232 5461 Boeo
245 5403 433 5479 Lugdunensis
453 5403 680 5478 archiepiscopus,
703 5399 916 5472 apostolicoesc-

114 5491 158 5551 dis
171 5492 287 5569 legatus,
306 5492 486 5550 dilectissimis
508 5494 536 5549 in
551 5492 656 5550 Christo
677 5490 804 5548 hatribus
825 5488 916 5546 archi-

113 5581 260 5657 episcopis,
276 5582 421 5655 episeopis,
442 5582 585 5641 abbatibus
599 5588 699 5639 muctae
713 5580 763 5637 Dei
787 5577 916 5636 sectura

113 5668 243 5731 fidelibus
250 5671 376 5730 salutum.

144 5756 300 5820 stmunl
312 5756 523 5822 orthodoxorum
537 5758 659 5823 omnium
685 5754 789 5818 notus
810 5756 916 5817 uuum

967 3644 1034 3699 mini
1048 3645 1130 3701 nostri
1153 3662 1241 3717 papae,
1257 3646 1411 3716 relnostm,
1436 3654 1482 3702 aut
1494 3647 1666 3705 concordiam
1693 3650 1764 3707 faee-

967 3741 1008 3788 ret
1035 3749 1095 3788 cum
1125 3749 1168 3802 eo,
1198 3742 1243 3789 aut
1268 3734 1400 3805 judicium
1435 3736 1525 3791 subire
1548 3744 1657 3806 paratus
1682 3746 1763 3809 esset,

967 3838 1017 3877 nec
1032 3838 1145 3878 uxorem
1159 3823 1278 3885 duceret,
1300 3824 1335 3879 de
1350 3841 1462 3894 quarum
1491 3827 1683 3883 numerositate
1708 3828 1763 3884 cul·

966 3911 1092 3981 pabutur,
1121 3912 1223 3982 absque
1251 3920 1341 3968 nostro
1366 3913 1489 3981 consilio,
1518 3913 1595 3984 cujus
1621 3915 1660 3971 rai
1679 3925 1763 3989 gestae

967 4000 1065 4056 serienr
1094 4000 1173 4056 robis
1200 4000 1318 4071 pandere
1342 4000 1531 4069 judicavimus.
1565 4003 1763 4075 Religiosorum

968 4096 1068 4157 autern,
1085 4088 1130 4157 qui
1159 4087 1311 4157 adsuerunt,
1327 4089 1437 4144 nomina
1460 4091 1518 4144 luce
1532 4096 1611 4145 sunt:
1629 4091 1762 4148 arneber-

969 4183 1010 4231 tus
1024 4177 1228 4231 bituricensium
1248 4177 1475 4249 archiepiscopus,
1492 4176 1620 4235 Ouvellus
1633 4178 1765 4237 Cenoma·

968 4266 1059 4321 nensis
1088 4265 1239 4337 episcopus,
1270 4265 1430 4320 Guillelmus
1452 4264 1537 4322 abbas
1564 4267 1593 4323 S.
1627 4269 1764 4341 Florentii,

969 4353 1121 4409 Bernartius
1144 4353 1288 4410 abbasSS.
1305 4353 1393 4426 Sergii
1413 4355 1555 4424 etBacchi,
1570 4355 1700 4413 Girardus
1713 4358 1765 4414 ab·

925 4443 954 4507 D
969 4445 1020 4499 bas
1030 4443 1058 4500 S.
1075 4442 1175 4510 altini,
1199 4442 1321 4499 Nualdus
1335 4442 1420 4499 abbas
1448 4443 1477 4500 S.
1493 4443 1609 4512 Nicolai,
1631 4445 1767 4504 baldricus

969 4531 1053 4588 abbas
1069 4532 1261 4605 burguliensis,
1278 4531 1424 4588 Gauhidus
1438 4531 1524 4588 abbas
1552 4533 1764 4594 vindocinensis.

1008 4624 1103 4677 Actum
1132 4628 1257 4677 estanno
1281 4620 1316 4677 ab
1343 4621 1531 4679 incarnatione
1558 4623 1667 4679 Domini
1687 4627 1766 4695 test,

971 4711 1045 4781 apud
1068 4710 1206 4768 abbatiam
1234 4710 1265 4767 S.
1282 4710 1419 4778 Florentii,
1449 4711 1493 4768 die
1517 4710 1585 4768 leste
1605 4711 1636 4768 S.
1657 4713 1768 4770 loannis

968 4799 1103 4871 baptistae.

1329 4925 1403 4983 XIV.

969 5039 1045 5110 liupo
1060 5032 1257 5108 Lugdunensis
1270 5034 1498 5107 archiepiscopus
1509 5034 1656 5093 ecclesiam
1668 5035 1768 5096 Sauctl

1048 5126 1186 5184 desiderii
1192 5126 1224 5182 a'u
1233 5123 1335 5195 Brteiu
1346 5122 1580 5183 Gtunioceuaitua
1590 5128 1688 5185 deaut.

1270 5268 1360 5344 (rano
1376 5271 1467 5342 root.)

1095 5415 1207 5491 [Brruz.
1229 5415 1345 5475 llircell.
1364 5413 1408 5471 ed.
1429 5415 1493 5473 Luc.
1515 5414 1561 5488 lll,
1582 5414 1645 5492 bh]

1007 5571 1038 5626 ln
1049 5566 1160 5627 nomine
1179 5574 1279 5624 sanctor
1293 5574 1321 5624 at
1341 5567 1489 5625 individuae
1511 5566 1769 5640 ruiturarum,

971 5669 997 5718 et
1009 5659 1118 5729 rihtet
1131 5657 1247 5731 Spiritus
1267 5658 1363 5716 madi.
1391 5654 1525 5715 Norarint
1546 5673 1642 5719 omnes
1668 5662 1785 5717 sumto.

969 5747 1161 5808 neumate
1185 5746 1407 5818 trummacum
1419 5748 1521 5809 scilieet
1534 5753 1563 5805 at
1575 5746 1674 5818 brari,
1696 5734 1784 5816 epra&
