3780 6038
129 192 200 265 aaz

587 178 616 259 s.
636 181 788 261 aenaim
807 200 891 261 ona.
915 183 1069 261 elstano.
1088 192 1311 262 ruanarotas

1728 201 1779 260 fill

122 326 321 389 beatilloberti
350 345 451 389 nomen
478 327 616 397 inclamat,
645 326 760 385 dicens:
794 324 1002 392 «Sanctcltut
1016 326 1117 399 aliquid
1130 327 1204 385 daret
1219 328 1323 403 egenis,
1344 340 1514 402 responsum
1546 323 1661 399 aceepit
1688 324 1722 383 ab
1743 344 1780 395 eo,

125 420 252 490 lloberte,
268 435 335 493 roga
359 420 467 476 beatam
494 416 643 492 l‘irginem,
672 425 702 472 at
728 416 786 490 ipsa
813 416 878 473 mihi
906 433 923 474 a

122 507 193 564 Filio
209 525 258 565 suo
274 508 606 580 impetretliberationem.
625 530 635 555 n
653 506 712 576 Quo
732 507 813 576 dicto,
832 507 921 563 statim

121 599 218 655 melier
234 615 325 654 coram
340 598 466 656 omnibus
486 595 609 661 liberata,
639 595 740 668 gratias
766 595 821 668 egit
847 597 917 652 Deo.

121 688 213 743 Altera
228 704 334 758 quoque
349 688 447 743 mulier
461 687 494 741 de
508 686 579 752 rico,
601 685 643 740 cui
668 700 767 740 nomen
791 692 830 740 est
857 685 921 740 flai-

120 803 209 859 gnoas
223 787 289 857 (32),
304 803 366 842 cam
381 786 409 841 in
424 785 549 841 cubiculo
573 783 729 854 peperisset,
755 783 844 837 nescio
868 797 921 852 qao

121 875 170 930 Ilei
183 874 285 944 judicio
303 875 330 929 in
345 874 476 929 insaniam
492 889 579 940 versa,
595 872 683 929 airum
706 886 783 925 suurn
807 871 922 943 Et'onga

120 964 250 1036 percussit
265 971 291 1019 et
305 963 427 1032 oceidit;
453 978 513 1033 qua
535 960 678 1015 constricta
701 958 809 1013 funibus
834 966 859 1015 et
887 958 922 1013 ad

121 1052 263 1108 ecclesiam
279 1052 478 1107 molismensem
494 1049 631 1128 perducta,
648 1064 728 1118 quam
753 1048 805 1103 cito
827 1048 921 1117 sepul-

121 1157 196 1196 crum
213 1141 285 1196 beati
313 1141 364 1196 siri
387 1140 544 1211 contingere
572 1137 669 1209 potuit,
699 1136 811 1191 liberata
839 1144 878 1191 est
905 1152 921 1191 a

120 1237 254 1305 tlaentoae,
271 1238 336 1292 nihil
353 1237 481 1306 deinceps
496 1235 547 1289 tale
571 1250 710 1305 perpessa.
744 1234 775 1287 ln
800 1251 828 1288 se
856 1249 921 1289 vero

118 1343 239 1396 reversa,
254 1344 315 1382 cum
332 1344 359 1381 se
375 1325 480 1381 rideret
492 1322 600 1378 stratibus
624 1322 806 1390 constrictam,
830 1321 921 1377 mirari

119 1417 219 1487 caepit,
234 1425 259 1471 et
274 1417 394 1480 denium,
411 1414 503 1485 agnito
519 1412 637 1467 facinore
653 1410 724 1481 quod
750 1418 846 1482 patrat,
872 1426 920 1483 pro

119 1521 200 1561 caiisa
228 1503 328 1575 duplici
359 1504 422 1557 llere
450 1501 554 1572 caepit:
585 1501 646 1554 hine
673 1507 811 1570 peccatum
842 1515 920 1553 saum

119 1591 413 1657 atalarissimedellens,
429 1592 492 1645 hinc
519 1604 582 1644 aero
610 1604 658 1658 pro
687 1588 844 1642 liberatione
872 1603 921 1643 saa

975 425 1221 497 panespeaitusin
1241 425 1405 484 monasterio
1434 441 1497 483 non
1525 422 1643 482 haberi.
1674 450 1686 475 a
1715 422 1781 484 vua

975 531 1051 588 ergo,
1068 515 1236 584 aitsanctus,
1263 517 1344 574 hodie
1371 514 1500 573 reficient
1530 514 1667 571 fratres‘.l
1696 538 1706 563 ι
1734 515 1778 570 ltc-

974 604 1105 676 spondit:
1125 628 1136 654 «ι
1150 606 1258 661 Nescio.
1275 628 1287 655 a
1303 605 1361 662 Nec
1384 622 1490 662 mora:
1518 604 1603 660 veuit
1635 604 1711 673 bora,
1736 622 1777 676 qua

975 692 1080 762 fratres,
1096 695 1210 765 peractis
1223 711 1259 750 ex
1273 711 1349 751 more
1363 696 1513 750 missarum
1528 693 1691 760 solemniis,
1710 712 1777 766 para·

975 779 1041 837 bant
1069 783 1230 854 appropiare
1256 783 1366 839 mensis.
1395 783 1465 840 Cum
1496 782 1629 838 sonitum
1665 785 1775 854 cymbali,

974 881 1043 935 sicat
1056 880 1103 935 illa
1117 882 1183 937 hora
1197 882 1280 938 moris
1301 889 1350 950 est,
1379 883 1422 939 sir
1449 889 1571 939 sanctus
1600 880 1725 951 audisset,
1748 882 1775 938 ab

974 985 1117 1026 aeonomo
1132 971 1271 1041 requisivit
1283 971 1354 1026 unde
1368 987 1456 1042 panes
1483 970 1620 1037 baberet,
1645 988 1711 1042 quos
1730 972 1772 1027 fn·

976 1058 1060 1112 tribus
1074 1058 1211 1114 refecturis
1224 1069 1385 1130 apponeret.
1418 1083 1429 1107 ι
1463 1059 1530 1132 Ego
1563 1061 1667 1130 inquit,
1693 1078 1774 1133 paucos

973 1147 1120 1215 reservati,
1137 1164 1293 1217 procurans
1317 1156 1346 1203 ut
1371 1147 1536 1204 relectionis
1568 1150 1642 1204 hora
1669 1150 1774 1205 fratribus

974 1235 1075 1290 cibaria
1091 1252 1144 1291 noa
1159 1236 1292 1291 deessent.
1310 1259 1321 1284 a
1339 1237 1414 1292 Tunc
1428 1237 1474 1295 vir
1498 1237 1554 1292 Dei
1577 1238 1641 1293 zelo
1659 1237 1772 1307 incensas,

974 1333 1092 1389 fremens
1107 1341 1133 1388 et
1147 1333 1302 1406 indignans,
1317 1334 1390 1404 quod
1406 1335 1432 1389 in
1447 1351 1542 1408 grege
1569 1336 1626 1390 sibi
1650 1338 1774 1393 comatae

971 1430 1107 1492 repertum
1124 1421 1218 1477 fuisset
1232 1422 1424 1478 inobedientia
1448 1423 1551 1478 lolium
1582 1432 1611 1480 et
1634 1424 1773 1481 diffidentia

972 1510 1083 1579 zizania,
1099 1511 1234 1583 ingressus
1247 1512 1419 1567 relectorium
1444 1528 1538 1582 panes
1565 1514 1672 1568 mensis
1693 1532 1774 1584 super·

973 1600 1073 1671 positos
1099 1600 1127 1654 in
1150 1608 1240 1670 sporta
1264 1601 1390 1670 suscepit,
1422 1601 1562 1672 ipsosque
1600 1602 1636 1657 de
1674 1604 1774 1674 quodam

119 1690 221 1762 gratias
236 1706 320 1761 agens
334 1689 401 1743 fleo.
418 1689 482 1743 llaec
506 1692 595 1741 autem
620 1693 646 1741 et
667 1685 709 1740 his
731 1684 829 1740 similia
849 1700 917 1755 opo·
932 1691 959 1754 Β
974 1688 1097 1744 colliculo
1113 1689 1201 1744 ricino
1216 1689 1348 1755 ecclesia,
1360 1690 1386 1744 in
1398 1706 1473 1760 aqua
1490 1692 1565 1761 (33),
1594 1709 1658 1762 qua
1683 1693 1775 1747 subter·

118 1778 171 1834 rari
187 1794 241 1833 non
255 1777 353 1833 desinit
366 1777 449 1833 virtus
475 1775 582 1843 Christi,
611 1790 659 1846 per
685 1774 779 1829 merita
806 1775 836 1829 B.
865 1775 919 1829 tto-

120 1866 198 1936 berti,
214 1867 247 1922 ad
263 1866 369 1922 laudem
385 1874 411 1922 et
425 1865 539 1938 gloriam
555 1863 672 1918 nominis
686 1863 736 1932 sui,
748 1863 789 1917 cui
804 1870 844 1917 cst
858 1878 919 1918 rum

121 1957 199 2011 Patre
214 1964 241 2010 et
256 1956 356 2027 Spiritu
371 1963 463 2010 sancto
489 1955 577 2009 honor
595 1959 621 2007 et
645 1951 744 2024 gloria,
772 1951 800 2006 in
822 1952 918 2009 saecula

120 2046 289 2101 saeculorum.
306 2048 401 2100 Anien.

154 2147 202 2199 23.
226 2144 288 2198 Non
316 2142 365 2197 abs
393 2157 421 2196 re
452 2140 568 2197 arbitror
596 2141 695 2197 omissa
728 2147 858 2212 repetere,
893 2146 919 2194 et

120 2248 201 2302 quam
222 2231 350 2287 modestae
379 2231 528 2287 severitatis
560 2231 587 2284 in
620 2229 750 2297 sabditos,
784 2243 919 2299 quamque

120 2320 239 2375 liberalis
258 2320 286 2373 in
317 2336 449 2391 pauperes
481 2319 576 2373 beatus
609 2318 742 2373 Robertas
776 2316 916 2383 exstiterit,

119 2408 241 2479 apicibus
260 2407 401 2462 adnotare.
434 2407 500 2462 Cum
534 2407 606 2462 enirn
639 2407 755 2476 quodam
789 2404 832 2459 die
864 2404 917 2458 duo

120 2497 209 2553 clerici
225 2496 311 2553 virum
325 2496 373 2550 llei
389 2512 437 2566 pro
455 2495 557 2550 foribus
584 2496 704 2551 ecclesiae
731 2493 891 2564 reperissent
908 2507 916 2562 ;

121 2601 260 2664 caeperunt
274 2593 309 2649 ab
324 2608 356 2647 eo
372 2592 501 2647 instanter
515 2593 671 2647 alimoniam
701 2591 844 2662 postulare.
871 2590 918 2645 Vir

119 2691 208 2738 atatem
223 2682 283 2749 Dei,
300 2682 451 2737 sicuttotus
478 2681 670 2736 misericordiae
697 2679 845 2736 visceribus
872 2679 916 2735 af-

120 2773 230 2839 fluebat,
251 2772 357 2827 illoram
377 2771 488 2842 cupiens
516 2771 616 2841 inopiae
644 2769 797 2837 subvenire,
826 2769 915 2823 statim

118 2860 262 2932 quemdam
277 2878 291 2915 e
309 2860 442 2928 fratribus,
461 2859 536 2928 cujus
552 2866 608 2914 erat
625 2858 744 2914 alliciam
766 2857 915 2913 ministrare

119 2949 230 3018 mensis,
251 2949 374 3006 accersiri
401 2949 539 3018 praecepit.
570 2948 618 3004 Cui
646 2964 707 3003 cum
733 2945 914 3019 praecepisset,

155 3121 212 3191 (Ἠ)
238 3122 323 3194 l'ulgo
348 3119 647 3193 balancas-les-Joifs,
676 3119 703 3174 id
727 3127 766 3174 est
793 3118 913 3175 Balniola

117 3191 281 3259 ludaeorum,
297 3195 426 3263 oppidum
451 3193 612 3247 narrantia
631 3208 714 3263 prope
742 3193 908 3260 Sequanam.

119 3262 158 3318 lta
173 3272 279 3319 notatur
292 3265 320 3318 iu
334 3265 484 3333 dlphabete
503 3211 634 3318 i‘eancao
657 3264 684 3317 Ρ.
706 3264 803 3323 Durat,
834 3262 912 3315 vide·

119 3340 212 3403 turque
228 3336 299 3391 idem
314 3351 372 3390 esse
387 3335 458 3404 quod
474 3335 501 3388 ia
525 3335 628 3389 Tabula
650 3332 761 3388 ducatus
789 3334 913 3404 llargan-

118 3404 171 3460 dici
185 3406 310 3460 scribitur
330 3406 431 3476 absque
459 3405 551 3460 addito
581 3407 728 3475 Raqnoaa,
757 3420 810 3458 una
839 3405 914 3458 leuca

117 3474 249 3531 distensa
269 3477 402 3541 lllolismo,
432 3477 465 3531 ad
495 3492 554 3531 eum
585 3476 700 3529 rivulum
729 3475 774 3544 qui
800 3491 858 3529 sese
887 3475 914 3528 in

117 3543 273 3616 Sequanam
289 3556 417 3602 exonerat
432 3548 502 3601 infra
516 3549 626 3601 Barrurn
643 3546 809 3616 praedictam.

153 3622 210 3688 (33)
242 3619 356 3672 hlichael
383 3618 514 3673 Antonius
542 3617 694 3684 Baadrand,
725 3617 769 3688 qai
797 3616 914 3672 lexicon

973 1776 1074 1832 fluebat
1088 1778 1238 1849 praecipites
1252 1777 1343 1833 dedit:
1359 1779 1458 1834 nolens
1472 1779 1503 1833 in
1517 1780 1589 1835 liliis
1611 1781 1664 1836 Dei
1685 1782 1776 1853 culpam

972 1874 1163 1932 inobedientiae
1176 1875 1299 1945 reperiri.
1316 1878 1348 1930 At
1363 1891 1429 1932 aero
1443 1877 1541 1933 zelam
1565 1879 1656 1951 ipsius
1670 1881 1737 1936 Deus
1751 1896 1777 1934 cx

973 1964 1028 2020 alto
1042 1965 1219 2036 prospiciens,
1232 1966 1290 2037 jam
1306 1964 1471 2035 quibusdam
1496 1967 1615 2023 devotis
1638 1969 1778 2024 mulieribus

973 2052 1007 2108 de
1022 2054 1182 2109 Castelliona
1197 2054 1254 2125 (34)
1270 2054 1461 2123 inspiraverat,
1479 2063 1512 2110 ut
1536 2073 1632 2128 panes
1660 2058 1780 2113 defenent

973 2142 1099 2197 fratribus
1113 2142 1264 2198 refecturis.
1285 2142 1413 2197 Virenitn
1429 2143 1485 2199 Dei
1501 2144 1534 2199 B.
1565 2145 1705 2202 Robertus
1728 2146 1778 2201 iude

971 2230 1138 2303 regrediens,
1162 2230 1197 2285 ad
1225 2238 1331 2302 portam
1360 2233 1526 2288 monasterii
1559 2242 1619 2290 tras
1647 2236 1779 2308 quadrigas

972 2327 1075 2382 invenit
1088 2327 1205 2399 panibus
1220 2337 1355 2398 onerataS,
1372 2346 1440 2400 qaas
1470 2330 1508 2386 de
1540 2333 1712 2389 Castellione
1733 2332 1779 2403 jan

971 2415 1049 2471 dictu
1066 2417 1191 2473 mulieres
1206 2417 1239 2472 ad
1262 2417 1437 2475 refectionem
1455 2418 1580 2476 fratrum
1612 2423 1779 2478 adduxerant.

971 2505 1045 2560 Titne
1060 2506 1102 2560 vir
1116 2506 1175 2574 Dei,
1202 2505 1329 2561 fratribus
1354 2509 1528 2577 convocatis,
1561 2510 1736 2567 diffidentem
1759 2519 1781 2564 et

970 2593 1169 2649 inobedientem
1186 2594 1293 2650 fratrem
1309 2611 1401 2651 coram
1415 2597 1527 2653 cunctis
1546 2599 1706 2673 redarguit,
1727 2616 1781 2655 cea

970 2690 1080 2752 ctosqee
1101 2683 1203 2751 fratres,
1234 2683 1268 2738 ad
1297 2685 1525 2755 praesumendum
1558 2688 1598 2743 do
1629 2690 1680 2744 Dei
1707 2690 1781 2744 mise·

969 2769 1085 2825 riconlia
1100 2771 1128 2825 in
1152 2772 1355 2828 necessitatibus
1382 2773 1500 2831 monitis
1531 2777 1704 2834 salutaribus
1728 2776 1781 2833 ani·

968 2860 1054 2914 mavit
1068 2859 1136 2933 (35).

966 3117 1177 3200 geographicam
1193 3117 1306 3173 Ferrarii
1320 3116 1434 3175 dimidia
1448 3128 1534 3192 parte
1557 3124 1670 3181 auctius
1697 3140 1779 3197 nuper

966 3192 1097 3257 suleavit,
1113 3190 1146 3245 de
1162 3190 1285 3244 llolismo
1306 3206 1401 3263 agene.
1421 3191 1509 3247 situm
1542 3196 1585 3250 ait
1618 3197 1655 3251 ad
1682 3212 1781 3252 aninam

967 3264 1069 3334 laicae
1083 3261 1185 3331 (Lattine
1201 3259 1309 3316 heniam
1325 3279 1373 3315 seu
1384 3262 1505 3319 Lineam
1518 3265 1642 3337 dixeris)
1662 3269 1706 3324 bic
1724 3284 1780 3324 sero

967 3349 1048 3402 supra
1062 3333 1158 3387 Barcina
1170 3332 1302 3402 Sequanae
1316 3348 1374 3387 sese
1388 3333 1506 3403 ingerit.

1004 3405 1061 3473 (tl)
1077 3404 1201 3458 castellio
1216 3402 1346 3471 oppidum
1362 3402 1396 3458 ad
1426 3405 1610 3477 Sequanam,
1642 3410 1726 3465 tribus
1749 3410 1778 3464 ad

968 3475 1098 3529 orientem
1115 3473 1197 3529 leucis
1211 3475 1333 3529 llolismo
1349 3474 1464 3530 distans.

1003 3546 1061 3616 (33)
1088 3546 1170 3600 Totus
1198 3544 1241 3599 hio
1267 3547 1456 3618 paragraphus
1488 3550 1617 3608 habetur
1643 3553 1673 3608 in
1709 3551 1777 3608 Sane

968 3625 1029 3687 post
1043 3632 1184 3671 numerum
1199 3622 1318 3671 nostrum
1335 3618 1378 3671 tt.

658 3801 1770 3829 *Q

466 3932 832 4039 PROCESSUS
888 3932 1418 4040 canoatzattottts

148 4437 192 4489 tl.
209 4435 350 4488 Processus
373 4430 417 4487 hic
445 4429 655 4487 canonizationis
682 4444 736 4484 ana
762 4443 823 4483 cum
852 4425 1230 4502 ori-CLingonensisHugo
1246 4431 1282 4485 ll.
1311 4438 1338 4485 et
1362 4430 1525 4489 Valentinus
1554 4436 1697 4496 Gimndus
1719 4438 1765 4492 sire

113 4523 222 4596 ginibns
258 4522 358 4576 ordinis
395 4521 577 4577 cisterciensis
610 4526 695 4573 exstat
728 4518 754 4571 in
788 4525 862 4573 tomo
899 4519 911 4571 1

114 4613 287 4668 Bibliothecae
302 4626 366 4664 mss.
383 4626 399 4665 a
414 4609 537 4680 Philippo
560 4608 652 4663 Labhe
676 4607 773 4662 editus.
806 4607 910 4661 Conte-

113 4709 209 4757 aeruut
224 4700 326 4756 scilicet
339 4713 410 4753 anno
427 4698 493 4752 teat
512 4695 743 4752 Cistercieasesad
763 4694 910 4763 capitulum

112 4801 249 4876 generale,
278 4799 307 4854 in
335 4814 421 4869 eoque
448 4803 604 4861 stataenint,
643 4802 673 4849 ut
705 4794 910 4849 intercessiones

112 4890 215 4955 fierent,
232 4887 369 4957 libellique
389 4885 524 4955 supplices
543 4882 701 4940 offerrentur
723 4881 842 4937 Honorio
870 4880 909 4936 lll

111 4977 242 5051 pontifici,
259 4985 288 5032 ut
302 4976 325 5031 is
353 4975 500 5031 liebertum
529 4973 653 5044 catalogo
677 4978 829 5026 sanctorum
857 4969 909 5025 ad-

111 5068 249 5124 scriberet.
265 5065 384 5121 Accessit
407 5062 617 5118 Molismensium
647 5076 752 5131 qaoque
779 5058 907 5128 stadium,

111 5166 212 5220 meritis
239 5161 390 5219 commanis
432 5161 517 5215 Patris
554 5161 670 5215 honores
706 5156 907 5227 quaerentiam3

109 5252 262 5322 junctisque
275 5252 332 5306 sire
343 5249 437 5306 litteris
447 5248 643 5321 sit'elegatisid
663 5246 735 5316 apud
753 5245 907 5316 pontificem

111 5339 255 5397 effecerunt
269 5341 384 5410 utrique,
405 5347 434 5393 at
460 5355 566 5408 mquam
595 5352 708 5391 censens
732 5335 803 5405 quod
832 5343 906 5406 pete-

111 5431 199 5492 batur,
216 5434 359 5498 antequam
375 5428 403 5483 S.
427 5428 544 5482 lloberto
567 5426 705 5495 publicana
729 5424 828 5478 cultum
854 5423 905 5477 de-

109 5530 240 5590 cerneret,
259 5523 292 5576 ad
308 5523 500 5593 explorandam
529 5523 591 5578 ritae
616 5521 674 5591 ejas
699 5521 904 5576 sanctimoniam

108 5633 141 5674 aa
168 5610 298 5666 miracula
320 5612 519 5681 cognoscenda,
548 5619 577 5665 ut
605 5627 665 5666 mos
691 5610 819 5665 Ecclesia
852 5619 901 5677 est,

107 5710 195 5763 certos
206 5699 369 5771 idoneosque
380 5696 451 5754 siros
462 5699 600 5771 delegarit.
616 5699 700 5755 Fuere
720 5698 737 5753 ii
762 5699 904 5771 episcopas

967 4518 1102 4585 Giraldus,
1120 4536 1153 4572 ex
1167 4520 1332 4574 llfolismensi
1348 4536 1379 4576 ac
1393 4520 1458 4577 dein
1472 4523 1657 4583 Cluniacensi
1680 4528 1765 4583 abbate

965 4607 1017 4662 huo
1044 4616 1193 4678 promotus,
1222 4608 1359 4677 abbasque
1389 4609 1583 4669 ctuniacensts
1615 4617 1764 4671 Rolandus:

964 4696 999 4751 ad
1013 4712 1081 4766 quos
1105 4696 1227 4767 pontifex
1252 4713 1333 4769 super
1357 4697 1485 4754 faciendo
1515 4702 1679 4772 hujusmodi
1705 4721 1764 4759 era·

964 4796 1036 4850 mine
1052 4802 1195 4865 sequentes
1209 4795 1309 4851 litteras
1331 4795 1428 4852 dedit:
1459 4819 1470 4847 a
1498 4799 1643 4858 llonorius
1666 4804 1764 4875 episco-

963 4900 1025 4955 pus,
1040 4900 1135 4940 serras
1150 4900 1290 4941 serrorum
1318 4884 1378 4955 Dei,
1404 4886 1617 4945 vermilibus
1646 4891 1765 4947 fratribus

964 4974 1127 5045 lingonensi
1142 4982 1169 5028 et
1183 4974 1323 5030 Valentino
1350 4974 1496 5046 episcopis,
1532 4985 1561 5033 et
1588 4980 1690 5037 dilecto
1714 4980 1763 5035 lilio

963 5062 1054 5118 abbati
1069 5063 1247 5130 Cluniacensi,
1270 5063 1472 5119 Matiscoaeusis
1491 5064 1633 5137 dioeoesis,
1656 5070 1763 5125 salutem

962 5166 989 5214 et
1004 5159 1177 5230 apostolicam
1189 5158 1414 5216 benedictionem.
1427 5160 1593 5219 Gaudemus
1600 5165 1628 5221 in
1639 5167 1762 5231 Domino,

961 5256 988 5303 et
1002 5248 1028 5302 in
1044 5248 1103 5318 ejas
1124 5248 1248 5304 laudibus
1274 5249 1448 5316 delectamur,
1473 5253 1551 5322 quod
1578 5255 1651 5311 sicin
1678 5255 1764 5312 dileoa'

960 5335 1008 5390 filii
1033 5337 1149 5393 unitersi
1173 5336 1284 5392 abbates
1302 5336 1484 5395 Cisteroieasis
1507 5341 1617 5398 ordinis
1638 5345 1668 5399 ia
1690 5344 1762 5416 capi·

960 5425 1015 5479 talo
1030 5425 1150 5497 generali
1165 5425 1331 5500 congregati,
1347 5442 1397 5482 neo
1410 5442 1467 5482 non
1486 5436 1516 5484 et
1538 5431 1629 5489 abbas
1645 5450 1762 5489 consen·

960 5529 1001 5578 tus
1028 5523 1206 5579 blolisaiensis
1238 5524 1293 5579 suis
1330 5522 1410 5580 nobis
1445 5524 1545 5583 litteris
1581 5528 1759 5597 insinuantnt,

958 5610 1043 5666 felicis
1056 5612 1248 5669 recordationis
1269 5611 1402 5669 hebertus
1428 5614 1487 5689 (qui
1515 5616 1626 5689 primus
1654 5636 1759 5679 monas·

958 5700 1016 5755 terii
1054 5701 1232 5759 llohsmensis
1267 5701 1318 5758 fuit
1354 5701 1462 5773 abbas,
1499 5706 1665 5783 primusque
1696 5707 1760 5781 jecit
