3780 6038
110 168 178 227 lidi
594 164 627 223 S.
650 160 801 223 ROBERTI
819 162 906 223 OM).
932 164 1153 225 masniolus
1171 166 1265 223 virt.
1698 172 1772 228 ¹2⁹2

109 290 224 349 muliere
238 302 300 364 quse
314 293 460 346 tremorem
474 287 570 362 capitis
584 294 613 347 et
625 286 734 345 brachii
741 286 906 360 patiebatur,
924 290 1049 363 Aquam
1063 288 1178 358 dubitat,
1193 289 1283 362 ipsum
1298 299 1454 350 sanctornm
1475 292 1608 367 catalogo
1634 292 1773 351 miraculis

110 379 185 437 idem
203 378 275 451 quod
289 376 377 433 abbas
391 384 419 434 et
441 376 498 433 alii.
528 376 744 435 Bartholomaeus
757 377 909 433 monachus
963 387 1148 451 coaequatum.
1167 378 1299 436 Ceterum
1315 381 1366 437 vita
1384 382 1470 454 ipsius
1494 381 1642 440 sanctitati
1658 390 1770 450 umbe,

111 477 139 527 et
152 467 297 541 presbyter
306 465 417 539 juratus
434 465 512 535 dixit,
528 466 564 524 de
578 466 687 523 duobus
708 465 850 523 miraculis
865 465 909 522 ia·
962 483 1012 540 per
1038 468 1148 524 nuutios
1173 468 1303 526 Ecclesia
1330 469 1527 539 llolismensis,
1549 469 1717 544 porrigetur
1747 471 1774 527 in

111 565 205 623 ctiain
220 563 392 620 dedicatione
420 571 448 620 et
476 564 591 620 muliere
613 578 750 636 percussa
772 563 800 618 in
815 579 906 631 manu,
962 563 1082 635 scriptis,
1112 582 1173 636 quae
1193 565 1259 621 satis
1287 567 1407 624 ostendit
1433 568 1525 640 ipsum
1553 567 1653 623 multis
1667 568 1775 625 meritis

106 654 182 713 idem
196 653 269 724 qnod
282 652 342 709 alii.
962 652 1103 709 claruisse.
1119 655 1153 709 tt
1167 670 1229 727 qnae
1243 654 1406 724 andivimus,
1420 672 1481 714 num
1497 670 1615 713 summa
1631 654 1776 728 diligentia

961 741 1078 798 fideliter
1100 742 1277 814 inquirentes,
1298 743 1458 801 beatitudini
1478 755 1582 802 vestrae
1597 761 1653 817 per
1672 746 1776 818 scripta

961 840 1107 912 praesentia
1130 839 1311 910 declaramus,
1341 852 1369 899 ut
1386 851 1480 900 vestra
1494 851 1594 901 sancta
1621 844 1776 916 paternitas

960 928 1062 996 rideat,
1076 928 1142 1003 quid
1155 930 1252 987 talibus
1263 931 1298 987 sit
1312 932 1460 1006 agendum.
1479 957 1490 981 ι

144 806 192 861 20.
208 826 220 853 r
236 805 316 878 Ilugo
330 805 473 878 presbyter
488 812 516 862 et
530 805 682 862 monachus
704 805 811 877 juratus
826 803 907 882 dixit¹

107 894 181 970 quod
199 893 268 951 vidit
285 893 429 968 quemdam
445 894 532 952 niuem
551 895 702 951 dictantem
716 908 830 961 cecum,
854 909 906 951 ve·

107 984 230 1042 aientem
241 999 324 1041 cansa
338 984 491 1041 devotionis
510 992 538 1041 et
561 999 611 1056 spe
638 982 817 1054 recuperandi
831 981 907 1039 visus

107 1083 143 1140 ed
158 1098 232 1155 saepe
244 1081 347 1140 dictum
367 1083 548 1156 sepulcrum:
575 1081 621 1157 qni
650 1080 762 1138 veniens
781 1080 816 1136 ad
839 1079 907 1137 illud
994 1090 1038 1144 30.
1055 1088 1193 1145 Hactenus
1206 1088 1302 1147 litteras
1324 1089 1515 1163 episcoporum
1531 1090 1568 1147 ad
1587 1088 1769 1164 pontificem,

109 1172 197 1229 visum
218 1171 392 1244 recuperavit
406 1179 434 1229 et
447 1172 513 1229 vidit
528 1186 688 1244 squammas
712 1170 747 1227 ab
762 1171 821 1240 ejus
836 1184 906 1227 onu-
959 1183 987 1233 et
1000 1193 1116 1233 examen
1131 1178 1166 1235 de
1177 1179 1205 1234 S.
1220 1178 1331 1235 lioberti
1341 1180 1483 1236 sanctitate
1506 1195 1542 1238 ac
1561 1179 1725 1250 miraculis,
1741 1181 1775 1237 de

109 1271 144 1329 lis
155 1271 298 1330 visibiliter
310 1270 474 1328 delluentes.
493 1269 545 1340 Qui
560 1270 639 1326 citius
653 1267 717 1325 inde
732 1269 767 1325 sd
781 1267 812 1324 S.
826 1267 906 1325 Jaco-
959 1265 1060 1338 quibus
1074 1275 1102 1323 et
1114 1266 1301 1324 testimonium
1316 1284 1394 1324 sunm
1408 1268 1502 1341 plnres
1516 1268 1547 1324 in
1563 1268 1675 1326 vicinia
1688 1269 1774 1324 abba-

110 1360 176 1417 bum
198 1359 385 1434 proficiscens,
411 1359 564 1432 hospitatus
581 1366 624 1415 est
647 1357 753 1427 itinere,
775 1356 803 1412 in
823 1357 906 1414 domo
959 1363 1210 1421 tesadllonorium
1226 1364 1443 1438 perscripserunt
1463 1365 1506 1421 bis
1533 1365 1673 1422 verbis..
1702 1365 1774 1423 sqq.

109 1458 231 1516 mulieris
252 1457 406 1531 cujusdam,
424 1474 485 1531 qna
503 1462 641 1514 contracta
653 1454 766 1525 iacebat
783 1454 811 1510 in
835 1453 906 1512 lecto
958 1448 1081 1505 ctissimo
1097 1449 1168 1505 Patri
1182 1454 1210 1505 et
1223 1450 1334 1507 domino
1350 1449 1499 1508 universali
1512 1449 1656 1520 Honorio,
1673 1449 1770 1507 divina

109 1547 161 1604 aed
174 1545 210 1603 nd
222 1546 367 1604 consilium
381 1544 455 1602 illius
469 1544 504 1600 nd
518 1544 674 1617 sepulcrum
689 1542 777 1600 sancti
792 1558 823 1599 se
837 1558 907 1616 por-
959 1537 1130 1610 providentia
1144 1545 1246 1595 sanotae
1257 1538 1332 1595 sedis
1346 1538 1505 1611 apostolicae
1518 1538 1660 1612 pontifici,
1673 1539 1705 1597 S.
1722 1541 1773 1596 Be-

109 1636 160 1693 tari
176 1634 289 1702 iaciens,
306 1642 462 1691 sanataest.
479 1634 545 1691 ttae
565 1640 710 1690 astantem
730 1631 787 1703 illa,
803 1630 838 1688 de
852 1649 905 1705 qna
919 1656 947 1720 B
961 1634 1039 1708 niqui
1075 1634 1258 1707 Divioneusis,
1298 1643 1326 1692 et
1362 1635 1392 1692 S.
1425 1635 1556 1708 Stepbani
1590 1637 1773 1706 Rhamnusia,

110 1732 234 1806 superius
262 1731 385 1804 loquitur
407 1732 527 1788 lacobus
554 1732 705 1788 monachus
720 1738 747 1787 et
766 1731 907 1798 sacerdos,
963 1724 992 1781 S.
1009 1723 1152 1780 llinbaelis
1172 1723 1402 1792 Tomodorensis,
1419 1732 1447 1781 et
1469 1726 1499 1781 S.
1523 1725 1637 1781 blartim
1662 1724 1772 1782 llelun-

109 1821 156 1895 qni
170 1821 289 1878 Jaoobus
303 1821 431 1878 convenit
449 1836 511 1877 cum
535 1821 662 1894 llupone,
680 1819 729 1876 sed
744 1818 778 1875 de
797 1818 904 1875 auditu.
962 1811 1055 1869 densis
1071 1812 1195 1881 abbates,
1214 1813 1395 1884 lingonensis
1415 1812 1557 1881 dioeeesis,
1581 1829 1649 1871 cnm
1669 1814 1774 1886 pedum

108 1908 271 1968 Gnillelmus
297 1908 447 1965 mouscbus
477 1916 504 1964 et
532 1907 677 1980 presbyter
697 1907 803 1977 juratus
828 1904 908 1975 dixit,
962 1909 1058 1968 osculo
1087 1910 1258 1967 salutemet
1286 1910 1385 1967 debitae
1398 1912 1563 1968 reverentias
1585 1910 1768 1968 famulatum.

108 2007 181 2081 quod
200 2006 268 2064 ridie
289 2004 437 2079 quemdam
462 2004 605 2073 clericum,
627 2004 672 2077 qni
690 2003 909 2078 lonqotempore
962 1999 1029 2056 Cum
1042 1998 1229 2055 ldoliamensis
1251 2000 1387 2067 Ecclesia,
1408 2008 1435 2056 et
1449 1999 1503 2058 illae
1517 2000 1647 2058 eeclesiae
1663 2000 1694 2055 in
1709 2001 1773 2074 qui·

108 2094 377 2164 contractusiuerat,
408 2094 441 2150 ad
469 2093 542 2150 idem
567 2093 723 2165 sepulcrum
738 2092 831 2148 sanari
848 2110 854 2145 :
870 2101 907 2158 et,
963 2089 1014 2143 bus
1029 2088 1164 2144 babemus
1194 2088 1364 2159 ministrare,
1392 2089 1525 2161 proximas
1544 2089 1599 2145 sint
1627 2089 1684 2145 sibi
1700 2089 1772 2145 inui-

108 2185 144 2242 da
172 2185 278 2241 duabus
304 2183 464 2239 mulieribus
491 2183 519 2238 in
538 2181 718 2249 dedicatione,
740 2180 814 2237 idem
835 2179 908 2253 quod
962 2201 1033 2250 cem,
1050 2193 1077 2241 et
1095 2186 1165 2241 adeo
1180 2184 1287 2252 uicinae,
1300 2194 1327 2241 ut
1341 2185 1385 2240 rix
1400 2185 1772 2258 nutnnllatenusinaliqua·

109 2283 170 2341 ulii.
190 2283 326 2340 licelinus
339 2282 489 2338 monachus
504 2288 531 2336 et
542 2278 691 2352 presbyter
702 2280 810 2348 juratus
826 2278 907 2345 dixit,
962 2289 1058 2331 aarum
1084 2272 1187 2346 aliquid
1215 2290 1345 2347 magnum
1369 2275 1518 2348 contingat,
1545 2275 1619 2347 quod
1635 2275 1674 2330 ad
1703 2275 1771 2330 alias

109 2373 144 2430 de
171 2371 279 2428 dnobus
307 2369 445 2425 miraculis
472 2370 499 2424 iu
522 2368 705 2430 dedicatione,
737 2367 809 2422 idem
833 2365 906 2438 quod
962 2362 1035 2419 lama
1046 2362 1123 2419 uelox
1139 2362 1193 2419 cito
1207 2378 1261 2419 non
1276 2363 1382 2419 deierat
1398 2378 1404 2431 ;
1422 2362 1457 2418 da
1471 2364 1559 2420 sancti
1576 2364 1667 2419 Patris
1683 2365 1771 2420 nostri

109 2470 170 2526 alii.
189 2467 438 2536 MartinusJuratus
466 2463 547 2530 dixit,
576 2463 611 2519 de
631 2462 772 2519 miraculis
787 2461 865 2519 iactis
880 2462 909 2517 in
962 2460 1083 2529 lioberti,
1114 2459 1297 2516 ,liolismensis
1325 2459 1455 2517 Ecclesiae
1482 2460 1568 2532 primi
1592 2460 1718 2528 abbatis,
1743 2470 1771 2516 et

111 2556 295 2626 dedicatione,
324 2561 351 2611 et
379 2554 413 2609 ds
442 2553 555 2609 muliere
584 2567 644 2623 quae
667 2559 764 2607 sanata
790 2550 909 2609 lucrata
962 2548 1152 2605 Cistereiensis
1180 2549 1286 2606 ordinis
1314 2547 1474 2615 inndntoris,
1503 2549 1567 2615 vita,
1593 2565 1658 2622 qnae
1686 2549 1769 2606 innu-

110 2656 223 2714 laesjone
236 2668 343 2720 manus,
373 2651 444 2707 idem
472 2649 546 2724 quod
561 2649 616 2705 alii,
640 2649 743 2720 flaqmo
757 2649 909 2706 monachus
963 2636 1044 2693 meris
1059 2637 1214 2693 veneranda
1229 2636 1372 2694 virtutibus
1387 2636 1488 2692 effulsit
1504 2656 1511 2704 ;
1525 2646 1554 2694 et
1567 2638 1603 2694 de
1616 2637 1770 2705 miraculis,

37 2732 41 2741 ¹
111 2754 139 2803 et
166 2742 296 2801 sacerdos
322 2741 432 2813 jurutns
460 2739 540 2807 dixit,
565 2738 639 2811 qnod
671 2737 737 2794 vidit
762 2737 908 2810 quemdam
963 2754 1024 2809 quae
1039 2736 1208 2810 quotidiend
1222 2736 1378 2808 sepulcrum
1402 2736 1497 2808 ipsius,
1522 2737 1619 2794 divina
1636 2746 1770 2809 operante

111 2833 245 2892 furiosum
259 2830 298 2887 ibi
312 2828 416 2886 sanari.
430 2827 559 2900 Magister
570 2828 664 2883 Simon
679 2826 910 2899 presbyterium·
962 2825 1116 2895 clementia,
1151 2823 1228 2895 liunt,
1260 2825 1372 2898 dignum
1411 2826 1538 2881 duximus
1576 2826 1605 2881 in
1638 2827 1773 2898 prasenti

110 2939 155 2988 tus
169 2930 248 2996 dixit,
265 2927 300 2984 de
314 2924 454 2982 miraculis
474 2923 553 2981 iactis
579 2923 606 2979 in
629 2923 811 2990 dedicatione,
835 2922 909 2979 idem
962 2913 1077 2971 articulo
1104 2914 1212 2972 veritati
1240 2915 1429 2971 testimonium
1451 2914 1612 2986 perhibere.
1638 2915 1713 2971 Nam
1731 2916 1772 2971 in·

112 3019 187 3094 quod
201 3016 246 3074 alii
262 3031 270 3088 ;
286 3014 426 3084 adjiciens,
447 3014 521 3087 quod
536 3011 648 3085 quidam
662 3012 749 3069 laicus
762 3011 837 3084 apud
850 3012 948 3080 blo-c
965 3020 1105 3069 cessanter
1128 3011 1213 3069 totius
1242 3011 1364 3086 regionis
1384 3012 1506 3082 eiusdem
1525 3012 1623 3085 populi
1644 3029 1700 3071 vox
1714 3014 1772 3070 ela-

111 3109 221 3166 lismum
240 3104 358 3162 illudens
385 3102 513 3160 convitiis
532 3100 719 3159 uenerabilem
749 3101 864 3171 Patrem,
884 3108 912 3157 et
965 3109 1021 3158 mat
1035 3101 1063 3156 in
1092 3101 1205 3157 auribus
1231 3101 1343 3168 nostris,
1368 3101 1443 3174 qnod
1469 3100 1620 3158 multitudo
1648 3102 1773 3158 maxima

112 3208 172 3280 ejus
185 3204 315 3263 miracula
331 3202 456 3271 irridens,
473 3201 537 3257 inde
555 3200 698 3268 recedens,
722 3199 849 3272 sequenti
867 3200 911 3256 die
964 3197 1175 3261 bonifacianam,
1213 3205 1361 3260 caecorum,
1398 3197 1534 3246 mutorum
1581 3199 1610 3247 et
1652 3191 1773 3249 aliorum

12 3286 16 3293 ¹
111 3296 181 3355 inira
194 3294 263 3351 lines
278 3292 404 3367 ejusdem
416 3290 488 3347 uilla
502 3289 638 3346 aduobus
663 3288 792 3344 militibus
807 3297 849 3345 est
861 3304 911 3346 oo·
965 3279 1050 3337 variis
1066 3279 1243 3352 languoribus
1267 3279 1451 3347 detentorum,
1477 3277 1601 3351 quotidie
1621 3280 1657 3336 ad
1674 3282 1773 3353 sepul-

113 3387 199 3445 cisus.
224 3383 284 3440 noc
307 3380 393 3439 etiam
419 3379 487 3435 dixit
510 3377 630 3435 lacobus
653 3391 684 3434 se
706 3377 821 3434 vidisse.
841 3378 913 3433 Vidit
967 3391 1042 3434 crum
1057 3376 1124 3432 dieti
1141 3376 1227 3432 sancti
1244 3376 1273 3431 in
1288 3374 1403 3432 ecclesia
1426 3376 1596 3432 liolismensi
1625 3376 1773 3435 confluen-

113 3491 247 3557 praeterea
268 3478 415 3553 quemdam
433 3476 550 3545 laicum,
570 3475 618 3550 qui
646 3482 802 3533 contractus
825 3475 913 3532 fuerat
966 3464 1045 3532 tium,
1074 3464 1148 3522 iacta
1177 3465 1302 3521 oratione
1329 3472 1356 3520 et
1384 3464 1471 3520 sancti
1491 3464 1606 3521 nomine
1630 3465 1772 3533 invocato,

114 3588 166 3647 per
187 3568 316 3627 undecim
335 3581 433 3635 annos,
460 3565 493 3621 ad
518 3580 593 3638 sape
617 3563 722 3621 dictum
752 3563 911 3638 sepulerum
968 3553 1082 3626 pristina
1097 3553 1212 3610 sanitate
1225 3562 1346 3626 recepta,
1363 3551 1508 3610 incolumis
1523 3552 1774 3612 videturremesre

117 3658 220 3719 unam,
967 3643 1003 3699 ad
1014 3642 1137 3715 propria.
1152 3642 1219 3700 lnde
1237 3649 1288 3711 est,
1307 3643 1380 3715 quod
1401 3641 1487 3716 ipsius
1501 3643 1592 3699 sancti
1611 3643 1775 3701 inflammati

967 3739 1117 3810 miraculis,
1131 3739 1312 3798 mncbsdmar
1325 3738 1481 3814 paternitati
1503 3749 1618 3807 vestrae,
1638 3741 1669 3797 in
1684 3758 1775 3815 qaan-

151 3822 197 3879 29.
214 3840 226 3869 a
242 3813 324 3873 Fulci)
352 3819 379 3870 Εἰ
402 3811 531 3880 mohin,
557 3810 684 3868 monachi
701 3817 728 3868 ei
742 3813 912 3880 SdcerdOieS,
968 3836 1026 3885 tum
1053 3845 1210 3903 pomum,
1238 3829 1375 3886 humiliter
1396 3836 1423 3885 et
1447 3829 1546 3885 devote
1569 3830 1773 3902 Suppliwllm,

115 3906 347 3984 iuratidiacrtmi.
370 3901 519 3975 dimdium
534 3900 653 3974 (lum
667 3899 712 3958 ‘³50
733 3902 915 3972 ⁰⁸⁸0¹¹²ill¹¹⁸
969 3926 1104 3992 matenus
1126 3934 1201 3990 saepe
1223 3918 1327 3976 dictam
1350 3917 1382 3975 S.
1404 3917 1563 3986 Robertum,
1592 3936 1680 3992 qnam
1703 3921 1775 3977 Deua

117 3999 251 4060 tumulum
265 4009 339 4066 ⁸²90
359 3992 471 4060 diifflfflr
495 3999 523 4047 0⁸
546 3991 608 4048 Vim
622 3998 719 4047 ⁸¹⁰⁰¹⁰
732 3991 915 4048 mmmm
968 4014 1038 4073 inter
1051 4016 1153 4074 electos
1178 4032 1244 4074 suos
1272 4016 1479 4075 coruscantibus
1503 4016 1611 4074 meritis
1625 4035 1679 4091 per
1694 4021 1773 4076 mira·

119 4097 280 4157 aslxiberent
307 4089 398 4162 capita
425 4088 605 4159 inclinando;
631 4087 743 4161 qnidam
766 4089 914 4146 monachus
969 4104 1154 4165 culgmirffioe
1168 4105 1355 4180 magnificavit
1372 4105 1543 4178 inpartibus
1562 4108 1771 4177 „mu-,qma

5 4250 8 4255 .
119 4184 202 4245 astitit
216 4198 278 4240 cum
294 4178 408 4246 eisdem,
428 4176 456 4232 in
469 4177 531 4275 baen
544 4177 629 4233 verba
645 4175 713 4248 ipsis
732 4177 915 4249 presentibus
969 4203 1058 4260 nimi
1073 4211 1271 4262 mmmmm
1284 4203 1772 4279 cawpogoagfflgpfideoemffl„

119 4284 146 4334 et
175 4268 351 4330 audientibus
386 4264 583 4323 contumeliose
629 4279 839 4336 prorumpens:
880 4266 915 4324 tlt
969 4292 1007 4349 ιω
1021 4292 1148 4350 mmm,

119 4363 187 4441 qaid
202 4361 229 4418 ci
244 4356 340 4432 capito
358 4356 510 4412 inclinatis
526 4355 540 4408 i
564 4354 668 4412 Sciatis
681 4370 731 4426 pro
744 4364 830 4423 certo,
840 4355 911 4428 quod
925 4367 952 4430 1)

119 4475 266 4534 nunquam
276 4457 394 4512 sanetus
403 4453 472 4525 suit.
484 4453 541 4508 lmo
552 4450 662 4523 qnidam
674 4451 793 4509 rusticus
804 4453 914 4509 multum
1005 4461 1053 4515 3¹.
1072 4460 1211 4517 Horrnrius
1227 4461 1271 4519 bis
1301 4461 1398 4518 litteris
1426 4468 1508 4534 atque
1522 4461 1689 4518 memoratis
1703 4462 1777 4519 testi·

120 4557 261 4623 deformis,
278 4551 435 4625 sepulcrum
459 4550 530 4622 pede
550 4549 714 4621 percutiens,
731 4549 834 4608 similia
848 4568 915 4623 pro·
970 4548 1072 4604 moniis
1095 4549 1368 4621 perlectis,oumad
1402 4549 1589 4608 universalem
1605 4550 1712 4607 cultum
1728 4568 1776 4623 per

103 4650 478 4719 ¹clamabal:statimautem
493 4649 708 4721 tumorarripuit
723 4649 822 4721 pedem
838 4651 915 4707 illum
968 4644 1054 4693 ²0¹³¹¹¹
1082 4638 1236 4695 Elilffliflffl
1260 4639 1292 4696 S·
1326 4639 1447 4697 RObello
1472 4638 1695 4705 decernendum.
1711 4655 1776 4695 Μ·

119 4766 170 4823 per
195 4753 281 4802 totum
306 4754 406 4810 corpus
434 4736 624 4795 universaliter
650 4739 849 4807 ascendend03
879 4740 916 4795 ita
968 4744 1099 4806 utumque
1112 4752 1173 4791 eum
1189 4736 1421 4808 pronuntiandum
1431 4736 1557 4810 qnaedam
1566 4735 1622 4791 alia
1632 4735 1777 4793 desidera·

118 4845 192 4922 quod
205 4841 278 4899 inira
292 4836 460 4911 quindenam
471 4834 518 4890 illa
532 4834 689 4892 infirmitate
710 4846 840 4909 gravatus
855 4838 913 4910 spi·
956 4831 1031 4907 ‘10¹3
1056 4832 1216 4896 lmestatem
1245 4825 1354 4881 inierim
1377 4825 1441 4882 fecii
1459 4824 1685 4881 M⁰¹¹⁵¹¹¹0¹¹⁸ib¹¹⁸
1709 4840 1777 4881 ²¹¹OE

118 4938 201 4995 ritum
225 4926 375 4988 exhalavit.
396 4924 439 4981 De
459 4923 565 4980 furiosis
584 4932 613 4981 et
636 4925 852 4983 febricitantibus
867 4942 914 4984 sa·
969 4922 1129 4992 venerandi,
1144 4926 1227 4997 atque
1241 4922 1360 4981 officium
1376 4924 1410 4981 de
1433 4923 1482 4980 illo
1503 4922 1677 4989 celebrandi,
1695 4922 1726 4978 in
1741 4939 1777 4981 ea

118 5023 190 5083 natis
204 5018 309 5077 infinita
326 5013 470 5071 multitudo
484 5012 623 5073 clamabat
633 5030 726 5071 coram
735 5015 827 5084 nobis,
840 5016 870 5073 at
884 5034 915 5075 se
969 5027 1072 5078 uatum
1086 5021 1213 5093 ecclesia,
1224 5023 1251 5078 in
1272 5039 1325 5096 qua
1342 5037 1419 5079 saara
1431 5021 1492 5092 ejus
1502 5036 1568 5078 ossa
1581 5019 1778 5078 recondeban-

118 5129 181 5172 esse
195 5115 306 5168 sanatos
321 5104 435 5160 firmiter
444 5102 616 5159 asserebant.
628 5103 667 5159 lta
675 5104 749 5176 quod
760 5105 915 5162 communis
968 5115 1021 5177 tur,
1036 5125 1092 5183 qua
1114 5111 1149 5168 de
1174 5128 1204 5169 ra
1231 5110 1386 5183 huiusmodi
1407 5109 1544 5182 pontilicis
1566 5109 1689 5181 diploma
1704 5119 1774 5168 est:

120 5209 213 5285 opinio
227 5208 309 5264 totius
323 5201 445 5276 regionis
459 5199 488 5256 in
503 5207 608 5257 tantum
624 5201 736 5259 invaluit
757 5204 834 5261 eirca
850 5204 913 5270 ista,
970 5223 981 5250 ι
999 5199 1137 5257 Honorius
1151 5202 1307 5274 episcopus,
1320 5216 1417 5258 servus
1429 5216 1571 5258 servorum
1587 5198 1650 5267 Dei,
1662 5199 1776 5258 dilectis

120 5300 194 5376 quod
209 5295 356 5371 plurimum
382 5289 472 5364 ipsum
501 5298 625 5348 tenorem
648 5293 850 5350 attestationum
864 5310 914 5351 cx·
967 5295 1030 5353 liliis
1057 5298 1148 5355 abbati
1171 5307 1198 5357 et
1225 5298 1372 5358 conventui
1399 5297 1578 5365 llolismensi,
1603 5296 1724 5354 alutem
1747 5305 1777 5356 et

119 5398 199 5459 tollit.
213 5388 392 5451 llaecnostris
419 5388 590 5463 temporibus
616 5389 752 5448 accidisse
775 5390 913 5462 dicuntur,
966 5395 1145 5467 apostolicam
1170 5396 1397 5455 benedictionem.
1428 5395 1495 5453 Cum
1514 5392 1579 5453 olim
1598 5409 1650 5466 per
1662 5391 1776 5454 litteras

120 5498 191 5557 sicut
214 5486 340 5563 superius
366 5492 408 5542 eat
434 5501 602 5559 expressum.
629 5488 652 5543 Α
678 5494 802 5561 tempore
824 5498 914 5548 autem
967 5490 995 5542 et
1013 5485 1122 5542 nuntios
1144 5494 1253 5543 vestros
1278 5484 1488 5560 supplicassetis
1509 5484 1659 5552 instanter,
1681 5482 1776 5555 adjuti

120 5570 320 5656 obirns'ipsius,
346 5570 426 5643 cujus
445 5588 500 5630 nnn
524 5583 616 5633 exstat
642 5578 785 5649 memoria,
808 5574 914 5637 infinita
966 5581 1161 5642 testimoniiset
1175 5584 1416 5643 intercessionibus
1429 5581 1775 5656 plurimorumutsencsse

118 5671 249 5753 miracula
264 5666 418 5726 referuntur
433 5678 441 5729 ;
457 5662 496 5719 ita
524 5664 598 5736 quod
611 5672 668 5723 tota
691 5666 788 5724 vicinia
811 5684 913 5744 nequa·
967 5672 1157 5732 memoriali.
1176 5675 1337 5743 liobertum,
1361 5672 1438 5746 amus
1452 5687 1555 5747 corpus
1567 5671 1598 5735 ia
1611 5678 1713 5732 xcetra
1726 5690 1775 5735 ra·
