3780 6038
105 289 157 340 tte

592 267 888 325 btttftottATtohhs
909 265 961 321 Ss.
983 264 1133 320 t‘AttttJtt.
1149 294 1182 304 —-
1200 264 1262 319 tttt.
1282 268 1302 318 l.

1701 269 1753 324 770

104 404 210 464 conscii
232 399 375 459 criminum
399 395 511 453 obnoxii
540 394 594 450 sint
622 400 734 466 peccato
757 393 846 461 (horit.
869 391 898 460 r),
918 397 1109 454 Acessurarn.
1126 387 1282 458 Aliquando
1294 388 1459 461 imaginibus
1472 389 1563 446 cordis
1579 391 1756 447 oculisosten-

104 512 153 553 cnr
179 492 292 563 loseph,
322 504 382 545 cam
411 485 527 543 crimine
552 483 630 547 zelet,
654 483 744 550 iustus
763 482 901 535 rocaturt

106 585 182 652 ldeo,
209 588 239 635 nt
258 578 389 635 idoneum
417 575 477 644 ejus
502 570 687 628 testimonium
715 567 901 626 commendet.

107 672 174 729 lnde
188 667 327 741 plerisque
355 661 525 732 exemplariis
553 660 683 715 additur:
702 680 712 705 r
733 657 800 712 Cum
821 656 902 710 horno

106 767 182 816 esset
206 757 334 828 justus»
364 760 393 807 ut
420 750 546 806 ostendat
578 746 728 804 secundum
758 746 903 799 humanam

102 855 238 928 justitiam
252 850 353 921 loseph
364 850 470 918 iustum
499 846 595 916 luisse,
616 844 678 916 quia
700 841 904 913 comparatione

104 944 224 1015 justitia
250 940 301 996 Dei
321 936 474 1010 pronihilo
499 935 616 989 ducitur.
640 934 675 988 Et
689 931 752 987 ideo
767 935 841 986 recto
857 945 904 985 se·

107 1036 222 1106 quitur:
242 1053 252 1077 ι
269 1026 442 1084 Nolleteam.
461 1048 471 1071 ι
488 1024 550 1079 Non
576 1021 664 1078 solum
685 1020 765 1086 celet,
786 1017 835 1073 sed
853 1031 905 1072 uec

106 1124 188 1179 audet
202 1116 362 1190 contingere
378 1112 509 1184 templum
523 1109 659 1168 Dominici
673 1107 807 1179 corporis.
822 1107 904 1162 Recte

103 1220 205 1289 justus,
228 1213 339 1285 justitiae
363 1210 493 1282 templum
512 1224 567 1264 uon
590 1206 778 1276 corrumpit«
801 1202 906 1258 Tradu-

106 1322 182 1363 cere.
203 1327 214 1352 r
231 1310 272 1359 Ac
287 1301 310 1356 si
326 1300 430 1356 diceret
444 1317 451 1352 :
465 1296 557 1353 Nollet
565 1296 666 1352 ducere
675 1308 814 1366 sponsam,
823 1305 905 1362 quam

109 1394 268 1464 suspicatus
284 1397 326 1446 est
342 1405 403 1445 esse
416 1385 581 1452 adulteram,
603 1391 632 1439 ut
656 1382 712 1448 alii,
737 1381 795 1436 site
809 1379 905 1434 tradu-

109 1507 178 1549 cere
191 1489 224 1546 ad
237 1502 349 1560 poenam
364 1501 445 1557 quarn
459 1483 563 1540 sciebat
586 1496 643 1536 non
661 1480 697 1535 ab
712 1477 824 1534 homine
838 1490 906 1533 cou-

109 1580 227 1652 cepisse.
242 1573 429 1631 Traductionis
452 1571 524 1627 enim
548 1569 658 1626 uerbum
674 1567 774 1637 saepius
793 1565 821 1620 iu
835 1564 908 1619 mala

110 1684 192 1744 quam
206 1666 233 1720 in
249 1666 324 1720 bona
335 1670 412 1734 parte
426 1659 577 1716 iuvenitur.
603 1656 683 1726 Quod
697 1655 780 1711 etiam
795 1653 908 1708 Graecus

956 496 1006 562 sis,
1026 497 1097 550 sicut
1127 494 1215 549 Jacob
1241 494 1388 550 demissam
1413 496 1518 551 ecoelo
1548 499 1647 553 scalam
1672 499 1751 567 (Ceu.

956 593 1042 661 xvttt),
1072 599 1098 647 et
1131 592 1226 646 Petrus
1254 608 1304 646 vas
1327 592 1438 663 plenum
1467 594 1752 652 animantibusincx-
1843 570 1847 579 ¹

957 679 1023 735 stasi
1039 679 1144 734 viderat
1159 681 1236 747 (Act.
1256 686 1297 750 ιι).
1329 681 1485 752 Aliquando
1514 682 1680 754 imaginibus
1695 692 1756 740 ante

957 783 1105 838 corporeos
1119 766 1213 823 oeulos
1229 784 1261 822 ex
1276 784 1340 823 aere
1363 771 1520 841 assumptis,
1537 772 1604 825 sicut
1618 773 1757 827 Abraham

957 873 1012 913 non
1025 856 1113 911 solum
1127 856 1202 921 vidit,
1219 857 1268 911 sed
1285 857 1354 912 etin
1370 858 1480 913 domurn
1507 860 1621 930 accepit,
1638 869 1665 914 et
1683 860 1757 915 insu·

957 961 1008 1017 ρει·
1036 945 1116 998 etiam
1139 944 1214 1014 parit
1243 945 1388 1015 aliquando
1417 947 1577 1002 coelestibus
1601 949 1757 1004 substantiis

959 1035 1039 1103 (Ceri.
1054 1031 1135 1098 ιιιιιι)
1151 1054 1160 1099 ,·
1177 1032 1246 1087 sicut
1262 1033 1394 1102 baptizato
1411 1035 1527 1089 Domino
1541 1051 1593 1090 vox
1609 1037 1702 1092 sonuit
1714 1037 1759 1092 di·

959 1143 1041 1186 cens:
1061 1152 1072 1176 ι
1089 1130 1139 1184 llic
1149 1137 1190 1183 est
1201 1128 1283 1182 Filius
1294 1144 1373 1184 meus
1386 1130 1497 1197 (batth.
1510 1129 1562 1191 ιιι).
1576 1152 1588 1179 ι
1605 1130 1759 1202 Aliquando

959 1227 1078 1282 terrenis
1092 1235 1119 1282 et
1132 1224 1290 1282 caelestibus
1305 1226 1378 1281 sicut
1391 1241 1483 1282 coram
1508 1228 1601 1298 Moyse
1615 1227 1642 1281 in
1665 1237 1759 1284 monte

959 1313 1051 1389 ignem
1066 1316 1217 1386 rubumque
1229 1313 1344 1370 sociavit
1358 1314 1458 1384 (deod.
1476 1316 1527 1383 ,u),
1552 1314 1707 1387 significans
1731 1333 1762 1374 se

959 1404 1098 1460 doctorem
1113 1403 1210 1474 populi
1224 1402 1293 1468 lore,
1310 1403 1356 1474 qui
1372 1403 1442 1475 legis
1457 1403 1594 1458 llammarn
1609 1405 1759 1475 acciperet,

960 1496 1091 1548 ettamen
1106 1491 1212 1561 peccati
1228 1490 1334 1563 spinam
1350 1506 1405 1547 non
1421 1491 1600 1563 relinqueret,
1616 1493 1673 1547 sive
1688 1494 1761 1565 quod

962 1594 1001 1636 ex
1015 1579 1063 1634 illo
1077 1578 1177 1650 populo
1197 1579 1296 1643 exiret,
1312 1579 1358 1651 qui
1382 1579 1476 1650 ignem
1502 1579 1650 1634 divinitatis
1663 1582 1693 1634 in
1708 1581 1762 1636 hu·

962 1683 1053 1723 manae
1066 1675 1171 1722 uaturre
1181 1667 1274 1738 spinas
1287 1669 1458 1737 imponeret.
1475 1667 1625 1738 Aliquando
1635 1669 1764 1723 humanis

110 1774 166 1815 11011
181 1753 301 1812 Absurde
317 1766 407 1807 selmO
421 1748 565 1822 significat,
591 1745 745 1817 vapardeir,
761 1740 905 1812 malhlfflb
921 1746 948 1806 B
963 1755 1090 1812 cordibus
1118 1762 1222 1811 secreta
1249 1754 1409 1826 punitentia
1438 1755 1560 1825 inspirat,
1578 1765 1608 1810 ut
1621 1757 1765 1813 Zacharias

112 1857 139 1912 id
155 1859 201 1913 est
211 1850 365 1924 propalare,
382 1848 456 1922 quod
470 1855 514 1902 est
527 1844 619 1916 palam
633 1842 726 1899 lacere
743 1848 769 1896 et
783 1837 911 1895 omnihus

111 1952 206 2000 notum
222 1940 318 1997 lacere
342 1945 516 2009 conceptum.
539 1957 549 1982 ι
568 1931 690 1990 Occulta.
709 1929 778 1984 »Ne
796 1935 844 1984 aut
857 1944 911 1998 pu-

113 2032 184 2089 blice
199 2029 313 2086 dimissa
327 2042 410 2083 uxore
425 2040 484 2090 sua,
502 2021 583 2079 alieni
607 2021 695 2078 coitus
710 2026 817 2074 reatum
833 2030 913 2086 super

113 2145 177 2189 eam
187 2129 337 2197 induceret,
358 2131 403 2181 aut
425 2124 533 2179 detenta
556 2119 677 2191 scipsum
693 2115 770 2188 quasi
785 2111 913 2170 adulterii

114 2218 257 2276 conscium
273 2231 350 2272 reum
379 2212 569 2270 constitueret.
587 2232 598 2256 ιι
616 2207 769 2270 Dimittere,
789 2228 800 2251 ι
816 2203 844 2256 id
872 2209 915 2256 est

115 2322 230 2364 uxorem
246 2320 303 2361 non
320 2304 431 2366 ducere,
447 2301 505 2355 sive
520 2312 537 2353 a
551 2312 630 2368 panna
645 2292 771 2351 adulterii
785 2292 915 2347 innocen-

120 2404 177 2452 tem
197 2394 330 2450 liberare.
354 2393 426 2447 Ecce
454 2388 542 2445 Adam
571 2383 693 2441 coelestis
721 2398 790 2437 nova
805 2377 917 2450 opponit

116 2483 269 2542 veteribus.
287 2479 375 2536 Priori
388 2479 448 2535 rice
463 2493 496 2532 ex
506 2475 564 2531 solo
580 2473 642 2528 viro
670 2471 770 2527 semina
784 2467 854 2524 laeta
877 2472 918 2520 est

120 2583 185 2639 sine
200 2584 300 2635 matre.
321 2575 449 2633 Secunda
463 2589 528 2629 vero
542 2572 585 2626 vir
595 2587 630 2626 ea
644 2569 704 2624 sola
714 2567 825 2622 muliere
838 2571 918 2619 natus

120 2669 236 2728 estsine
253 2665 358 2724 carnali
372 2672 459 2736 patre.
478 2662 519 2716 Ex
546 2658 655 2715 lerninis
679 2654 771 2712 decuit
785 2667 859 2709 nova
873 2668 919 2707 re·

120 2757 252 2829 demptio,
267 2773 282 2810 a
297 2753 396 2827 quihus
419 2748 563 2823 praecessit
578 2747 690 2817 antiqua
714 2741 915 2815 pravaricatio.

119 2850 258 2905 Terrenus
273 2843 363 2898 Adam
391 2841 426 2896 de
451 2839 610 2907 incorrupta
626 2840 701 2888 terra
714 2831 847 2887 formatus
868 2835 918 2883 est.

121 2933 265 2992 Secundus
274 2930 363 2987 Adam
377 2928 413 2984 de
428 2926 587 2996 incorrupta
604 2928 630 2977 et
645 2917 819 2976 immaculata
839 2924 921 2973 carne

120 3028 238 3103 virginis
253 3025 354 3083 liariae.

965 1844 1005 1900 ait
1019 1864 1025 1898 :
1045 1866 1056 1893 ι
1072 1844 1107 1898 Et
1120 1843 1186 1898 dixit
1201 1842 1268 1897 mihi
1297 1842 1412 1914 angelus
1436 1843 1482 1914 qui
1496 1843 1659 1914 loquebatur
1678 1845 1706 1900 in
1720 1861 1764 1902 me

966 1939 1069 2009 (Zaclt.
1090 1941 1139 2009 u).
1156 1963 1167 1988 ι
1185 1940 1251 1995 Cum
1268 1939 1478 1995 verohicboato
1490 1940 1592 2011 loseph
1606 1942 1768 2014 apparuisse

967 2028 1067 2084 dicitur
1083 2027 1206 2099 imagine
1232 2027 1306 2084 cordi
1334 2037 1443 2082 ostensa
1465 2029 1604 2099 apparuit.
1623 2053 1633 2077 ι
1650 2031 1766 2101 loseph,

967 2116 1005 2170 tili
1020 2116 1117 2171 David.
1136 2141 1146 2164 ι
1164 2115 1332 2172 blandientis
1349 2114 1447 2171 affectu
1463 2116 1582 2187 loquitur
1595 2127 1690 2174 notum
1704 2136 1768 2175 eum

968 2203 1127 2277 significans
1142 2214 1172 2261 et
1185 2205 1356 2272 familiarem,
1373 2204 1452 2274 cnjus
1466 2221 1565 2261 nomen
1580 2215 1609 2262 et
1623 2223 1710 2281 genus
1720 2209 1771 2264 de-

969 2295 1102 2367 signatur.
1119 2294 1188 2350 Hinc
1202 2301 1315 2366 apparet
1329 2294 1399 2365 quod
1425 2309 1461 2349 ex
1498 2294 1595 2350 eadem
1610 2295 1679 2351 tribu
1693 2304 1772 2354 crant

970 2383 1070 2454 Joseph
1081 2391 1107 2437 et
1131 2382 1231 2438 llaria.
1250 2382 1330 2437 turta
1345 2382 1411 2438 illud
1426 2403 1436 2438 .·
1452 2406 1462 2431 ι
1494 2384 1583 2439 Νειιιο
1606 2384 1771 2456 copuletur:

971 2471 1023 2526 uisi
1038 2472 1071 2526 de
1086 2470 1157 2526 tribu
1172 2487 1222 2528 sua
1236 2473 1335 2541 (duod.
1365 2472 1455 2542 axvi).
1477 2495 1487 2519 n
1507 2475 1537 2527 ln
1555 2489 1608 2544 quo
1623 2475 1772 2530 notandum

972 2559 1045 2632 quod
1058 2575 1113 2617 non
1129 2566 1181 2614 tam
1197 2575 1280 2616 carne
1295 2576 1375 2631 quam
1393 2560 1490 2630 spiritu
1506 2560 1592 2616 filiurn
1606 2560 1696 2619 David
1711 2580 1773 2619 eum

973 2656 1049 2720 dixit,
1066 2656 1308 2726 utjusturnvirurn
1322 2672 1354 2712 ex
1369 2673 1472 2728 genere
1502 2657 1570 2727 justi
1593 2668 1773 2732 propagatum

972 2754 1025 2808 hoc
1039 2753 1173 2809 meruisse
1187 2753 1356 2811 declararet.
1379 2776 1389 2802 ι
1416 2753 1480 2808 ΝοΙί
1503 2754 1612 2820 timere,
1632 2763 1774 2826 »apparet

974 2842 1047 2914 quod
1062 2858 1145 2898 causa
1161 2843 1270 2899 timoris
1293 2843 1448 2913 apparuerit
1462 2841 1603 2898 dimittere
1622 2858 1696 2908 eam,
1712 2844 1774 2915 qnia

975 2931 1089 2987 timebat
1106 2929 1230 3002 profiteri
1260 2931 1381 3002 speciale
1410 2930 1577 3003 conjugium.
1607 2930 1675 2985 l'ide
1703 2930 1776 3002 quod

976 3024 1052 3075 metu
1070 3019 1116 3075 ille
1131 3035 1185 3075 non
1207 3019 1241 3074 sit
1267 3020 1413 3083 coercitus,
1444 3035 1498 3090 quo
1525 3018 1651 3090 accipere
1665 3034 1776 3074 uxorem

161 3139 174 3171 1
194 3118 404 3172 111131111111110
419 3100 920 3184 1081111111,111111ε11111901111111·1
937 3122 962 3184 C
977 3107 1129 3179 prohibitus
1146 3116 1197 3174 est,
1215 3109 1263 3164 sed
1277 3108 1388 3177 jubetur
1402 3124 1437 3162 ne
1452 3107 1487 3163 ad
1500 3122 1578 3163 suam
1593 3107 1778 3178 penitentiam

121 3210 198 3265 Bono
212 3205 272 3263 viro
286 3212 312 3260 et
322 3205 408 3274 justo,
438 3201 510 3255 bona
524 3207 550 3254 et
562 3198 636 3267 juste
665 3193 806 3268 cogitanti,
834 3192 924 3246 bonus

978 3196 1054 3252 illam
1069 3195 1198 3268 accipere
1214 3203 1358 3268 pavescat.
1376 3196 1454 3250 Prius
1471 3196 1552 3251 timor
1577 3195 1734 3268 expellitur,
1751 3204 1780 3250 ut

123 3298 250 3365 ‘³²1'ustus
263 3291 390 3366 apparuit
412 3288 537 3344 nuntius·
572 3286 696 3357 ¹d00<ll¹t³
712 3281 821 3339 Additur
837 3302 848 3325 ‘¹
866 3279 924 3333 ΒΟ·
978 3292 1109 3348 libentius
1135 3292 1255 3349 dicenda
1282 3301 1378 3364 postea
1406 3293 1594 3348 audiantur«
1624 3293 1779 3366 Conjugem

123 3392 192 3450 mini
208 3416 219 3441 ι
236 3390 270 3447 ad
290 3385 496 3445 distinctionem
525 3385 718 3455 apostatarum
746 3377 920 3450 angelorum.
981 3389 1064 3438 tuam.
1082 3404 1099 3464 ''.
1112 3382 1186 3438 Solet
1196 3381 1332 3453 scriptura
1347 3397 1466 3453 sponsas
1477 3383 1611 3454 conjuges
1623 3380 1669 3437 vel
1679 3397 1780 3437 uxores

124 3483 204 3538 1⁴1¹ssss
218 3476 351 3550 ³⁰8⁰¹l¹ffl
367 3473 523 3530 Gabrielem
536 3470 613 3526 musti
628 3476 736 3540 pulani»
749 3468 829 3537 lum
846 3466 926 3520 Lussffi
980 3493 1088 3534 vocare.
1105 3478 1169 3534 Sive
1197 3477 1259 3534 ideo
1282 3479 1367 3533 illaria
1394 3479 1492 3548 conjux
1520 3479 1632 3545 dicitur,
1649 3478 1713 3550 quia
1727 3477 1781 3533 sub

127 3569 239 3625 fidelem
261 3563 458 3628 narrationem,
494 3575 549 3616 non
579 3559 641 3630 quia
669 3556 727 3628 ipse
755 3554 789 3608 sit
817 3551 927 3606 nuntius

124 3656 271 3715 nativitatis
303 3652 433 3715 omnium,
472 3649 536 3721 quia
569 3647 761 3716 interpretatur
798 3639 927 3697 fortitudo

128 3747 199 3815 Ilei;
215 3753 241 3801 ct
256 3741 371 3798 victoria
385 3739 520 3795 bellorum
545 3743 586 3792 est
601 3734 626 3790 ei
642 3731 800 3789 commissa.
818 3730 851 3783 Et
866 3727 927 3782 idco

129 3845 159 3901 in
174 3837 437 3898 nativitatcloanuis
464 3845 490 3892 et
518 3834 618 3890 Christt
641 3832 677 3887 ad
705 3827 867 3886 vincendum
880 3824 929 3880 ini·

132 3933 235 3989 micum
246 3929 410 3985 venientium
427 3932 501 3981 recte
518 3923 642 3978 mittitur.
665 3921 749 3976 Recte
764 3918 799 3974 de
813 3914 929 3971 Domino

133 4044 243 4102 quoque
258 4026 389 4099 cogitanti
419 4028 574 4094 opportuna
601 4017 743 4074 adhibetur
766 4011 928 4076 consolatio,

134 4127 246 4184 sicutet
273 4123 380 4178 duobus
403 4120 431 4175 iu
454 4119 496 4176 via
524 4114 732 4173 ambulantibus
747 4119 873 4167 ostensus
891 4117 932 4165 est

136 4226 262 4281 Christus
277 4222 355 4294 (Luc.
372 4218 456 4287 xxiv).
470 4238 481 4270 r
495 4217 524 4270 ln
539 4213 642 4270 somnis
652 4211 788 4283 apparuit.
807 4233 818 4259 n
836 4210 933 4264 Sermo

133 4318 287 4394 apparendi
301 4316 439 4372 insolitam
453 4329 511 4368 rem
522 4309 671 4383 significat.
701 4307 813 4362 Duobus
840 4303 932 4358 modis

981 3567 1078 3624 codem
1089 3567 1156 3638 jugo
1170 3567 1305 3622 educandi
1321 3566 1489 3622 salvatorem
1508 3574 1581 3621 erat.
1602 3587 1614 3616 ι
1632 3565 1723 3636 Quod,
1738 3565 1783 3620 in·

981 3657 1049 3728 quit,
1065 3663 1170 3719 natum,
1192 3679 1202 3703 ι
1227 3671 1281 3711 non
1297 3655 1465 3711 extrinsecus
1485 3663 1527 3710 est
1541 3655 1716 3725 seminatum,
1733 3653 1782 3710 sed

982 3745 1016 3800 de
1032 3744 1134 3816 Spiritu
1148 3752 1256 3800 sancto.
1277 3745 1327 3800 llic
1355 3744 1472 3800 solvitur
1501 3744 1575 3816 quod
1589 3745 1692 3815 loseph
1713 3743 1784 3798 scie-

983 3841 1028 3909 rit,
1058 3842 1125 3913 quid
1146 3841 1321 3913 ignoraverit.
1350 3842 1564 3911 (Aucusrmus.)
1593 3839 1647 3895 Sed
1674 3855 1729 3896 non
1746 3839 1782 3894 oh

983 3930 1037 3985 hoc
1060 3931 1176 4001 Spiritus
1206 3938 1283 4001 pater
1316 3930 1416 3984 Christi
1444 3928 1647 3983 existimandus
1672 3935 1724 3993 est,
1754 3935 1784 3982 ut

985 4015 1785 4090 DeusPaterl'erbumgenuerit;Spiritusverohominem.

986 4114 1040 4170 Sed
1055 4114 1119 4186 quia
1133 4114 1193 4184 ejus
1214 4113 1366 4169 ministerio
1394 4113 1489 4167 civitas
1512 4111 1614 4166 Christi
1637 4109 1786 4181 adimpleta

987 4203 1033 4258 sit.
1055 4227 1066 4250 ιι
1084 4203 1175 4258 Pariet
1190 4211 1281 4258 autem
1295 4201 1391 4256 hlium.
1415 4223 1425 4249 ι
1458 4202 1559 4256 Parere
1588 4207 1680 4255 tauron
1703 4197 1787 4261 saciet

987 4302 1047 4358 sine
1061 4302 1156 4359 dolore
1180 4302 1313 4374 pariendi,
1338 4302 1408 4358 sicut
1438 4301 1496 4356 sine
1518 4301 1626 4373 peccati
1649 4300 1789 4356 voluntate

135 4416 238 4475 locutio
253 4414 344 4470 divina
356 4410 541 4483 distinguitur,
558 4414 604 4463 aut
618 4422 668 4477 pcr
693 4402 872 4474 angelosaut
885 4415 935 4471 per
988 4391 1041 4446 tuit
1063 4403 1225 4464 conceptus.
1257 4393 1302 4449 Sic
1329 4398 1518 4447 monstrantur
1545 4398 1662 4462 quatuor
1686 4389 1789 4445 incerta

138 4513 326 4585 semetipsum.
343 4509 396 4565 Sed
412 4523 473 4565 curu
497 4521 546 4576 per
573 4502 752 4572 semetipsum
766 4500 825 4555 sola
841 4496 932 4567 inspi·
947 4479 974 4539 D
990 4491 1210 4564 uniuscujusque
1224 4491 1365 4547 nascentis
1383 4510 1388 4546 :
1407 4512 1418 4541 ι
1445 4489 1498 4558 Qui
1525 4489 1612 4562 pariet
1635 4487 1731 4553 hlium,
1744 4487 1790 4559 qui

139 4612 248 4669 ratione
259 4609 363 4664 interna
377 4605 437 4660 sine
455 4601 549 4659 verbis
564 4608 591 4656 et
605 4598 718 4670 syllabis
745 4611 794 4653 cor
814 4595 940 4657 docetur,
994 4580 1134 4636 1011111111
1148 4581 1240 4647 Jews,
1256 4580 1302 4651 (tui
1330 4579 1436 4635 1111111111
1453 4577 1534 4634 satiei
1554 4576 1683 4649 populum
1696 4593 1788 4640 11111111,

139 4710 204 4781 quia
230 4705 351 4761 auditum
379 4700 477 4773 aperit,
508 4706 534 4755 ct
563 4697 667 4752 habere
695 4693 814 4750 sonitum
837 4690 938 4746 nescit.

142 4807 217 4863 Sient
232 4803 346 4876 Spiritus
361 4799 485 4870 Philippo
506 4795 589 4851 dixit:
607 4818 618 4843 a
636 4795 722 4865 lunge
738 4799 764 4847 te
779 4791 812 4845 ad
829 4802 941 4846 currum

146 4906 228 4959 istum
243 4903 315 4969 (Act.
327 4899 399 4968 rut).
422 4920 433 4944 r
451 4896 520 4950 Cum
536 4908 600 4947 vero
615 4906 665 4963 per
678 4889 807 4961 angelum
828 4887 871 4940 his
886 4899 944 4939 mo-

145 5002 198 5065 dis,
215 4995 362 5070 aliquando
376 4992 469 5050 verbis
486 4991 545 5045 siue
559 4989 616 5043 ulla
637 4985 767 5055 imagine,
783 4983 852 5038 sicul
867 4979 945 5036 Chri·

147 5107 191 5155 sto
205 5095 328 5152 dicenti:
349 5116 360 5140 «
378 5093 457 5147 Pater
471 5086 593 5146 clarilica
607 5083 704 5140 Filium
731 5090 816 5146 tuum,
835 5101 846 5125 ι
863 5077 946 5150 proti·

148 5213 201 5253 nus
224 5192 422 5265 respondetur:
441 5210 452 5236 ι
483 5183 648 5250 Claritieaai,
678 5189 705 5237 et
727 5180 827 5234 iterum
841 5174 946 5233 clarih-

148 5294 218 5351 cabo
232 5292 324 5363 (loon.
340 5287 398 5357 ιιι).
416 5308 427 5335 ι
443 5285 478 5339 Ει
492 5281 608 5353 reliqua.
625 5277 780 5351 Aliquando
794 5274 878 5331 rebus
888 5271 947 5327 sine

149 5389 253 5448 verbis.
266 5387 340 5443 Sicut
354 5380 482 5440 Ezechiel
504 5378 607 5435 Electri
632 5374 752 5448 speciem
767 5371 834 5427 vidit
847 5371 876 5425 in
890 5384 947 5424 mo·

151 5488 198 5543 dio
212 5483 286 5559 ignis
297 5481 410 5554 (Ecccb.
425 5478 456 5550 r),
471 5492 521 5548 per
531 5477 602 5531 banc
617 5471 720 5529 Christi
734 5467 948 5527 incarnationem

153 5581 305 5656 designans
318 5593 326 5648 ;
354 5572 500 5646 aliquando
520 5569 610 5629 verbis
623 5574 650 5626 et
666 5567 759 5634 rebus,
778 5565 847 5621 sicut
861 5562 949 5619 Adam

154 5679 379 5739 deambulantem
391 5672 537 5730 Dominum
550 5670 579 5725 in
591 5666 717 5741 paradiso
731 5673 793 5739 post
806 5661 949 5719 meridiem

156 5776 225 5840 uidit
238 5776 319 5849 (Gen.
333 5773 384 5845 nt),
399 5768 558 5844 significans
579 5766 670 5828 lucem
685 5760 809 5824 veritatis
823 5778 838 5819 a
854 5778 885 5820 se
900 5776 953 5819 re·

996 4683 1023 4730 et
1036 4675 1159 4742 vocabis,
1175 4683 1232 4731 etc.
1253 4697 1264 4723 n
1282 4674 1305 4730 0
1328 4674 1442 4745 loseph,
1467 4673 1579 4729 vocibus
1594 4673 1789 4743 prophetarum

997 4788 1053 4828 non
1066 4771 1251 4828 contradicas.
1266 4771 1425 4826 Notandum
1445 4769 1518 4840 quod
1545 4769 1620 4837 juxta
1634 4767 1792 4822 ttatrtraeum

996 4871 1030 4926 ad
1044 4870 1158 4942 loseph,
1174 4871 1249 4940 juxta
1264 4868 1362 4923 Lucam
1390 4867 1426 4922 ad
1453 4864 1564 4920 llariam
1580 4878 1679 4918 vocare
1693 4879 1793 4919 nornen

997 4968 1075 5040 pueri
1091 4967 1253 5039 praedictum
1267 4965 1311 5032 sit,
1328 4963 1391 5035 quia
1404 4963 1483 5017 lesus
1497 4960 1533 5016 ad
1555 4960 1674 5016 salutem
1689 4960 1793 5017 utrius·

998 5082 1051 5138 quc
1067 5081 1147 5121 sexus
1162 5065 1245 5121 venit.
1259 5064 1357 5118 tesam
1372 5060 1493 5132 sequitur
1512 5058 1681 5130 etymologia
1701 5058 1792 5114 norni-

999 5163 1041 5218 nis
1055 5178 1117 5218 cum
1129 5163 1188 5216 ait:
1208 5184 1218 5209 ι
1244 5160 1306 5230 lpse
1326 5157 1399 5214 enim
1427 5154 1535 5213 salvum
1564 5153 1646 5212 saciet
1662 5155 1795 5228 populum

1000 5277 1089 5315 suurn.
1107 5279 1118 5309 ι
1135 5260 1207 5315 Vere
1221 5274 1286 5312 suus
1300 5257 1362 5329 quis
1377 5255 1436 5310 aliis
1451 5270 1513 5310 esse
1527 5253 1643 5325 possita
1656 5255 1792 5327 peccatis.

1000 5358 1100 5413 Contra
1113 5353 1222 5411 ludaeos
1241 5352 1288 5426 qui
1310 5359 1405 5424 putant
1432 5352 1562 5424 populum
1588 5368 1683 5408 eorum
1697 5352 1732 5408 de
1751 5367 1797 5408 ca·

1000 5451 1179 5526 ptiritatihus,
1205 5465 1259 5506 non
1286 5450 1321 5507 de
1348 5449 1466 5523 peccatis
1493 5464 1544 5520 per
1568 5450 1702 5506 Christum
1730 5448 1799 5504 libe·

1001 5551 1127 5607 raudum.
1143 5550 1216 5607 Nota
1231 5547 1304 5621 quod
1314 5549 1374 5621 ejus
1389 5555 1430 5604 est
1444 5546 1528 5615 salus,
1542 5555 1637 5604 nostra
1652 5563 1716 5605 aero
1736 5552 1800 5600 sunt

1001 5658 1128 5727 peccata.
