3780 6038
166 283 216 338 363

627 278 729 332 catut
749 277 925 334 dLl³llONSl
943 276 994 333 EX
1012 276 1133 333 1ὓῦ.Εο
1153 276 1352 333 CllllISllle

1764 275 1817 331 361

167 399 284 454 animata
300 415 375 467 raro,
387 407 415 454 ut
427 396 541 453 arbores
552 402 578 450 et
593 394 704 463 herbae;
725 392 853 448 animalia
876 401 963 447 autem
978 394 1007 455 Α
1022 392 1092 448 seris
1107 400 1200 457 totam,
1210 393 1331 464 nunquid
1341 391 1430 447 omnia
1441 408 1496 448 uuo
1508 391 1661 463 eodemque
1684 390 1820 462 temporis

168 496 194 542 et
208 488 384 556 irrationalia,
401 496 428 542 ut
445 487 531 548 bruta,
549 494 573 538 et
589 483 730 550 rationale,
765 482 791 537 id
820 492 861 537 est
884 483 965 537 borno

169 584 215 656 qui
231 583 317 639 factus
333 593 374 638 est
390 591 449 653 post
474 582 574 637 omnia.
606 578 701 635 Omnis
729 579 812 651 igitur
838 587 965 634 ereatura

168 672 309 727 exordium
326 673 406 741 empit
419 671 452 724 ab
469 668 613 723 universali
630 668 728 735 anima,
756 675 782 721 et
806 669 967 722 terminatur

168 760 195 815 in
212 761 320 815 homine
334 759 469 831 gradatim
485 758 520 813 ab
535 773 591 812 uno
607 757 633 809 in
649 756 720 809 aliud
740 757 871 828 migrans.
899 756 966 810 Sunt

169 857 253 924 igitur
268 857 356 912 anima
368 865 449 925 atque
461 854 574 909 materia
590 853 705 923 simpla,
727 862 751 907 et
763 853 883 909 oninium
903 854 966 907 sub·

169 945 304 1015 jactorum
320 943 451 1000 ineflabili
468 944 567 997 summi
579 941 887 1012 Creatorisdispooente
907 957 969 1011 pro·

172 1036 291 1092 videntia
308 1036 447 1093 factrices.
466 1035 603 1105 Quidquid
620 1044 710 1088 utitem
735 1035 769 1087 ab
794 1035 835 1087 bis
855 1033 969 1089 iuferius

171 1130 221 1186 est,
238 1122 349 1192 superni
364 1121 478 1176 rectoris
508 1119 637 1174 voluntati
665 1119 869 1189 obtemperans,
906 1118 969 1174 facti

171 1210 276 1282 pariter
291 1218 317 1265 et
333 1209 459 1266 facientia
475 1216 547 1262 tenet
571 1205 701 1261 officium.
728 1207 872 1277 Singulum
897 1207 969 1262 euim

173 1314 267 1354 eorum
282 1306 309 1354 et
324 1296 379 1353 fita
395 1313 445 1352 suo
465 1295 610 1366 superiori,
627 1303 653 1350 et
669 1294 731 1350 facit
753 1312 832 1349 suurn
855 1294 970 1350 iuferius

170 1396 219 1451 ita.
240 1396 316 1452 Unde
333 1403 359 1451 et
373 1396 406 1450 de
422 1395 527 1449 eisdem
550 1394 639 1448 David
655 1395 788 1464 propheta
799 1395 834 1448 ita
849 1377 972 1465 pinnini

171 1485 267 1541 dicens
283 1503 289 1538 :
307 1484 469 1539 benedicite
485 1485 615 1550 flumine,
631 1485 728 1539 cornia
742 1500 826 1556 opera
845 1484 914 1547 eiua,
940 1485 971 1539 ia

172 1574 318 1628 orrrailcce
334 1572 538 1629 dominationis
562 1573 622 1641 rjais
639 1573 726 1633 (Paul.
749 1574 806 1641 eu).
829 1573 868 1627 lia
889 1572 971 1627 etiam

172 1662 264 1717 omnia
277 1661 340 1717 licet
356 1660 473 1723 diversa,
487 1661 521 1715 ita
539 1668 630 1715 tamen
650 1660 740 1714 diuina
759 1661 900 1733 restringit
920 1677 971 1731 po-

172 1759 264 1823 tentia,
282 1767 308 1812 ut
323 1758 349 1811 in
364 1758 437 1811 nullo
452 1760 560 1828 penitus
576 1758 627 1811 sibi
652 1759 799 1829 pugnantia
828 1758 974 1812 videantur
988 1750 1015 1811 B

171 1855 217 1902 aut
233 1847 355 1901 dissona.
375 1845 452 1914 Quod
469 1846 534 1901 irem
550 1846 636 1900 David
650 1847 704 1901 aliu
725 1847 787 1901 loeo
811 1847 851 1902 sic
875 1845 971 1901 testifi-

171 1944 247 1991 catur
260 1934 353 1991 dicens
362 1952 368 1989 :
378 1937 506 1990 Laudent
514 1951 614 1991 ttamen
622 1935 742 2001 flumini,
754 1937 819 2008 quia
826 1939 884 2007 ipse
894 1936 973 1991 dixit

172 2037 971 2109 etsuctuaunt‚ipsemaaduuitetcr·ea1usuat.Slatuitea

168 2128 387 2185 irasoecutum.ct
402 2126 574 2180 insecutum
584 2127 866 2198 soeculiproeceptueu
874 2128 970 2197 posuit

170 2219 264 2270 cliton
272 2214 433 2287 preteribit
444 2215 532 2279 (Paul.
545 2217 669 2283 exertat).
682 2214 736 2269 Sed
759 2216 971 2286 unumquodque

168 2315 328 2370 inferiorum
353 2314 502 2385 superioris
523 2324 650 2385 respectu
674 2315 810 2387 simplum,
835 2317 971 2372 inferioris

168 2419 236 2459 vero
251 2403 352 2458 dicitur
366 2404 561 2472 compositum.
578 2404 683 2474 Corpus
707 2410 800 2460 autem
824 2406 970 2460 lnrmanum

169 2490 241 2563 quod
257 2490 386 2545 omnibus
397 2489 512 2545 inferius
525 2500 566 2546 est
580 2508 613 2546 eo
629 2491 702 2562 quod
716 2494 768 2547 sub
783 2510 816 2549 eo
839 2494 905 2548 nibil
929 2498 970 2549 est

168 2580 203 2634 ad
218 2580 290 2650 quod
305 2579 433 2649 simplum
450 2578 566 2646 dicatur,
580 2596 613 2635 ex
639 2590 695 2636 toto
714 2582 896 2653 compositum
915 2599 970 2638 non

168 2676 304 2733 immerito
320 2677 425 2739 dieitur,
442 2676 584 2749 factusque
613 2686 655 2733 est
681 2679 763 2734 homo
793 2681 825 2734 de
853 2681 971 2752 simplici

166 2775 277 2833 omnino
292 2783 427 2840 creatura,
445 2775 517 2829 idem
541 2776 633 2830 anima
662 2784 688 2831 et
714 2792 831 2848 corpore
859 2781 969 2836 omuino

164 2865 326 2935 composito.
344 2863 462 2918 Perfudit
480 2863 571 2934 itaque
594 2880 656 2919 eum
681 2873 708 2919 et
728 2865 875 2922 illustrarit
897 2869 970 2923 Deus

163 2968 221 3009 sun>
236 2953 405 3009 celsitudinis
418 2952 560 3023 sapientia,
576 2969 625 3023 per
640 2970 722 3025 quam
736 2965 917 3027 cognosceret
944 2964 970 3012 et

164 3055 334 3112 discerneret
349 3055 453 3109 anania.
474 3055 554 3110 Facta
568 3063 609 3110 eat
623 3054 707 3128 igitur
720 3058 827 3127 species
851 3059 969 3114 bominis

161 3143 234 3198 iuter
248 3160 343 3199 omnes
358 3144 466 3214 species
483 3143 641 3198 animalium
652 3145 759 3212 melior,
769 3146 966 3226 etelegantioq

163 3240 190 3286 et
205 3233 230 3286 iu
247 3232 374 3288 omnibus
389 3232 571 3302 prestantior.
586 3232 664 3288 Unde
678 3233 751 3287 haud
766 3234 864 3303 injuste
879 3237 970 3293 minor

165 3321 284 3376 muudus
303 3328 427 3376 uocatur.

204 3472 328 3526 Morsus.
344 3470 409 3524 ltem
421 3469 560 3525 difficilem
574 3477 600 3526 et
614 3471 707 3526 multis
723 3472 866 3529 obscuram
889 3484 969 3547 atque

170 3561 302 3635 ignotam,
319 3559 456 3614 luculento
472 3567 498 3613 et
513 3560 581 3614 satis
592 3568 687 3632 aperto
702 3578 829 3618 sermone
852 3564 968 3619 demon-

164 3648 263 3717 strasti,
275 3649 390 3719 jamque
403 3646 437 3702 de
452 3647 505 3701 tuis
521 3647 612 3702 verbis
628 3648 695 3713 istis,
714 3651 778 3720 quid
794 3653 903 3723 lluyses
919 3670 968 3725 po-

166 3739 249 3794 tuerit
264 3736 421 3806 significare
436 3736 462 3789 iu
478 3737 612 3807 principio
626 3737 687 3791 libri
708 3738 849 3795 Geneseos
871 3758 969 3798 secun·

165 3829 233 3882 ditm
248 3824 447 3897 philosophiam
463 3832 558 3894 aperte
578 3824 710 3899 intelligo.
740 3828 782 3882 dit
810 3829 903 3885 euim:
936 3833 968 3887 fn

165 3915 306 3990 principio
316 3915 423 3969 creanti
436 3915 503 3969 berte
511 3916 609 3969 caelum
617 3919 759 3971 etterrnm
770 3918 851 3979 (Gen.
863 3919 968 3989 elidem

166 4005 285 4061 animam
300 4002 489 4058 universalem
504 4011 585 4074 atque
595 4005 747 4059 materiam.
773 4005 968 4079 Gradatimque

167 4110 263 4151 ornnes
278 4090 447 4148 enumeravit
463 4099 611 4153 creaturas,
625 4092 713 4147 drinec
728 4095 896 4163 pervenitad
916 4098 969 4151 ho-

169 4183 281 4250 minem,
298 4180 344 4252 qui
360 4195 410 4249 per
424 4179 528 4233 dierum
543 4181 749 4236 successionem
760 4192 836 4238 sexto
860 4187 968 4240 tandem

1018 491 1072 545 ictu
1088 488 1227 562 liquefient
1238 492 1320 546 lNon
1335 491 1437 563 utique,
1453 491 1502 545 sed
1526 490 1603 560 prius
1628 504 1702 557 cern,
1725 497 1818 560 postea

1018 579 1073 650 pix,
1090 579 1188 633 debinc
1203 587 1340 643 stannum,
1350 578 1712 650 deincepsplumbum,post
1722 594 1771 642 aes,
1784 577 1820 630 ad

1020 668 1143 722 ultimum
1161 670 1262 722 ferrum
1278 667 1399 738 liquefiet
1426 669 1547 738 lurputas
1569 667 1654 738 igitur
1680 668 1733 721 boc
1747 667 1821 736 ignis

1020 752 1201 824 virtuti,quod
1216 753 1269 806 alin
1285 754 1345 807 aliis
1369 754 1449 808 citius
1476 751 1626 824 liquefiant,
1658 767 1694 806 an
1724 767 1819 806 eorum

1020 851 1104 905 variae
1115 850 1228 904 ascribis
1243 850 1378 906 debilitati
1393 853 1407 907 ‘l

1056 958 1181 1012 llorsas.
1199 957 1329 1013 Virtutem
1345 958 1416 1027 ignis
1431 957 1554 1011 eamdem
1571 972 1632 1011 esse
1647 971 1715 1029 erga
1727 955 1821 1010 omnia

1022 1062 1103 1100 nemo
1118 1045 1231 1109 dubitat,
1245 1046 1292 1100 sed
1304 1061 1398 1101 eorum
1414 1062 1475 1117 qure
1491 1045 1617 1099 molliora
1642 1053 1705 1099 suut
1727 1043 1815 1111 citius,

1023 1150 1083 1205 quae
1099 1149 1164 1188 vero
1179 1133 1290 1189 duriora
1305 1134 1407 1189 tardius
1423 1132 1576 1205 liquefiunt.

1061 1241 1183 1295 Pardus.
1201 1241 1303 1294 Eiidem
1320 1241 1401 1295 modo
1417 1241 1443 1294 in
1458 1238 1823 1296 creaturismundioonalia

1024 1329 1059 1383 de
1075 1344 1156 1383 eausa
1172 1337 1209 1383 tot
1224 1329 1327 1383 dierum
1338 1329 1461 1383 transivit
1476 1343 1566 1394 mora,
1583 1327 1635 1381 nisi
1662 1326 1729 1399 quia
1744 1344 1823 1399 quae·

1024 1425 1088 1481 dam
1102 1441 1195 1481 earum
1212 1425 1343 1481 tardiores
1359 1424 1434 1480 fuere
1448 1425 1475 1479 in
1491 1425 1665 1496 suscipienda
1680 1425 1778 1481 forma.

1061 1542 1184 1598 storeas.
1202 1542 1384 1598 Dubitatioais
1400 1557 1494 1597 errore
1509 1541 1615 1597 sublato
1627 1542 1687 1611 jam
1704 1539 1825 1597 veritatis

1025 1632 1118 1686 lumen
1133 1631 1248 1702 aspicio.

1064 1730 1186 1784 l’ararrs.
1203 1732 1304 1799 Aperta
1319 1727 1385 1782 satis
1401 1735 1428 1783 et
1448 1726 1527 1781 firma
1553 1727 1666 1782 cuilibet
1695 1734 1737 1782 est
1765 1725 1824 1782 brec

1025 1818 1123 1881 oratio,
1138 1833 1218 1888 quarn
1230 1824 1256 1871 et
1271 1824 1496 1887 argumentorum
1514 1824 1539 1871 et
1563 1815 1676 1870 rationis
1702 1815 1823 1885 undique

1024 1905 1099 1961 fulcit
1114 1907 1247 1974 probatio.
1264 1906 1318 1961 Sed
1333 1911 1418 1960 vestri
1433 1905 1569 1969 doctores,
1585 1904 1650 1959 dum
1665 1904 1693 1957 in
1704 1904 1823 1974 quibus·

1024 1997 1087 2050 dam
1103 1995 1279 2066 pertinaciter
1291 1994 1369 2050 uobis
1384 1993 1517 2049 obsistere
1527 1992 1822 2063 conantur,ipsietiam

1025 2084 1079 2139 sibi
1094 2084 1221 2140 contrarii
1237 2084 1424 2139 inveniuntur.

1060 2201 1186 2256 llorsns.
1203 2199 1268 2254 llibi
1282 2199 1374 2266 velim,
1391 2198 1414 2253 si
1441 2197 1541 2270 placet,
1557 2197 1668 2253 ostendi
1697 2197 1823 2270 quisnam

1027 2304 1103 2344 error
1118 2289 1168 2343 iste
1183 2288 1230 2343 sit.

1059 2379 1182 2434 Paraus.
1199 2378 1296 2433 Dicunt
1310 2377 1381 2433 enim
1396 2377 1468 2448 quod
1488 2377 1570 2443 Deus,
1586 2392 1649 2434 cum
1664 2373 1822 2431 firmamen-

1025 2474 1081 2520 tum
1095 2466 1243 2532 constituit,
1259 2464 1394 2537 perlicere
1418 2466 1528 2537 penitus
1556 2465 1654 2520 nolens
1677 2465 1821 2533 cujusdam

1024 2557 1116 2627 magni
1132 2555 1271 2610 foraminis
1285 2555 1403 2625 spatium
1417 2555 1444 2608 iu
1457 2553 1663 2623 septentrionali
1679 2564 1759 2624 parto
1767 2553 1821 2607 im·

1025 2645 1172 2716 perfeetum
1187 2645 1304 2715 reliquit.
1318 2644 1396 2712 Quod
1407 2644 1501 2699 obboc
1513 2643 1640 2699 videlicet
1650 2659 1714 2698 eum
1723 2641 1821 2698 fecisse

1025 2741 1194 2802 asseverant,
1210 2743 1237 2788 ut
1251 2733 1275 2788 si
1303 2732 1364 2804 quis
1390 2732 1537 2802 aliquando
1563 2748 1718 2803 exsurgens
1742 2739 1769 2787 et
1796 2731 1820 2785 ei

1024 2822 1157 2894 aeqnnlem
1171 2838 1201 2877 se
1217 2821 1320 2878 faciens
1336 2822 1422 2877 Deum
1437 2838 1499 2877 esse
1514 2821 1668 2888 aediceret,
1680 2820 1820 2892 ipseDeus

1024 2910 1097 2966 illius
1111 2911 1189 2981 spatii
1205 2909 1397 2981 perfectionem
1413 2910 1439 2965 ei
1451 2919 1601 2980 apponeret
1615 2910 1731 2965 dicens:
1755 2929 1768 2960 ι
1794 2908 1820 2964 Si

1026 3001 1099 3055 Deus
1114 3016 1144 3054 es
1160 3008 1189 3054 ut
1204 3016 1267 3071 ego,
1283 3000 1375 3054 locum
1391 2999 1467 3053 illurn
1481 2999 1580 3054 claude
1595 3000 1618 3052 si
1632 3008 1723 3070 potes,
1740 3014 1820 3070 quem

983 3107 1008 3170 C
1023 3104 1145 3167 apertum
1158 3095 1253 3167 reliqui
1261 3111 1324 3168 ego.
1339 3119 1349 3144 ι
1363 3095 1421 3150 Hoc
1436 3104 1526 3149 autem
1536 3111 1617 3166 quam
1629 3104 1726 3165 patens
1740 3111 1818 3150 men·

1024 3185 1131 3241 dacium
1146 3185 1189 3250 sit,
1207 3184 1308 3239 nullius
1322 3184 1393 3240 oculi
1408 3184 1495 3239 aciem
1506 3183 1583 3239 latet.
1594 3183 1820 3254 septentrionalis

1024 3274 1122 3329 etenim
1138 3273 1192 3344 poli
1208 3289 1286 3328 arem
1300 3272 1460 3327 altissimum
1476 3289 1587 3343 semper
1600 3289 1685 3344 super
1700 3287 1820 3337 cosnec

1024 3379 1139 3434 uuquam
1156 3361 1286 3417 occultari
1301 3361 1495 3431 conspicimus,
1512 3361 1656 3433 ipsumque
1672 3370 1756 3417 totum
1777 3360 1819 3415 iu-

1023 3452 1350 3523 tegrumperl'ectumque
1381 3450 1520 3505 videmus.
1556 3451 1712 3522 Perpeadis
1740 3450 1820 3523 igitur

1023 3556 1101 3612 quam
1118 3538 1277 3594 manifestus
1294 3539 1327 3593 sit
1343 3554 1419 3593 error
1433 3539 1508 3594 iste?

1058 3629 1180 3684 lforsas.
1190 3628 1329 3699 Perpendo
1337 3627 1457 3700 quidem,
1469 3629 1572 3684 ethunc
1582 3627 1819 3684 sermonemomui

1023 3717 1135 3773 rationis
1151 3720 1246 3789 vigore
1260 3718 1416 3772 destitutum
1431 3732 1583 3790 cognosco.

1058 3819 1180 3874 Parnes.
1197 3819 1295 3872 Nonne
1311 3817 1400 3873 adbuc
1416 3817 1584 3873 merulacium
1600 3818 1674 3890 quod
1689 3819 1724 3875 de
1750 3820 1819 3877 Cure

1023 3907 1144 3961 claribus
1160 3905 1357 3970 conbtrrerunt,
1370 3905 1455 3960 multo
1471 3906 1641 3961 inhonestius
1671 3914 1699 3962 et
1727 3908 1820 3964 absur-

1023 3994 1084 4049 dius
1099 4004 1140 4049 est
1154 3995 1168 4049 l

1060 4095 1183 4148 illorsas.
1201 4091 1261 4162 Quo
1277 4101 1356 4162 pacto
1372 4092 1419 4147 tibi
1436 4094 1543 4149 mentiri
1562 4094 1716 4153 ridentur?

1061 4184 1182 4237 Parnes
1198 4182 1328 4235 Discrunt
1339 4190 1367 4235 ut
1382 4181 1495 4252 ipsemet
1507 4184 1727 4255 nosti,quoniam
1742 4185 1820 4252 Cere,

170 4270 214 4325 die
228 4279 269 4324 est
285 4276 402 4325 creatus.
420 4267 474 4322 Sed
490 4268 517 4321 ia
538 4269 589 4323 boc
615 4269 666 4323 alia
694 4271 853 4340 quibusdam
881 4275 968 4329 Deum
1024 4272 1087 4326 dum
1099 4286 1217 4325 eremum
1237 4285 1299 4325 cum
1316 4272 1408 4340 rllnyse
1424 4279 1450 4325 et
1466 4270 1528 4326 filiis
1543 4270 1630 4327 lsrael
1659 4274 1821 4343 preteriret,

170 4357 264 4414 mundi
279 4357 436 4412 Cs⁸¹¹¹⁰r⁰¹¹³
452 4371 514 4410 ⁰⁵⁵⁰
528 4356 640 4413 minime
655 4359 839 4425 ⁰s²d⁰¹¹²lh¹²⁵=
857 4365 970 4433 (1⁰³³stio
988 4424 992 4433 .
1024 4385 1159 4432 trecentos
1172 4375 1547 4441 habebatcarnelosonustos,
1561 4377 1627 4430 nibil
1638 4378 1714 4432 aliud
1731 4379 1821 4435 fereu-

173 4447 268 4511 0l5¹¹1¹¹2
285 4460 345 4516 qum
361 4443 423 4498 ¹⁸¹l⁸
438 4452 479 4499 ‘³⁵‘
495 4463 503 4499 ·'
518 4445 545 4499 Si
561 4445 660 4509 ⁰¹¹¹¹¹5⁸v
679 4447 813 4519 millium,
833 4453 970 4507 mundana
985 4461 1011 4521 D
1026 4475 1067 4520 tes
1084 4465 1135 4519 uisi
1147 4466 1220 4519 solas
1231 4464 1323 4519 clat'es
1338 4465 1459 4518 thesauri
1470 4465 1603 4533 eiusdem,
1616 4482 1678 4537 quae
1689 4466 1782 4523 clares
1792 4468 1823 4523 de

174 4551 228 4591 non
244 4550 292 4604 per
307 4548 336 4586 se
352 4541 414 4586 suat
429 4540 531 4598 creata,
546 4534 595 4587 sed
623 4535 694 4590 nlius
721 4545 762 4591 est
790 4539 901 4595 Creator
928 4543 976 4613 qni

177 4632 275 4680 cuncta
290 4620 438 4683 creauerit,
450 4621 580 4691 cumipse
596 4631 625 4676 ut
639 4623 729 4678 dicitis
741 4627 913 4696 omnipotens
929 4631 972 4699 sit,

174 4729 223 4771 cur
236 4712 296 4767 haec
310 4709 401 4766 omnia
415 4724 469 4763 non
484 4709 593 4776 inuno,
610 4712 657 4766 aed
673 4711 701 4767 iu
717 4716 757 4767 tur
770 4715 872 4770 dierum
887 4720 976 4788 spatio

174 4800 313 4874 paulisper
326 4797 621 4869 operandocomplerit
630 4801 643 4853 ‘t
653 4801 693 4857 ad
705 4803 763 4858 ltnrc
774 4804 837 4875 quid
859 4822 975 4877 respon·

174 4890 232 4948 deri
246 4887 354 4954 debeat,
370 4886 508 4957 conjicere
522 4888 628 4944 nescia.

213 5033 331 5086 Parrus.
346 5029 407 5083 Non
422 5028 521 5100 patitur
536 5030 604 5085 ratio
620 5034 796 5105 aequoniam
813 5051 867 5091 uua
895 5051 975 5093 crea-

177 5128 240 5175 tura
253 5117 359 5173 tardius
374 5125 415 5172 est
430 5125 521 5172 creata
538 5134 621 5190 quam
637 5121 699 5189 alia,
716 5123 778 5179 ideo
789 5141 910 5181 summus
925 5142 974 5182 ea·

176 5223 236 5264 rum
249 5205 709 5276 Creatorminuspotenscredatur.
731 5213 826 5283 Neque
850 5215 921 5268 enim
946 5216 973 5269 in

174 5293 295 5364 hocejus
304 5290 574 5362 fuitimpotentia,sed
587 5297 649 5367 quia
658 5297 973 5368 ipsarumcreaturarum

174 5379 975 5457 alteramollior,alteraduriorluitinsuscipiendaauacrea·

175 5471 250 5527 tione
263 5475 288 5523 et
301 5465 397 5535 forma,
408 5466 490 5521 veluti
499 5469 521 5522 si
533 5470 650 5541 accipias
661 5490 774 5529 massam
786 5492 867 5532 unam
883 5479 910 5534 in
921 5496 974 5552 qua

176 5561 291 5625 ferrum,
309 5571 355 5619 aes,
371 5563 397 5610 et
412 5554 561 5625 plumbum,
578 5566 713 5628 stannum,
732 5565 786 5633 pix,
804 5575 830 5620 et
845 5583 909 5623 eera
934 5569 973 5623 si·

175 5647 231 5704 mul
248 5646 303 5701 sint
316 5644 415 5715 posita,
431 5651 457 5698 et
472 5644 542 5699 banc
556 5661 675 5702 massam
698 5666 729 5704 ex
758 5656 885 5712 omnibus
915 5657 973 5713 istis

175 5735 358 5805 commistam,
373 5748 428 5792 unu
442 5732 593 5807 eodemque
605 5746 744 5794 momento
757 5740 785 5795 in
804 5742 898 5815 ignem
919 5747 973 5802 mi·

1030 4569 1175 4609 vaccarum
1187 4553 1313 4625 corrigiis
1325 4552 1401 4608 facta
1410 4562 1486 4608 eraut
1497 4569 1602 4616 earnes.
1616 4562 1644 4609 ut
1654 4554 1743 4610 leuius
1761 4556 1822 4612 ferri

1030 4651 1152 4714 possent.
1168 4643 1363 4712 Computemus
1378 4657 1444 4711 ergo
1460 4643 1482 4696 si
1498 4643 1594 4713 placet,
1610 4660 1627 4698 o
1651 4645 1771 4714 ltoyses,
1800 4652 1825 4699 et

1030 4739 1119 4786 utrum
1135 4732 1186 4787 hoc
1201 4738 1277 4785 stare
1292 4730 1378 4801 possit
1392 4731 1546 4785 videamus.
1568 4733 1671 4786 Demus
1686 4734 1721 4788 ad
1737 4735 1824 4789 miuus

1029 4834 1105 4888 librae.
1119 4849 1165 4888 sex
1181 4832 1396 4903 claues,etquod
1406 4832 1522 4904 quisque
1538 4834 1661 4889 camelus
1676 4835 1713 4890 ad
1736 4836 1824 4891 minus

1030 4929 1171 4978 sexcentas
1182 4921 1271 4976 tulerit
1288 4921 1383 4985 libras,
1399 4930 1533 4992 eruntque
1548 4921 1640 4978 claves
1668 4939 1738 4979 urias
1757 4942 1824 4981 unus

1030 5009 1152 5067 camelus
1168 5009 1281 5074 ferebat,
1298 5010 1350 5063 tria
1365 5009 1450 5064 millia
1465 5019 1613 5066 sexcentae.
1630 5012 1708 5068 Fient
1736 5015 1824 5089 itaque

1029 5110 1121 5164 clares
1136 5122 1184 5162 ccc
1200 5107 1481 5167 camelorum,trtxtx
1497 5107 1593 5162 millia.
1610 5107 1664 5165 Sed
1681 5127 1744 5167 cum
1755 5130 1825 5186 quae·

1030 5214 1082 5270 que
1097 5197 1181 5252 clavia
1195 5197 1228 5250 ad
1244 5197 1332 5250 miuus
1348 5196 1427 5250 unius
1441 5197 1474 5251 sit
1485 5212 1566 5263 arcae,
1590 5206 1656 5269 quot
1680 5209 1745 5256 sunt
1768 5203 1824 5259 cla·

1029 5303 1087 5353 ves,
1104 5285 1216 5341 totidem
1231 5284 1327 5355 procul
1343 5285 1426 5340 dubio
1441 5293 1519 5340 erunt
1547 5293 1573 5341 et
1601 5302 1689 5344 arere.
1722 5272 1824 5346 Dentur

1029 5390 1120 5460 itaque
1136 5388 1234 5459 cuique
1244 5387 1351 5442 camelo
1365 5386 1399 5442 ad
1414 5386 1504 5443 minus
1519 5388 1579 5444 duae
1594 5404 1679 5457 arere,
1696 5400 1724 5448 et
1747 5400 1825 5449 emnt

1028 5476 1125 5535 cameli
1135 5491 1212 5532 arcas
1223 5475 1823 5551 ferentesquingentaetquadragintamillia.

1029 5566 1082 5622 Sed
1105 5575 1131 5621 et
1159 5565 1309 5620 seeundum
1331 5565 1554 5620 consuetudinem
1582 5565 1700 5624 divitum
1728 5570 1824 5644 quibus

1028 5654 1119 5726 major
1133 5669 1199 5711 eura
1214 5654 1248 5708 de
1263 5653 1448 5709 custodiendis
1463 5652 1566 5709 divitiis
1581 5662 1635 5723 est,
1655 5658 1778 5729 oportuit
1790 5658 1823 5717 ad

1028 5743 1119 5801 minus
1132 5743 1202 5801 duos
1216 5742 1337 5800 camelos
1358 5758 1442 5799 unum
1468 5742 1571 5801 babere
1596 5745 1752 5819 maedan,
1779 5746 1824 5822 qui
