3780 6038
168 238 221 297 ild

663 243 776 300 Stztttt
797 247 938 302 anattts
958 247 990 302 S.
1014 248 1137 303 SEVERI
1158 249 1321 307 Stttt'rt.

1765 257 1819 311 tao

165 363 255 421 minos
268 365 326 436 ejus
342 366 453 424 retineri
468 368 628 440 possit,rem
642 376 760 440 emptam
773 370 815 425 vel
824 370 961 427 venditam
976 373 1002 431 Α
1018 373 1163 440 vendendi,
1181 374 1396 445 inanimalibus,
1422 383 1466 434 vet
1494 377 1523 433 in
1553 376 1685 449 plaustris
1711 377 1819 452 aliquid

167 462 260 510 custos
274 457 384 511 mercati
399 458 450 511 sibi
467 458 594 512 retineat.

205 555 231 605 6.
248 551 390 620 Praeterea,
405 554 428 607 si
443 555 601 609 alteralteri
626 555 652 609 in
682 564 804 612 mercato
834 556 964 625 iujuriam

170 637 273 705 iecerit,
289 641 379 694 abbati
394 642 437 697 vel
453 644 546 698 nuntio
569 659 619 698 suo
641 644 736 715 viginti
760 645 885 701 denarios
906 661 965 713 per·

169 726 268 793 solvat,
285 730 453 796 atiujurintn
477 731 599 801 legitime
628 730 786 785 satisfaciat.
816 735 963 788 llereatum

169 832 196 878 et
210 825 273 895 ejus
287 827 418 882 securitas
429 829 506 884 durat
521 847 536 883 a
557 830 600 883 dic
628 830 706 884 lovis
730 839 791 899 post
821 831 963 886 meridiem

168 928 258 983 usquc
273 916 306 968 ad
319 916 595 983 Domirricum,d0ucc
613 918 699 988 prima
713 918 878 973 celebretur.
903 919 964 973 Sta-

170 1008 256 1056 tutum
271 1004 353 1058 etiam
369 1006 416 1059 luit
427 1007 510 1077 quod,
520 1007 541 1060 si
553 1007 616 1077 quis
627 1015 703 1061 crtra
712 1007 801 1060 villam
827 1016 962 1079 pergeret,

170 1107 196 1154 et
209 1099 237 1153 iu
253 1100 296 1155 via
311 1101 429 1174 aliquam
445 1112 625 1158 mercaturam
642 1104 795 1159 venientem
811 1104 847 1159 ad
872 1104 963 1158 villam

169 1197 315 1254 emeret,a
343 1191 486 1246 venditore
515 1192 620 1247 lesdam
649 1193 790 1263 reciperet,
818 1198 846 1247 et
873 1193 964 1247 abbati

168 1279 348 1346 persolveret,
367 1279 407 1334 vel
418 1280 453 1334 dc
468 1296 518 1334 suo
533 1280 623 1336 daret.

205 1366 231 1418 ⁹1.
247 1365 379 1421 Similiter
393 1377 520 1423 statutum
537 1368 584 1423 luit
599 1369 682 1439 quod,
699 1370 721 1423 si
737 1370 798 1441 quis
812 1371 846 1424 ad
867 1370 964 1426 domos

169 1452 333 1508 rusticorum
353 1464 427 1510 extra
447 1457 537 1511 villam
550 1458 712 1528 perrexerit,
729 1467 755 1513 ct
769 1459 803 1513 ab
817 1459 857 1513 eis
874 1461 964 1515 viumn

168 1540 211 1596 vel
226 1544 378 1612 pomacium
395 1546 499 1613 emerit,
516 1552 543 1601 et
559 1564 608 1617 per
623 1563 663 1616 se,
683 1548 725 1602 vei
754 1564 806 1617 per
832 1547 913 1602 alium
937 1547 965 1601 in

168 1629 359 1700 periculosae
387 1633 431 1687 illa
460 1636 494 1688 ad
524 1633 615 1689 villam
639 1635 773 1700 attulerit,
803 1652 964 1707 quocunque

1018 464 1210 528 abstraxerint,
1227 463 1254 518 in
1270 465 1342 519 exitu
1359 475 1497 536 portarum
1512 467 1627 521 lemnam
1649 469 1817 537 persolvant.

1018 554 1093 608 ldeur
1108 552 1225 607 dicimus
1240 553 1274 608 de
1302 555 1427 622 corariis,
1458 555 1530 626 quod
1558 555 1673 610 lemnam
1698 556 1819 611 debeant

1017 650 1093 706 dare.

1056 742 1097 792 lit.
1114 740 1151 793 De
1167 738 1348 810 burgensibus
1363 739 1435 794 villae
1463 747 1592 794 statutum
1620 748 1662 795 est
1690 740 1764 811 qnod
1789 741 1818 795 in

1018 829 1090 885 exitu
1105 843 1159 881 uon
1173 828 1291 883 debcant
1305 827 1372 882 dare
1389 829 1507 896 lcmnan,
1524 828 1576 882 rrisi
1591 828 1625 883 dc
1641 827 1725 896 servo,
1748 830 1816 896 sale,

1018 925 1045 972 et
1060 916 1191 986 piscibus.
1211 916 1402 971 Verumtamen
1428 917 1548 987 quaudiu
1576 917 1704 972 nundinae
1733 917 1817 971 dura·

1019 1006 1116 1068 verint,
1129 1003 1188 1074 jam
1203 1004 1268 1059 dieti
1282 1005 1446 1077 burgenses,
1472 1005 1543 1061 sicut
1562 1006 1656 1061 creteri
1676 1006 1816 1073 homines,

1018 1092 1136 1149 lemnam
1151 1093 1317 1162 persolvant.

1055 1182 1249 1236 testulutum
1277 1182 1357 1236 etiam
1384 1181 1442 1249 luit,
1477 1181 1551 1253 quod
1577 1181 1600 1236 si
1628 1183 1689 1254 quis
1718 1182 1819 1239 [alsam

1019 1284 1174 1325 mensuram
1191 1269 1225 1323 de
1253 1285 1423 1341 quacumque
1453 1286 1494 1333 re,
1524 1271 1558 1325 ad
1586 1271 1742 1335 emendum,
1775 1272 1819 1327 vel

1018 1359 1201 1422 vendendum,
1218 1358 1354 1423 babuerit,
1376 1359 1435 1414 siue
1465 1358 1655 1415 misericordia
1677 1359 1819 1431 persolvat

1018 1457 1111 1512 abbati
1128 1472 1174 1510 sex
1187 1456 1290 1510 solidos
1307 1473 1313 1520 ;
1329 1455 1352 1510 si
1368 1472 1431 1511 vero
1445 1456 1479 1510 dc
1494 1472 1623 1511 mensura
1643 1456 1711 1511 salsa
1733 1457 1817 1513 vieini

1018 1544 1162 1616 conquesti
1180 1543 1291 1609 luerint,
1307 1560 1355 1615 pro
1371 1560 1533 1618 unoquoque
1556 1553 1742 1617 conquerente
1771 1546 1818 1601 ab·

1018 1632 1069 1688 bas
1084 1649 1130 1687 sex
1144 1632 1246 1687 solidos
1261 1632 1370 1698 habeat,
1387 1641 1413 1688 ot
1427 1633 1658 1704 conquerentibus
1688 1633 1818 1690 falsarius

169 1733 292 1797 tempore
314 1728 362 1784 itta
390 1732 498 1799 vendat,
515 1732 586 1788 liber
611 1734 662 1788 erit
684 1748 697 1787 a
727 1734 814 1789 lesda.
832 1733 962 1788 liamdcm
978 1730 1004 1789 B
1020 1722 1149 1776 damnum
1166 1721 1297 1775 Γθὸῑῑῑῑῐᾶῑ·

168 1813 323 1872 libertatem
338 1819 429 1886 babet,
453 1824 478 1875 si
496 1821 590 1888 boves,
617 1838 724 1888 vaccas,
751 1837 827 1885 ores.
854 1838 962 1893 capras,

167 1918 267 1974 porcos
282 1907 446 1975 vendiderit,
463 1909 514 1964 nisi
530 1916 637 1965 tautum
667 1927 700 1965 ea
726 1912 752 1965 in
780 1911 896 1966 macello
920 1911 962 1966 vel

167 2010 287 2057 mercato
302 2011 403 2060 statuto
420 2007 583 2063 vendiderit.
609 2008 637 2063 Si
652 2023 716 2064 vcro
743 2024 889 2073 annonam,
921 2009 963 2064 vel

167 2089 360 2160 aliudemerit,
377 2102 405 2149 ct
420 2094 489 2149 iutra
512 2113 633 2152 mensem
655 2104 682 2152 el
706 2097 777 2152 diem
802 2096 903 2169 aliquid
928 2096 962 2153 de

166 2176 214 2233 illa
228 2189 386 2236 mercatura
410 2183 573 2250 vendiderit,
596 2186 701 2242 lesdam
724 2201 775 2257 pro
799 2190 855 2239 toto
878 2185 961 2240 dabit.

167 2274 296 2332 Extranei
311 2295 385 2343 vero.
402 2281 424 2335 si
438 2282 539 2354 aliquid
556 2283 651 2337 venale
666 2284 699 2337 ad
710 2282 960 2351 villamattuleriut,

168 2362 271 2419 sivein
299 2369 436 2436 prresenti,
467 2370 523 2425 sive
553 2372 579 2425 in
608 2370 705 2436 futuro,
734 2370 905 2426 vendiderint
935 2371 961 2425 iu

167 2450 280 2508 introitu
296 2465 443 2526 portarum,
462 2458 566 2513 lesdam
579 2459 746 2530 persolvant,
769 2459 810 2515 vel
833 2459 963 2515 securim·
987 2473 990 2476 ·

168 2545 224 2594 tem
238 2556 292 2597 non
308 2545 441 2600 vendendi
455 2546 586 2603 lemnario
600 2548 709 2604 iaciant.

206 2632 235 2684 8.
256 2631 389 2687 statutum
404 2636 484 2689 etiam
499 2634 548 2690 luit
561 2637 645 2708 quod,
666 2637 688 2690 si
708 2644 845 2691 mereator
867 2635 961 2702 viator,

169 2726 198 2772 ut
224 2720 370 2788 pedagium
400 2724 483 2792 possit
513 2725 639 2790 evadere,
668 2730 771 2779 astrata
798 2724 962 2789 deviaverit,

168 2806 212 2863 vel
225 2822 275 2878 per
288 2809 380 2866 villam
393 2812 539 2881 transiens,
550 2813 697 2886 pedagium
710 2829 766 2868 non
778 2812 962 2884 persolverit,-

168 2904 192 2958 ai
204 2908 335 2979 consequi
350 2911 459 2979 poterit,
471 2919 652 2967 mercaturam
675 2910 778 2967 amittat
794 2930 801 2978 ;
831 2910 874 2966 vel
902 2927 963 2967 eam

167 3007 229 3049 oum
243 2995 341 3053 abbate
354 3008 510 3069 componat.

1056 1823 1098 1874 ta.
1115 1819 1155 1873 ad
1182 1818 1301 1873 ultimum
1332 1818 1529 1874 videusabbas
1557 1819 1695 1876 raritatem
1723 1821 1819 1878 homi·

1019 1924 1094 1975 nuru,
1109 1916 1135 1963 et
1149 1906 1220 1979 quod
1236 1908 1270 1961 de
1285 1905 1358 1962 iaeili
1373 1923 1427 1962 nnn
1440 1916 1533 1979 posset
1548 1908 1611 1964 villa
1626 1909 1764 1981 populari,
1791 1919 1818 1966 ut

1017 1996 1097 2053 citius
1109 1996 1291 2067 popularetur,
1316 1995 1380 2051 dixit
1396 2005 1421 2051 et
1449 1996 1593 2066 concessit,
1622 1998 1696 2069 quod
1720 1998 1744 2053 si
1782 1999 1817 2056 de

1016 2084 1173 2140 huminibus
1188 2084 1279 2140 Sancti
1294 2084 1390 2140 Severi
1410 2084 1510 2140 vellent
1523 2084 1560 2140 ibi
1579 2084 1698 2142 aedillcia
1712 2085 1815 2154 iacere,

1018 2174 1090 2246 quod
1118 2173 1213 2229 liceret
1241 2173 1281 2229 eis
1309 2173 1379 2228 intra
1400 2173 1571 2243 vicennium;
1596 2174 1723 2231 vicennio
1750 2190 1816 2232 vero

1018 2271 1165 2328 trausacto,
1183 2262 1246 2316 siin
1274 2261 1319 2316 illa
1348 2262 1448 2317 vellent
1463 2263 1575 2328 morari,
1592 2270 1619 2318 et
1646 2279 1815 2334 perannum

1017 2361 1044 2407 et
1056 2352 1128 2406 diem
1144 2366 1237 2406 secum
1252 2359 1353 2417 essent,
1370 2360 1395 2406 et
1410 2350 1444 2406 de
1469 2367 1519 2406 suo
1542 2352 1653 2423 proprio
1677 2368 1748 2425 pane
1770 2369 1817 2410 co·

1016 2450 1168 2514 medereut,
1181 2457 1207 2503 et
1222 2448 1280 2503 sine
1296 2448 1463 2521 querimonia
1478 2449 1594 2517 abbatis,
1612 2449 1716 2508 deiude
1737 2466 1817 2508 more

1017 2537 1193 2609 burgensium
1210 2537 1395 2604 sehabereut,
1425 2537 1476 2592 uisi
1501 2537 1569 2593 sorte
1596 2538 1691 2594 casalli
1719 2554 1816 2596 eornm

1016 2635 1157 2681 manerent
1172 2636 1265 2697 postea
1279 2626 1402 2691 desolati,
1419 2632 1482 2682 tuno
1497 2642 1545 2698 per
1573 2625 1643 2682 filios
1672 2642 1750 2695 auos,
1773 2628 1816 2684 vel

1016 2730 1066 2788 per
1081 2714 1197 2785 seipsos,
1213 2714 1337 2786 quamvis
1349 2714 1376 2769 in
1401 2712 1465 2769 vitia
1491 2714 1667 2784 aedificarent,
1696 2716 1816 2773 casallos

1016 2804 1183 2874 cooperiant.
1201 2811 1320 2869 teneant,
1336 2812 1363 2858 et
1377 2804 1507 2871 serviant,
1524 2812 1551 2859 et
1571 2803 1598 2859 in
1624 2804 1728 2860 eisdem
1758 2820 1816 2861 ma-

1017 2909 1110 2957 neant.
1131 2901 1158 2957 si
1169 2917 1235 2958 vero
1243 2901 1403 2967 servientes,
1416 2902 1458 2957 vel
1470 2901 1629 2958 conductitii
1637 2901 1816 2975 burgensium

1017 2989 1436 3062 exstiterint,quantumcunque
1451 2990 1544 3045 abbati
1560 2991 1704 3061 placuerit,
1718 2991 1754 3047 de
1777 2991 1816 3048 eis

204 3092 230 3149 9,
245 3092 379 3149 smmum
396 3098 477 3152 epam
491 3096 539 3152 sup
556 3098 628 3170 quoq
644 3099 688 3170 qui
703 3113 809 3169 pannos
824 3094 919 3153 laneo,
933 3096 961 3153 jn
975 3088 1001 3151 c
1015 3090 1140 3151 tanquam
1155 3079 1189 3134 de
1203 3078 1264 3133 aliis
1280 3078 1433 3134 bominibus
1444 3078 1609 3135 voluntatem
1624 3094 1700 3135 snam
1721 3078 1813 3148 iaciat,

167 3178 230 3235 villa
245 3182 357 3239 venales
375 3184 511 3253 babuerit,
528 3195 589 3242 octo
605 3187 707 3243 solidos
718 3185 858 3242 aunuatim
871 3187 961 3241 abbati

166 3272 314 3345 persolvat.

205 3373 248 3426 lb.
263 3372 303 3425 De
318 3373 456 3427 muudinis
470 3374 596 3429 similiter
609 3378 740 3429 statutum
756 3374 804 3429 tuit
819 3375 893 3447 quod
919 3375 960 3428 in-

167 3458 270 3529 cipiunt
293 3460 359 3514 teria
384 3461 478 3531 quinta
503 3472 565 3533 post
594 3464 783 3530 Pentecosten,
811 3474 837 3519 et
864 3465 963 3519 durant

167 3563 218 3618 per
234 3547 360 3604 undecim
374 3549 444 3616 dies,
460 3560 489 3605 ut
516 3552 605 3607 omnis
633 3552 677 3624 qui
706 3554 740 3608 ad
766 3568 812 3608 eas
843 3553 960 3621 venerit,

167 3651 280 3693 securus
295 3637 338 3704 sit,
354 3638 407 3693 nisi
426 3638 507 3696 luerit
536 3640 683 3707 homicida,
709 3643 752 3698 vel
780 3642 899 3714 aliquem
927 3642 961 3696 de

168 3732 230 3788 villa
243 3734 277 3788 ad
292 3735 508 3806 redemptionem
523 3740 656 3809 coegerit.
676 3741 710 3794 Et
723 3741 840 3812 quandiu
850 3741 960 3806 durant,

165 3838 260 3878 omnes
277 3823 378 3879 banniti
393 3834 420 3880 et
435 3827 572 3900 pignorati
587 3829 640 3882 sint
655 3829 782 3885 absoluti.
801 3829 829 3884 Si
853 3829 913 3901 quia
933 3830 961 3883 in

163 3911 230 3983 ipsis
243 3912 325 3969 alicui
339 3914 466 3983 injuriam
495 3915 601 3984 lecerit,
629 3918 723 3990 viginti
754 3918 882 3973 (lanarios
911 3932 962 3988 pro

163 4016 246 4072 paena
273 4003 335 4057 dabi
359 4004 460 4071 abbati,
491 4015 518 4061 ct
543 4007 615 4075 quod
642 4008 746 4075 justum
773 4007 852 4061 luerit
880 4006 962 4062 t'aeint

161 4092 346 4162 conquerenti,
360 4093 412 4148 nisi
425 4094 599 4149 homicidium
614 4094 642 4148 iu
657 4095 696 4150 eis
711 4094 916 4165 perpetraverit.

201 4191 243 4242 lt.
259 4188 396 4244 Pvaetevea
412 4190 574 4260 jamdictus
590 4191 678 4246 abbas
693 4191 830 4247 coracessit
854 4190 961 4244 habita-

162 4275 268 4330 toribus
284 4277 364 4344 villae,
380 4295 434 4334 non
448 4280 483 4334 ad
496 4281 681 4345 vendendum,
696 4282 745 4335 sed
757 4281 790 4334 ad
802 4287 963 4335 construen-

161 4370 211 4426 das
224 4373 332 4435 domna,
348 4373 488 4431 iaciendos
503 4376 588 4439 lacos,
605 4378 800 4433 etadooeteros
815 4393 891 4441 usus,
905 4376 960 4431 duo

1017 3187 1044 3233 et
1058 3194 1107 3234 eos
1122 3177 1287 3248 ubicumque
1302 3177 1418 3232 voluerit
1432 3176 1554 3234 collocet.

1054 3270 1097 3320 lb.
1119 3267 1252 3321 Statutum
1268 3266 1348 3321 etiarn
1362 3265 1410 3320 luit
1425 3273 1452 3321 et
1466 3267 1536 3322 bene
1563 3266 1699 3321 firmatum
1728 3266 1814 3339 qnod,

1018 3354 1051 3420 si,
1067 3355 1153 3426 portis
1164 3353 1264 3409 clausis
1279 3354 1360 3419 villan,
1384 3353 1483 3426 aliquis
1506 3354 1533 3408 iu
1553 3370 1616 3409 earn
1639 3354 1752 3412 aliunde
1772 3356 1816 3410 in-

1017 3452 1137 3519 traverit,
1154 3453 1197 3507 vel
1212 3452 1318 3517 exierit,
1340 3451 1392 3505 nisi
1421 3467 1504 3506 causa
1532 3452 1682 3508 evadendae
1709 3453 1815 3523 mortis,

1017 3549 1155 3613 tamquam
1169 3540 1280 3594 invasor
1295 3540 1366 3596 villan
1378 3539 1515 3608 judicetur
1525 3548 1550 3595 et
1561 3541 1773 3597 condemnetur.

1054 3632 1096 3684 tt.
1117 3629 1253 3684 Statutum
1278 3629 1358 3683 etiam
1382 3627 1430 3682 fuit
1454 3627 1537 3700 quod,
1563 3629 1586 3684 si
1610 3629 1729 3703 quiade
1754 3631 1817 3687 villa

1017 3717 1149 3774 alterode
1177 3716 1233 3772 suis
1262 3717 1390 3771 membris
1419 3718 1570 3790 majoribus
1598 3734 1628 3773 ae
1654 3718 1814 3791 privaverit,

1016 3832 1049 3871 ca
1064 3816 1166 3870 solidos
1181 3814 1271 3869 abbati
1286 3815 1435 3885 persolvat,
1452 3823 1479 3869 et
1500 3830 1562 3871 cum
1587 3831 1619 3871 eo
1643 3817 1678 3871 de
1707 3825 1816 3887 turpato

1017 3904 1142 3959 membro
1156 3903 1310 3970 conveniat,
1326 3912 1353 3958 et
1367 3903 1401 3958 de
1418 3904 1572 3974 turpatione
1586 3902 1704 3960 aliorum
1728 3922 1817 3962 mem·

1017 3994 1128 4049 brorum
1145 3993 1171 4046 iu
1186 3991 1297 4048 arbitrio
1313 3992 1549 4061 adjudicantium.

1053 4090 1096 4146 la.
1113 4090 1247 4146 Statutum
1263 4089 1342 4145 etiam
1358 4088 1417 4155 luit,
1434 4089 1508 4162 quod
1522 4089 1545 4143 si
1560 4089 1622 4162 quis
1632 4089 1693 4146 aine
1704 4092 1816 4150 haerede

1017 4178 1144 4244 decedat,
1160 4176 1285 4232 abbania
1301 4177 1428 4233 omnibus
1444 4186 1527 4232 rebus
1539 4178 1597 4232 suis
1620 4177 1646 4234 ei
1665 4181 1815 4248 succedam

1017 4275 1043 4322 et
1059 4266 1082 4320 si
1100 4266 1160 4338 quis
1190 4275 1380 4321 testamentum
1410 4265 1501 4322 iacere
1526 4266 1643 4322 noluerit
1669 4269 1705 4324 da
1733 4270 1817 4326 rebus

1017 4364 1083 4430 suis,
1098 4362 1274 4428 monasterio,
1301 4378 1352 4434 pro
1376 4363 1465 4418 anima
1490 4379 1552 4431 sna,
1572 4363 1749 4423 medietatam
1774 4366 1818 4423 tri·

161 4475 285 4526 nemora,
300 4479 383 4518 uuum
398 4466 470 4535 quod
486 4465 584 4521 dicitur
604 4467 756 4529 Padaeuce,
781 4476 808 4519 et
831 4466 956 4529 alterurn,
975 4445 1001 4504 D
1017 4453 1091 4507 buil·

162 4550 236 4620 quod
249 4550 348 4606 dicitur
363 4554 501 4608 Martini...
529 4554 643 4620 Cretera,
674 4555 800 4609 videlicet
829 4556 902 4609 culta
933 4562 961 4608 at

161 4637 262 4693 inculta
277 4640 326 4694 sibi
343 4642 460 4706 retinuit,
477 4644 546 4698 sicut
560 4659 577 4698 n
591 4643 781 4698 luridatoribus
796 4641 959 4697 monasterii

164 4726 264 4783 donata
292 4737 320 4783 et
348 4745 478 4786 concessa
507 4731 614 4786 luerunt
651 4731 808 4785 beatissimo
844 4730 959 4799 martyri

164 4822 277 4885 Severo.
290 4839 395 4880 necnon
410 4826 544 4881 Salvatori
559 4826 650 4881 abbati
671 4827 792 4893 ejusdcm
814 4825 866 4880 loci
889 4825 959 4881 sicut

164 4909 192 4967 in
207 4912 372 4967 membranis
387 4921 413 4967 et
428 4914 577 4986 privilegiis
593 4915 692 4970 nostris
707 4914 904 4985 scriptumest.

201 5002 243 5054 ttt.
259 4999 393 5054 Statutum
408 5003 489 5057 etiam
506 5002 553 5057 luit
569 5004 651 5074 qnod,
668 5003 691 5058 si
712 5003 846 5067 extranei,
874 5018 959 5058 causa

1050 4553 1093 4603 ta.
1108 4548 1278 4604 Procedente
1288 4556 1410 4620 tempore
1421 4556 1548 4604 statutum
1559 4558 1602 4606 eat
1612 4551 1726 4624 quod,si
1734 4553 1818 4609 abbas

1014 4647 1086 4717 apud
1101 4663 1299 4702 semeusuram
1322 4646 1472 4719 legitimam
1494 4648 1605 4704 emendi
1629 4657 1657 4706 et
1680 4652 1818 4709 vendendi

1013 4750 1267 4805 anuommscmper
1283 4736 1390 4795 habeat.
1407 4752 1457 4807 pro
1468 4753 1596 4792 mensura
1625 4755 1641 4794 e
1669 4741 1817 4798 venditore

1014 4825 1347 4895 manuspleunsannouae
1368 4825 1510 4895 percipiat.
1539 4828 1572 4881 ln
1600 4826 1656 4884 stne
1686 4838 1817 4885 atatmum

1013 4913 1153 4984 estquod,
1171 4912 1193 4966 si
1209 4912 1242 4966 de
1256 4927 1327 4967 noro
1346 4912 1449 4984 aliquid
1472 4915 1652 4973 statuendam
1681 4918 1815 4985 evenerit,

1012 5008 1144 5057 statuatur
1159 5010 1187 5056 et
1201 5010 1389 5057 conservatur.
1407 5006 1505 5058 Amen.
