3780 6044
120 220 174 277 223
619 219 787 276 Gctlmbl
805 218 950 276 tenetls
972 221 1257 281 tttttboctbtcs'ffls.

1716 231 1769 287 sil

122 343 282 417 religiosum
295 343 398 401 credidi
414 361 468 401 uon
482 353 582 401 tacere.
598 343 632 398 lit
647 343 776 415 quoniam
792 343 826 401 de
848 359 917 402 con·
931 348 956 410 Α
973 349 1210 408 mortificationem
1225 351 1345 410 indicant
1361 353 1486 411 vitiorum
1502 374 1509 422 ;
1526 373 1576 428 per
1597 372 1703 425 aurum,
1733 356 1765 410 li-

122 432 259 489 solatione
274 441 365 489 vestra
380 433 520 505 proposui,
536 450 585 490 vos
607 432 743 489 salubrius
768 434 916 503 consolari,
972 451 1032 518 des,
1048 468 1097 524 pgr
1119 462 1275 525 argenium,
1302 455 1438 514 consessio
1464 477 1470 524 ;
1496 459 1524 513 jn
1556 475 1612 515 Μ
1639 458 1770 516 torpitudo

122 529 166 585 rel
180 528 316 586 aedifrcare
327 545 383 586 non
396 530 485 596 valeo,
504 546 588 602 qnam
604 530 627 584 si
642 545 726 602 pauca
736 530 771 586 de
781 530 917 602 pluribus,
972 541 1139 610 exprimitur,
1168 544 1195 599 in
1223 543 1357 615 lapidibus
1394 546 1524 618 pretiosis
1559 546 1679 618 pretiosa
1708 546 1770 603 vitae

122 633 182 690 quae
198 617 226 673 in
241 618 326 674 veteri
343 618 405 693 lege
419 619 490 674 faula
503 629 698 688 memorantur,
715 626 812 676 veslrae
827 620 918 676 humi·
972 631 1408 706 aeternaedesignantnreloquia.
1437 635 1466 689 ln
1489 634 1658 693 candelabro
1689 634 1768 691 bonae

122 717 191 775 litati
201 717 333 772 studeant
347 718 478 774 revelare.
505 720 544 774 De
569 718 611 773 bis
635 725 724 773 autem
745 735 806 790 quae
829 719 919 790 pelam
971 725 1128 784 intentionis
1143 729 1285 786 manifesta
1299 731 1423 801 operatio
1434 732 1603 806 intelligitur.
1617 733 1770 790 Perarcam

121 810 192 867 sunt,
208 808 234 857 et
249 800 327 856 valde
340 803 468 857 omnibus
484 803 555 866 trita,
584 802 721 858 disserere
746 803 918 874 superlluum
972 817 1362 891 memmjglpepfigngggim
1379 820 1677 894 mundpgiggpeppeggm
1690 835 1769 875 mag.

120 899 260 968 aestimavi,
275 899 339 971 qnia
353 907 379 954 et
395 899 531 955 fastidium
548 899 720 955 auditoribus
734 908 877 974 generant,
892 909 918 957 et
973 904 1033 959 data
1047 905 1097 960 Dei
1112 905 1265 977 signantur.
1285 909 1383 963 Mariua
1397 924 1461 966 vero
1476 909 1584 981 pietatis
1595 908 1768 964 dulcedinem

119 1003 167 1044 ⁴³0⁵
183 986 471 1058 ‘llil'abileselhibent
493 990 526 1045 de
551 993 719 1060 00ssissfflllffl·
755 989 803 1045 ¹¹¹³
827 996 918 1046 ‘³³¹⁰ss
972 1005 1088 1062 dicimus
1104 1025 1111 1061 :
1127 1008 1176 1063 sed
1192 1009 1307 1082 virgam,
1324 1010 1475 1082 disciplinae
1491 1011 1677 1067 severitatem.
1695 1009 1768 1066 Prae·

120 1074 235 1146 proferri
251 1092 363 1132 necesse
380 1084 419 1132 est
435 1093 494 1150 qnae
510 1085 535 1132 et
549 1094 564 1132 a
580 1077 659 1133 robis
674 1077 781 1149 possint
791 1077 918 1151 intelligi,
973 1095 1039 1168 cipp
1052 1095 1187 1168 benignus
1201 1099 1274 1154 Deus
1288 1099 1316 1154 pn
1332 1099 1393 1172 regg
1422 1116 1482 1166 sug,
1502 1116 1552 1170 ppo
1574 1107 1669 1156 nostra
1692 1098 1772 1154 unilt.

120 1181 147 1229 et
160 1177 221 1230 ritae
235 1182 334 1230 vestrae
349 1177 543 1233 convenienter
556 1176 654 1246 aptari.
676 1176 761 1247 lgitur
778 1184 840 1247 post
863 1178 917 1232 lle·
972 1190 1036 1250 tate,
1052 1201 1106 1241 uon
1121 1201 1170 1258 pro
1184 1203 1231 1242 sua
1246 1189 1417 1254 necessitate,
1443 1195 1472 1244 ut
1497 1187 1716 1253 tabernaculum,
1743 1186 1772 1243 id

120 1262 259 1360 ,ΨΜ
290 1264 325 1361 qe
354 1264 471 1336 AEssyl'w
513 1264 717 1362 9f⁰s5⁰²i⁰¹¹⁰m¹
748 1273 821 1363 ΡΨ,
836 1265 920 1320 ¹¹¹³*ss
972 1299 1013 1346 est
1025 1291 1247 1349 sanctificationis
1261 1294 1467 1361 habitationem,
1490 1295 1517 1351 ei
1536 1294 1682 1351 iaciamus.
1711 1293 1765 1348 Ubi

121 1349 373 1417 RUbffifflflffl‘um·
396 1360 457 1422 ¹³⁰⁵²
479 1352 668 1424 AEssl'pimsum
698 1359 918 1420 ⁸¹⁵¹¹¹¹⁰²¹⁰¹¹⁰mv
972 1381 1186 1437 verobabitatio
1209 1382 1261 1438 ista
1291 1382 1416 1440 iacienda
1444 1383 1479 1438 sit
1505 1383 1545 1439 rel
1574 1381 1767 1449 construenda,

122 1445 185 1516 quid
213 1445 345 1553 D⁰f¹¹i¹¹¹¹f
371 1446 406 1500 ἃᾶ
435 1448 546 1518 ³¹⁰y⁵e¹¹
573 1448 607 1503 “d
636 1464 746 1503 sumum
775 1448 920 1504 'flumem
974 1477 1113 1549 Scriptura
1132 1479 1340 1546 insinuaturus
1360 1481 1426 1538 dicit
1455 1498 1461 1536 ε
1493 1484 1657 1553 Proeprtratc
1685 1480 1771 1536 cortic

119 1551 289 1614 Plfflssellffii·
304 1543 451 1616 (illidentes
465 1544 631 1601 liudiessdum
646 1553 697 1613 ⁹³2,
728 1546 810 1615 292
838 1553 921 1618 &illim
974 1569 1192 1625 vestrallomirto
1207 1570 1231 1638 (l
1248 1572 1310 1642 licg.
1324 1586 1371 1635 vn,
1389 1572 1430 1641 3).
1451 1571 1539 1626 Corda
1560 1569 1651 1642 utique
1676 1576 1772 1625 nostra

121 1646 280 1703 memoriter
294 1648 477 1704 retinendum.
497 1648 567 1706 Dicit
582 1650 674 1721 itaqne
689 1650 798 1721 lloyses
812 1650 847 1706 ad
858 1650 922 1706 uni·
974 1654 1085 1711 domino
1097 1672 1295 1727 praeparamus,
1311 1659 1333 1713 si
1348 1659 1401 1713 sibi
1415 1675 1447 1715 ea
1469 1656 1644 1730 receptacula
1654 1657 1768 1722 munda,

121 1760 231 1800 versum
245 1745 386 1817 populum,
401 1754 428 1801 ut
444 1749 631 1820 unnsquisque
645 1763 694 1819 pro
711 1748 814 1804 viribus
824 1746 921 1804 conse·
976 1754 1059 1823 294
1073 1770 1133 1826 quae
1147 1755 1232 1826 digne
1246 1756 1396 1812 inhabitare
1411 1757 1509 1829 possit,
1525 1756 1694 1812 exhibemus.
1706 1755 1771 1810 llaec

120 1847 185 1887 rens
200 1831 304 1889 laceret
318 1834 533 1891 tabernaculum.
550 1835 664 1893 collatio
676 1835 786 1908 quidem
804 1835 851 1891 illa
862 1851 916 1891 non
974 1841 1055 1897 etiam
1071 1843 1242 1915 receptacula
1256 1860 1311 1901 non
1325 1845 1382 1901 vult
1396 1845 1448 1900 sibi
1459 1845 1581 1900 exhiberi
1591 1860 1653 1901 cum
1675 1841 1770 1915 aliqua

119 1920 212 1976 debuit
226 1920 284 1977 beri
298 1922 419 1994 qualibet
433 1925 585 1992 coactione,
599 1925 647 1980 sed
663 1925 921 1996 spontancavolnn-
974 1929 1142 1999 dillinultste,
1159 1934 1208 1989 sed
1222 1949 1284 1990 cum
1299 1933 1373 1989 omni
1384 1933 1691 1992 devotionisbilaritate.
1707 1929 1770 1987 liul-

119 2026 185 2079 tare.
202 2023 503 2098 AitnamqueDeusad
517 2027 921 2100 moysenutnnnsqnisquest-
975 2040 1032 2089 tum
1050 2033 1182 2090 discretus
1197 2036 1380 2108 omnipotems
1400 2036 1542 2102 Dominus,
1561 2050 1613 2091 non
1630 2034 1703 2091 velut
1717 2034 1771 2088 im-

120 2119 165 2168 cut
175 2111 350 2170 risumluerit
361 2114 712 2188 cordisu0,eaoderatquae
722 2116 757 2172 ad
767 2123 922 2172 construes·
975 2139 1106 2203 pomanus
1120 2141 1241 2201 mor,
1257 2149 1273 2189 g
1288 2134 1367 2191 nohis
1382 2134 1467 2207 exigit
1483 2151 1543 2207 [με
1558 2149 1611 2190 „011
1626 2132 1770 2198 habemus,

119 2199 183 2255 dum
195 2201 399 2258 tabernaculum
410 2212 472 2258 snnt
486 2205 645 2260 necessaria
669 2204 771 2275 (deod.
791 2219 857 2269 nst,
873 2203 916 2271 2).

121 2290 151 2343 ln
164 2289 259 2360 primis
274 2290 383 2363 quidem
397 2292 432 2347 de
447 2292 626 2349 llebraeorum
650 2309 682 2349 ex
704 2293 822 2365 AEgypto
847 2307 916 2363 pro·

120 2375 248 2446 lectione,
272 2379 306 2434 de
327 2380 410 2437 maris
431 2382 557 2447 transitu,
588 2381 622 2436 de
649 2382 838 2454 rllgyptiorum
867 2397 919 2435 en-

120 2466 434 2525 stmctionementionem
444 2469 505 2537 leci,
521 2470 683 2542 etquouiam
693 2470 746 2525 ista
756 2469 921 2542 quibusdam

121 2555 214 2612 clausa
226 2564 299 2623 suut,
308 2572 341 2613 ea
350 2574 475 2614 reserare
486 2558 559 2628 utile,
568 2560 625 2615 imo
634 2558 826 2615 necessarium
841 2557 916 2613 duri,

121 2653 252 2724 Quamuis
266 2655 338 2710 enim
353 2655 463 2712 realiter
477 2656 577 2712 luerint
591 2658 651 2713 baec
664 2657 764 2721 omnia,
782 2656 867 2712 latent
879 2664 920 2710 ta-

119 2759 183 2798 men
196 2741 224 2798 in
245 2744 314 2815 ipsis
338 2745 532 2816 mysteriorum
560 2746 682 2815 pretiosa
708 2745 833 2801 monilia.
869 2746 922 2801 Per
997 2792 1000 2798 .

120 2832 264 2905 AEgyptum
280 2849 396 2905 nanque,
417 2834 443 2890 ie
460 2850 524 2905 que,
549 2834 622 2891 uelut
645 2834 790 2904 Dominus,
820 2835 923 2889 Pharao

119 2929 329 3001 principabatur,
344 2947 466 3002 presens
479 2931 620 3001 saeculum,
637 2932 714 3001 cujus
728 2931 858 3003 princeps
874 2938 916 2986 est

119 3016 246 3086 Satanas,
260 3019 436 3094 designatur.
456 3021 541 3091 llujus
556 3021 687 3092 principis
701 3020 920 3076 infelicissimum

119 3105 285 3163 dominatum
299 3109 441 3174 liebraeus,
458 3125 604 3181 perquem
620 3109 744 3182 signatur
759 3107 848 3164 fidelis
864 3125 917 3180 po-

119 3196 209 3267 pulus,
225 3196 467 3268 proticiscendoid
481 3205 523 3254 est
539 3196 719 3269 proficiendo,
737 3198 833 3269 blopse
849 3198 919 3253 duce

120 3294 259 3364 sapienter
286 3293 397 3349 devitat.
426 3292 477 3363 Qui
501 3294 629 3367 AEgypto,
660 3294 788 3365 praesenti
813 3294 920 3349 scilicet

120 3381 222 3437 wculo
237 3381 382 3449 renuntiat,
399 3390 427 3437 et
451 3398 528 3437 suum
556 3382 741 3455 legislatorem
769 3382 918 3448 Christum,

121 3470 179 3539 ejus
203 3469 363 3526 inhaerendo
389 3470 537 3538 mandatis,
560 3469 710 3527 dilectione
733 3471 920 3542 amplectitur,

123 3573 212 3630 neque
222 3558 338 3630 amplius
351 3559 426 3613 audit
442 3574 537 3615 vocem
561 3560 711 3615 alienorum
739 3560 921 3632 malignorum

125 3659 251 3717 videlicet
264 3660 421 3732 spirituum,
437 3661 487 3717 sed
500 3677 589 3726 snam,
604 3678 657 3734 qua
679 3661 744 3719 dicit
761 3680 767 3716 :
785 3662 838 3730 Qui
851 3663 923 3719 milri

124 3750 281 3816 ministrat,
289 3765 334 3806 me
346 3752 575 3823 regnaturorum
587 3766 643 3817 sm,
655 3751 712 3820 26).
726 3752 800 3807 blare
810 3751 921 3823 quidem

124 3849 256 3918 Rubrum,
277 3850 349 3922 quod
365 3850 487 3907 llebraeis
503 3850 728 3923 luitpraesidium,
745 3859 771 3906 et
787 3851 921 3924 cllgyptiis

126 3939 200 3994 dedit
214 3938 361 4005 interitum,
378 3957 450 4012 aqtra
464 3941 644 4010 baptismatis,
666 3943 707 3996 rel
731 3940 920 4012 lacrymabilis

123 4041 283 4113 paenitentia
295 4041 466 4114 intelligitur.
478 4040 558 4111 Quod
568 4043 671 4099 idcirco
688 4043 797 4096 rubrum
809 4042 919 4108 dicitnr,

123 4130 183 4203 qnia
199 4139 226 4187 et
239 4131 267 4185 in
282 4131 443 4203 baptismate
459 4130 560 4187 Christi
572 4131 709 4203 sanguiue
732 4139 919 4196 consecratur,

123 4238 149 4283 et
162 4229 190 4283 in
203 4229 371 4302 lacrymabili
386 4229 795 4301 poenitentiauliqnandousqne
807 4229 842 4284 ad
853 4243 920 4283 san·

123 4318 233 4389 guinem
248 4317 395 4386 oculorum,
412 4333 614 4388 nonnumquam
631 4330 723 4373 autem
743 4319 824 4387 293
837 4332 923 4390 usque

123 4420 158 4474 ad
173 4418 264 4473 carnis
283 4420 490 4475 macerationem
514 4420 684 4489 pervenitur.
702 4421 729 4473 ln
753 4420 806 4475 hoc
830 4419 962 4490 itaqueD

123 4507 191 4562 mari
202 4507 355 4562 adversarii
371 4507 457 4563 nostri
473 4507 590 4580 AEgyptii
605 4507 784 4573 suffocantur,
810 4509 872 4579 ‹pnia
895 4515 922 4562 ot

22 4602 25 4607 '
123 4614 173 4669 per
188 4597 362 4667 baptismum,
390 4604 416 4652 et
444 4612 493 4667 per
519 4595 707 4667 poenitentium
737 4596 922 4668 lacrymarum

124 4708 232 4772 peecata
247 4709 273 4756 et
287 4699 401 4755 crimina
415 4708 518 4767 nostra,
536 4716 596 4772 quse
610 4700 680 4756 inter
710 4718 760 4757 nos
785 4711 812 4757 ct
837 4704 921 4757 Deum

123 4797 260 4860 separant,
277 4788 484 4846 mortificantur.
500 4789 727 4857 Tabernaculum,
756 4790 827 4847 unde
847 4790 922 4861 loqui

124 4893 244 4948 maxime
258 4892 339 4964 coepi,
353 4893 468 4964 pellibus
483 4901 508 4946 et
523 4892 620 4949 ciliciis
644 4892 817 4947 extrinsecus
838 4891 924 4947 luisse

124 4990 291 5053 coopertum,
308 4981 472 5039 intrinsecus
484 4998 548 5038 vero
564 4998 631 5038 auro
651 4990 677 5037 et
702 4989 830 5053 argento,
865 4996 923 5037 aere

124 5077 205 5142 atque
214 5069 349 5142 lapidibus
364 5070 499 5142 pretiosis,
516 5070 663 5142 multisque
676 5069 746 5137 aliis,
764 5071 798 5125 de
822 5069 924 5141 quibus

976 2246 1027 2287 nee
1033 2231 1091 2302 ejus
1102 2231 1251 2302 jussiones
1263 2233 1316 2288 sibi
1327 2233 1508 2308 cogitofferre
1517 2232 1698 2306 quoddebest
1708 2245 1771 2287 esse

976 2333 1140 2388 contrarium
1150 2334 1229 2389 cordi
1240 2342 1343 2391 nostro.
1366 2334 1486 2390 Pellibus
1496 2334 1632 2406 siquidem
1643 2341 1670 2389 et
1679 2332 1774 2389 ciliciis

976 2422 1181 2478 tiber-naculum
1193 2423 1362 2479 extrinsecus
1370 2423 1440 2479 bene
1448 2423 1575 2496 tegimus,
1588 2438 1648 2479 cum
1657 2421 1775 2478 exterius

977 2518 1003 2565 et
1012 2511 1126 2566 interius
1135 2520 1272 2581 nostrum,
1284 2527 1393 2568 carnem
1405 2512 1507 2569 scilicet
1519 2519 1651 2577 nostram,
1662 2511 1701 2566 ita
1709 2526 1772 2565 eum

975 2611 1046 2667 vitiis
1055 2620 1081 2668 et
1091 2613 1320 2683 concupiscentiis
1331 2612 1536 2680 mortificamus,
1548 2621 1576 2668 ut
1584 2620 1774 2678 cornostmm,

977 2701 1049 2772 quod
1063 2701 1267 2758 tabernaculum
1283 2703 1332 2759 Dei
1347 2702 1456 2772 dicitnr,
1478 2703 1537 2772 ejus
1562 2701 1700 2758 illecebris
1719 2700 1775 2755 mi-

975 2805 1048 2846 mme
1062 2800 1262 2862 corrumpatur,
1280 2791 1419 2847 Ornamus
1434 2789 1637 2848 tabernaculum
1656 2804 1733 2855 auro,
1752 2788 1776 2843 si

977 2905 1044 2958 pure
1059 2897 1086 2943 et
1100 2889 1207 2961 integra
1227 2887 1297 2945 fides
1311 2897 1352 2945 est
1367 2888 1394 2944 in
1409 2890 1493 2946 corde
1509 2896 1613 2944 nostro.
1629 2887 1709 2943 Fides
1725 2902 1773 2942 au·

978 2984 1030 3031 tem
1048 2993 1117 3048 pura
1132 2985 1158 3033 et
1172 2978 1277 3051 integra
1291 2979 1351 3034 haec
1363 2986 1418 3044 est,
1432 2985 1463 3033 ut
1493 2978 1598 3033 Patrem
1622 2985 1648 3032 et
1678 2975 1774 3031 Filium

937 3070 962 3130 C
976 3075 1002 3122 et
1017 3065 1147 3136 Spiritum
1162 3075 1287 3123 sanctum
1302 3083 1386 3122 unum
1401 3068 1487 3123 Deum
1505 3073 1532 3121 et
1547 3065 1771 3133 Dominumesse,

976 3164 1035 3218 sine
1051 3163 1140 3236 aliqua
1156 3164 1337 3231 haesitatione,
1358 3166 1407 3221 sed
1435 3181 1496 3221 cum
1528 3163 1601 3219 omni
1624 3161 1771 3219 dilectione

976 3252 1135 3308 credamus.
1152 3253 1226 3309 Licet
1239 3255 1310 3308 enim
1327 3253 1447 3308 Trinitas
1460 3253 1494 3308 sit
1510 3252 1538 3307 in
1553 3251 1688 3325 personis,
1715 3267 1769 3306 una

977 3342 1034 3396 sola
1065 3350 1171 3409 natura,
1193 3357 1248 3397 una
1278 3341 1334 3399 sola
1363 3342 1515 3399 substantia
1540 3349 1582 3397 est
1608 3339 1725 3396 deitatis.
1741 3341 1775 3396 Et

977 3441 1102 3514 quamvis
1118 3441 1189 3498 alins
1204 3443 1238 3498 sit
1254 3445 1343 3509 Pater,
1359 3444 1429 3499 alius
1451 3443 1543 3509 Filius,
1569 3441 1638 3497 alius
1657 3441 1774 3513 Spiritus

977 3540 1097 3601 sanctus,
1113 3539 1271 3588 nontamen
1288 3533 1360 3588 aliud
1378 3534 1463 3600 Pater,
1483 3531 1557 3587 aliud
1577 3530 1668 3600 Filius,
1698 3529 1773 3586 aliud

977 3629 1094 3701 Spiritus
1108 3637 1229 3695 sanctus,
1256 3630 1305 3687 sed
1335 3631 1413 3686 Pater
1435 3637 1462 3685 et
1489 3628 1571 3683 Filius
1600 3636 1625 3684 et
1655 3627 1772 3700 Spiritus

977 3726 1085 3774 sanctus
1101 3726 1156 3773 tres
1171 3718 1281 3791 quidem
1297 3726 1358 3774 sunt
1383 3734 1517 3790 personae,
1544 3725 1572 3772 ut
1596 3717 1723 3785 diximus,
1748 3725 1776 3773 et

977 3817 1035 3873 istae
1050 3826 1104 3873 tres
1126 3834 1262 3888 personae,
1274 3834 1344 3873 unns
1358 3826 1399 3873 est
1419 3818 1504 3886 Deus,
1521 3815 1600 3871 unius
1623 3816 1707 3872 solius
1727 3831 1776 3871 na-

978 3914 1054 3972 turae,
1070 3906 1149 3961 unius
1165 3907 1249 3963 solius
1264 3907 1422 3962 substantiae
1437 3915 1519 3978 atque
1535 3904 1674 3961 essentiae.
1689 3906 1724 3960 lit
1739 3920 1775 3960 ne

977 4003 1004 4058 in
1018 4005 1149 4060 creatrice
1164 4005 1284 4061 omnium
1295 4004 1632 4068 creaturarum'l'rinitate,
1649 4003 1694 4059 cui
1707 4002 1775 4058 nibil

978 4115 1020 4161 cst
1035 4106 1214 4176 impossibile,
1231 4106 1333 4179 aliquid
1349 4107 1412 4162 buia
1433 4105 1497 4161 lidei
1518 4105 1685 4161 contrarium
1708 4120 1775 4160 sen-

977 4194 1085 4260 tiamus,
1097 4195 1124 4249 in
1134 4195 1260 4250 humanis
1270 4195 1351 4250 ctiam
1363 4195 1493 4251 creaturis
1503 4209 1609 4259 eorum,
1624 4209 1686 4265 quse
1701 4192 1774 4250 dicta

978 4290 1050 4345 sunt,
1062 4282 1267 4338 similitudinem
1282 4283 1427 4338 habemns.
1443 4284 1473 4337 ln
1488 4281 1554 4354 ipsis
1572 4281 1672 4336 etenim
1697 4297 1776 4338 crea·

978 4371 1044 4427 turis
1058 4371 1181 4443 quaedam
1196 4372 1381 4438 inveniuntur,
1394 4388 1454 4443 ‹pnae
1465 4371 1527 4426 licet
1539 4369 1589 4425 tria
1600 4370 1666 4436 sint,
1692 4371 1774 4442 295

978 4470 1004 4516 et
1018 4462 1232 4533 unumquodque
1245 4478 1339 4517 eorum
1355 4461 1495 4533 proprium
1511 4462 1537 4515 in
1552 4457 1698 4516 schabest
1712 4474 1778 4529 per-

977 4575 1073 4614 sonam
1087 4574 1178 4625 nnsm,
1194 4559 1372 4631 eamdemque
1382 4566 1509 4613 naturam
1525 4558 1633 4625 babent,
1649 4564 1673 4611 et
1690 4569 1774 4610 unam

978 4646 1159 4718 eamdemque
1175 4648 1363 4702 substantiam.
1381 4648 1531 4702 Veniamus
1549 4647 1639 4718 itaque
1661 4644 1697 4700 ad
1711 4645 1775 4699 ion-

979 4740 1043 4797 tem,
1061 4740 1087 4788 et
1102 4732 1183 4787 fontis
1198 4733 1283 4787 risum
1297 4732 1519 4788 consideremus:
1537 4747 1635 4803 aquam
1645 4730 1727 4786 etiam
1742 4730 1777 4783 ab

980 4839 1096 4902 utroque
1112 4831 1317 4901 procedentem,
1333 4831 1405 4902 qnod
1422 4830 1550 4886 videlieet
1561 4838 1685 4900 stagnum
1697 4842 1779 4883 vors-

979 4939 1032 4995 tur,
1046 4932 1223 4988 nihilominus
1237 4931 1389 4987 videamus.
1407 4932 1480 4988 Ecce
1498 4930 1611 4997 iontem,
1628 4929 1727 4996 rivum,
1749 4930 1779 4984 el

979 5025 1117 5088 stagnum,
1135 5025 1189 5071 tres
1206 5030 1340 5085 personas
1353 5016 1510 5071 invenimus
1527 5033 1533 5070 :
1550 5024 1576 5071 et
1588 5016 1649 5071 licet
1659 5015 1714 5069 sint
1722 5021 1779 5069 tres

979 5120 1114 5175 personae,
1133 5118 1187 5158 una
1201 5106 1294 5159 tamen
1309 5112 1350 5159 est
1363 5120 1442 5176 aqua,
1463 5113 1489 5160 et
1508 5120 1585 5177 aquae
1601 5119 1653 5158 una
1672 5102 1780 5157 eadem·

124 5170 271 5228 dicendum
282 5189 332 5244 ljer
341 5173 449 5244 ⁸i⁰d¹¹¹⁸
465 5173 652 5229 ⁰0⁰0⁵⁸⁰fi⁰m
669 5173 750 5228 “¹⁰⁶⁰
767 5188 820 5228 ¹¹⁰⁰
843 5172 924 5227 albi·
979 5209 1032 5265 que
1047 5201 1144 5248 natura
1160 5200 1242 5263 atque
1257 5193 1419 5248 substantia.
1440 5195 1590 5265 Argentum
1602 5193 1637 5246 ad
1651 5191 1780 5247 decorem

125 5268 188 5330 tror,
204 5260 321 5333 legimus
335 5261 505 5316 adornatum.
522 5262 551 5316 ln
570 5260 751 5317 tabernaculo
766 5263 848 5316 etiam
867 5268 926 5316 erat
979 5281 1151 5337 tabernaculi
1167 5279 1319 5348 offerimus,
1335 5297 1398 5338 cum
1413 5298 1463 5353 per
1487 5297 1580 5338 ,gram
1607 5290 1634 5337 gg
1653 5287 1780 5337 „norm

124 5362 329 5430 fflssdelssbtums
345 5371 373 5420 el
386 5378 448 5418 stlta
461 5362 496 5418 de
510 5363 591 5436 lignis
602 5362 681 5418 selim
706 5362 841 5420 sabriltlss
860 5381 868 5429 ἱ
899 5369 926 5418 et
980 5369 1319 5427 confessionnemanimss
1333 5379 1442 5427 nostras
1457 5371 1492 5426 ab
1513 5370 1587 5426 omni
1613 5369 1781 5443 contagione

125 5453 193 5506 inim
207 5466 308 5518 amm,
325 5459 353 5506 ¹1¹
368 5450 476 5524 legitur,
505 5450 559 5518 ¹0¹.
587 5461 614 5507 ⁰1
642 5467 753 5517 malint.
785 5460 812 5508 el
842 5451 922 5526 virga
981 5459 1086 5531 peccati
1102 5467 1127 5515 et
1141 5459 1265 5515 criminis
1280 5460 1454 5515 mundamus.
1473 5459 1527 5515 Sed
1546 5460 1601 5524 ubi,
1618 5467 1646 5514 et
1672 5460 1727 5525 cui,
1752 5466 1782 5514 et

124 5549 216 5604 Aaron
230 5548 442 5604 continebantur
457 5549 549 5620 (debr.
569 5564 610 5616 rx,
634 5551 675 5615 l).
704 5549 925 5606 Tabernaoulum
981 5549 1092 5619 quando
1109 5548 1247 5604 confessio
1259 5549 1318 5620 ipsa
1332 5546 1388 5615 bat,
1405 5546 1778 5604 sciredebemns.llbi?non

125 5636 262 5710 significat
273 5637 437 5705 Ecclesiam,
454 5637 693 5710 congregationem
705 5638 927 5708 uidelicetjusto·
980 5637 1054 5708 upud
1071 5636 1224 5704 haereticos,
1235 5636 1306 5694 sicut
1315 5652 1389 5710 saepe
1399 5635 1478 5705 solet,
1492 5635 1551 5692 beri
1562 5636 1612 5693 sed
1620 5636 1648 5690 in
1655 5633 1781 5693 Ecclesia

126 5742 186 5782 rum
202 5745 210 5793 ς
224 5726 312 5799 pelles
323 5735 350 5784 et
364 5726 461 5799 cilicia,
472 5726 571 5798 quibus
580 5727 755 5786 extrinsecus
767 5727 924 5800 tegebatur,
980 5727 1112 5784 eatbolica
1138 5741 1361 5800 unumquemque
1383 5725 1566 5784 Christianum
1595 5738 1713 5783 necasse
1737 5732 1782 5782 est
