3780 6038
146 201 201 258 tta
700 192 873 251 WERNERI
892 190 1036 250 tuctus
1055 193 1087 251 S.
1111 192 1225 251 uctsn
1759 200 1803 258 aad

146 333 258 401 propter
269 329 370 378 metum
393 320 557 389 ludaeorum,
581 320 656 375 venit
679 323 769 389 lesus,
790 327 817 376 et
832 319 904 374 stetit
919 319 947 372 in
959 314 988 376 Α
1001 318 1036 374 Et
1051 318 1123 376 sicut
1136 336 1191 376 una
1205 327 1248 377 est
1261 320 1381 378 charitas
1395 329 1422 380 et
1440 322 1495 381 duo
1517 328 1674 398 praecepta,
1690 323 1729 380 ita
1741 340 1803 383 unas

146 416 237 472 medio
252 427 344 470 eorum
366 412 459 475 (loun.
478 412 540 475 xx).
560 434 570 459 a
596 408 667 477 Quid
696 409 794 465 mirum
810 409 844 476 si,
858 407 948 479 januis
1002 408 1120 479 Spiritus
1135 416 1160 465 et
1176 408 1231 466 duo
1244 410 1317 466 data.
1333 412 1403 468 hate
1417 412 1727 486 tameadiscipulorum
1736 430 1803 471 men

145 503 257 570 clausis,
272 509 334 571 post
347 498 577 555 resurrectionem
600 514 677 554 suam
702 498 729 552 in
745 506 878 554 aeternum
887 498 948 566 jam
1001 497 1074 552 tibus
1101 499 1189 554 iuerat
1212 499 1331 571 Spiritus
1360 509 1470 559 mactus
1491 503 1527 559 ad
1547 503 1660 576 hdem;
1684 502 1735 560 sed
1756 519 1804 559 noa

146 595 267 650 victurus
280 589 398 651 intravit,
414 588 459 659 qui
480 587 627 642 moriturus
653 587 767 642 veniens
782 602 837 642 noa
851 593 947 656 aperto
1000 585 1037 640 ita
1051 587 1245 655 manifestent
1259 598 1322 660 post
1344 591 1587 649 resurrectionem.
1612 591 1698 650 Unde
1720 591 1803 659 illud;

145 689 224 738 utero
238 678 359 750 Virginis
373 675 554 732 exirit‘lSed
563 676 626 747 quia
636 675 671 730 ad
686 675 752 730 illud
764 690 864 746 corpus
874 673 948 746 quod
1003 676 1160 731 «Nondum
1187 683 1248 732 erat
1275 677 1392 749 Spiritus
1410 680 1501 749 datus,
1533 682 1600 753 quia
1629 682 1716 738 lesus
1743 696 1804 736 nan-

145 770 230 829 videri
245 774 349 840 poterat
363 764 432 821 fides
459 765 620 821 intuentium
646 764 797 830 dubitabat,
827 763 948 819 ostendit
1000 759 1065 819 dum
1094 764 1181 820 luerat
1209 765 1378 839 glorificatus
1405 769 1496 841 (loun.
1527 771 1589 833 vu).
1625 793 1637 820 ι
1679 771 1803 828 Undcet

146 861 186 916 eis
208 858 331 931 protinus
347 870 446 910 manus
467 862 494 910 et
517 853 603 908 latus.
638 852 808 923 l’alpandam
834 866 947 908 carnem
1000 869 1049 923 per
1080 855 1193 926 lloyson
1220 856 1343 912 dicitur:
1368 880 1381 907 s
1404 858 1542 916 suxerunt
1568 860 1630 916 mel
1658 859 1696 916 de
1724 866 1801 932 petra,

147 948 270 1023 praebuit,
286 960 369 1017 quam
384 943 483 1000 clausis
499 941 590 1012 januis
617 941 774 997 introduxit.
799 940 902 996 Clavus
921 940 947 996 ei
1000 942 1146 1014 oleumque
1160 944 1194 1000 de
1209 944 1291 1000 flrma
1304 955 1380 1018 petra
1395 950 1477 1006 Dect.
1503 949 1608 1022 xxxxi).
1628 969 1641 1001 ι
1667 949 1744 1005 Nihil
1756 950 1802 1006 tale

146 1054 244 1095 manus
258 1034 363 1100 fixerat,
374 1032 470 1088 lancea
493 1031 561 1086 latus
584 1037 730 1102 aperuerat
744 1029 790 1085 ubi
809 1029 844 1085 ad
864 1029 945 1084 dubi·
997 1031 1072 1101 juxta
1087 1032 1230 1089 historiam
1245 1034 1355 1105 legitur,
1371 1036 1395 1093 si
1410 1038 1566 1094 totaseries
1588 1038 1705 1095 Veteris
1718 1039 1802 1096 Testa·

146 1128 260 1186 taatium
275 1123 358 1181 corda
372 1121 494 1177 sananda
517 1120 664 1176 uulnerum
687 1126 794 1175 serrata
818 1126 881 1173 suut
898 1134 947 1175 uc-
999 1121 1084 1176 menti
1112 1131 1297 1179 recenseatur.
1325 1124 1382 1181 Sed
1410 1126 1474 1196 quia
1509 1126 1671 1184 secundum
1696 1127 1803 1184 Paulum

146 1216 236 1291 stigio.
253 1213 316 1277 Qua
335 1212 362 1267 in
375 1227 406 1266 re
420 1210 475 1264 duo
489 1210 568 1275 mira,
586 1216 622 1274 et,
636 1208 713 1279 juxta
738 1215 883 1262 humanam
899 1222 945 1262 ra·
999 1212 1078 1275 petra
1093 1214 1150 1261 erat
1165 1207 1296 1276 Christus,
1312 1206 1368 1264 mel
1388 1209 1423 1265 de
1446 1218 1524 1281 petra
1540 1219 1680 1267 suxerunt
1692 1211 1741 1285 qui
1753 1213 1803 1268 lle-

145 1309 248 1364 tiouem
266 1302 318 1357 sibi
332 1300 412 1357 valde
434 1297 578 1365 contraria,
602 1296 736 1364 ostendit,
748 1296 812 1351 dum
827 1303 890 1366 post
904 1311 947 1351 re·
999 1293 1149 1366 demptoris
1164 1296 1292 1352 miracula
1306 1296 1446 1355 viderunt.
1465 1298 1564 1355 Oleum
1587 1316 1661 1357 vcro
1685 1301 1722 1356 de
1733 1298 1803 1356 firma

145 1393 343 1453 surrectionem
373 1405 449 1444 suam
474 1403 574 1457 carpus
602 1403 680 1441 suum
694 1393 721 1440 et
739 1384 946 1456 incorruptibile
999 1390 1076 1452 petra
1092 1393 1234 1453 suxerunt,
1249 1385 1295 1458 qui
1309 1393 1372 1456 post
1395 1387 1632 1446 resurrectionem
1656 1391 1720 1459 eJ'us
1738 1388 1802 1446 ecu-

146 1494 173 1543 et
187 1494 278 1541 tamen
291 1477 431 1552 palpabile
450 1475 656 1533 demonstravit.
673 1475 741 1530 Nam
767 1482 793 1530 et
808 1473 946 1545 corrumpi
999 1470 1077 1528 sione
1092 1473 1177 1529 sancti
1205 1472 1322 1544 Spiritus
1352 1475 1418 1548 ungi
1444 1486 1619 1534 meruerunt.
1636 1476 1749 1535 Infirma
1761 1495 1801 1551 pe·

146 1589 261 1632 necesse
274 1577 316 1626 est
340 1567 413 1640 quod
435 1567 574 1638 palpatur,
600 1571 626 1620 et
648 1563 755 1635 palpari
776 1579 832 1619 non
856 1570 946 1634 potest
1000 1567 1042 1616 trs
1056 1561 1130 1617 dedit
1144 1562 1208 1629 mel,
1224 1577 1287 1619 cum
1302 1561 1391 1620 adhuc
1405 1574 1479 1622 essct
1492 1566 1635 1636 mortalis,
1648 1583 1719 1623 uera
1733 1575 1802 1639 petra

146 1664 220 1739 quod
235 1677 289 1717 non
313 1655 508 1726 corrumpitur.
542 1653 597 1710 Sed
613 1653 684 1708 miro
707 1652 788 1708 modo
803 1661 885 1724 atque
899 1652 944 1707 in·
959 1667 985 1727 B
1000 1650 1090 1706 oleum
1105 1650 1174 1707 ludit
1188 1668 1249 1709 cum
1264 1660 1327 1724 post
1355 1655 1585 1713 resurrectionem
1611 1654 1664 1712 tuit
1678 1656 1801 1730 immusi-

146 1748 299 1812 aestimabill
315 1747 481 1817 Redemptor
503 1751 595 1799 noster
615 1752 641 1799 et
656 1740 861 1813 incorruptibile
884 1746 946 1813 post
1001 1739 1075 1795 hilis.

145 1837 376 1901 resurrectionem
404 1843 431 1890 et
457 1832 593 1906 palpabile
620 1848 721 1903 corpus
749 1830 883 1899 exhibuit,
905 1837 943 1896 ut,

145 1924 320 1986 monstrando
348 1918 553 1990 incorruptibile
582 1917 712 1973 invitaret
742 1915 944 1986 adprremium,

145 2014 294 2092 prebendo
319 2007 456 2082 palpabile
481 2007 607 2063 formaret
630 2005 666 2060 ad
686 2003 778 2060 iidem.
795 2005 830 2059 Et
851 2002 944 2060 incor-

145 2103 300 2178 ruptibilem
315 2116 345 2155 sc
361 2113 426 2170 ergo
448 2104 475 2152 et
502 2093 667 2168 palpabilem
687 2092 893 2159 demonstravit,
916 2099 944 2147 ut

145 2194 269 2269 prolecto
284 2205 345 2246 esse
370 2192 432 2257 post
453 2183 683 2240 resurrectionem
704 2182 862 2237 ostenderet
884 2196 943 2237 cor·

144 2299 196 2357 pus
211 2295 289 2336 suum
304 2284 330 2332 et
345 2275 466 2346 ejusdem
481 2279 594 2338 neturae,
610 2278 637 2327 at
651 2270 762 2326 alterius
775 2269 885 2343 gloriae.

183 2430 194 2456 a
210 2406 244 2461 lit
259 2400 325 2459 dixit
337 2399 377 2455 eis
393 2417 398 2453 :
414 2399 468 2453 Pax
483 2396 571 2453 vobis.
591 2417 602 2447 x
628 2395 728 2451 Pacem
750 2392 884 2450 offerebat
897 2393 942 2466 qui

144 2502 256 2571 propter
269 2504 364 2564 pacem
380 2486 463 2543 uenit.
475 2486 508 2541 ls‘t
518 2485 617 2557 quibus
627 2491 706 2540 autea
716 2483 781 2538 dixit
798 2501 805 2537 :
819 2484 942 2539 «Pacem

144 2585 267 2655 relinquo
283 2579 371 2645 vobis,
387 2590 483 2647 pacem
498 2588 586 2629 meam
602 2573 638 2629 do
654 2573 732 2628 robis
742 2571 939 2644 (Joaa.xrv),»

143 2674 225 2732 modo
239 2669 305 2726 dicit
321 2687 327 2723 :
346 2691 357 2715 ι
380 2668 434 2721 Pax
449 2663 526 2721 vobis
544 2687 554 2713 ι
572 2662 635 2735 quia
651 2677 750 2733 pacem
767 2662 941 2718 innascente

143 2764 251 2821 Christo
261 2757 354 2833 angeli
369 2754 585 2828 predicaverunt
601 2752 716 2808 mundo.

181 2888 239 2943 ..Er
253 2899 314 2942 oum
329 2882 381 2938 hoe
391 2878 514 2943 dixisset,
526 2875 646 2932 ostendit
655 2875 695 2931 eis
707 2890 803 2931 manus
819 2881 845 2929 et
858 2874 938 2942 latus,

143 2976 238 3035 Gavisi
257 2978 319 3028 sunt
344 2985 412 3040 ergo
440 2965 565 3037 discipuli
587 2964 646 3020 viso
670 2964 798 3020 Domino.
812 2963 885 3019 Dixit
899 2963 939 3018 eis

1038 1888 1049 1913 ι
1067 1866 1188 1923 Thomas
1203 1868 1293 1925 aulem
1306 1885 1377 1926 unus
1405 1886 1438 1926 ex
1465 1869 1630 1939 duodecim,
1647 1871 1698 1944 qui
1710 1871 1802 1930 dicitm

999 1953 1141 2025 Didymus,
1159 1972 1212 2012 uon
1236 1965 1294 2014 erat
1321 1973 1381 2015 cum
1410 1958 1450 2014 eis
1478 1959 1594 2030 quando
1617 1960 1696 2017 uenit
1718 1962 1799 2018 Jesas.

999 2042 1131 2099 Dixerunt
1147 2061 1216 2118 ergo
1226 2046 1252 2102 ei
1265 2047 1314 2102 alii
1328 2046 1455 2119 discipuli
1472 2065 1479 2102 :
1500 2048 1630 2104 Vidimus
1645 2049 1798 2108 Dominum.

998 2131 1046 2188 llle
1062 2140 1151 2188 autem
1167 2135 1234 2190 dixit
1258 2136 1298 2192 eis
1315 2153 1321 2192 :
1338 2136 1398 2192 Nisi
1422 2136 1520 2193 mdero
1541 2136 1569 2192 in
1591 2139 1726 2196 manibus
1746 2141 1800 2211 ejas

997 2218 1110 2276 lixuram
1139 2222 1291 2292 clavorum,
1320 2233 1348 2281 et
1375 2225 1480 2281 mittam
1509 2225 1631 2298 digitum
1660 2229 1799 2286 meumir

996 2308 1090 2366 locum
1105 2310 1254 2381 clarorum,
1272 2323 1298 2370 at
1317 2313 1423 2370 mittam
1442 2329 1553 2371 manum
1578 2331 1675 2373 meam
1693 2318 1722 2373 in
1736 2318 1799 2374 latus

996 2399 1065 2468 ejus,
1081 2416 1136 2456 non
1150 2402 1272 2458 credam.
1286 2426 1298 2452 r
1314 2405 1375 2460 Nou
1389 2419 1456 2460 casu
1475 2404 1527 2460 sed
1547 2404 1647 2461 diviua
1660 2405 1799 2478 dispensa·

996 2487 1069 2544 tione
1084 2497 1193 2560 gestum
1209 2499 1260 2559 est,
1276 2497 1307 2548 ut
1332 2492 1379 2549 ille
1407 2491 1562 2566 discipulus
1590 2500 1659 2552 tunc
1681 2496 1796 2563 deesset,

995 2585 1056 2647 post
1071 2587 1160 2635 autem
1175 2580 1305 2637 dubitans
1320 2583 1454 2653 palparet,
1469 2588 1498 2637 et
1521 2583 1643 2654 palpans
1666 2585 1796 2642 crederet.

995 2666 1057 2722 Plus
1070 2667 1142 2723 enirn
1158 2667 1305 2727 infidelitas
1319 2671 1431 2727 Thomae
1444 2672 1482 2727 ad
1502 2669 1588 2727 fide·
1604 2673 1690 2730 nobis
1704 2674 1798 2746 proluit

994 2770 1078 2826 quam
1094 2756 1164 2814 lidos
1179 2758 1358 2828 credentium,
1368 2759 1431 2831 quia
1441 2759 1505 2815 dum
1516 2760 1653 2819 udfldem
1663 2763 1797 2837 palpsndo

994 2844 1110 2915 ducitur,
1125 2856 1220 2904 nostra
1234 2864 1314 2905 meus
1327 2849 1354 2904 in
1370 2847 1423 2905 fide
1439 2849 1587 2907 solidatur.

1029 2995 1040 3021 a
1055 2973 1159 3044 Etpost
1180 2973 1239 3030 dies
1249 2974 1419 3031 octoiterum
1430 2983 1507 3032 erant
1519 2976 1722 3050 discipuliejus
1732 2979 1796 3037 intus

143 3069 240 3125 iterum
256 3081 263 3117 ε
280 3063 338 3117 Pax
353 3057 439 3115 vobis.
459 3080 470 3105 a
497 3055 608 3110 llerfllio
628 3053 799 3110 coufirmtliO
813 3060 865 3108 esl-
889 3053 941 3107 Dal
956 3028 980 3094 G
995 3068 1022 3116 et
1037 3062 1154 3118 Thomas
1169 3077 1231 3119 cum
1247 3064 1296 3131 eis,
1313 3064 1388 3120 venit
1400 3066 1482 3122 lesus
1494 3066 1592 3137 januis
1608 3068 1797 3139 clausis,stetit

141 3171 237 3230 pacem
253 3151 327 3208 enim
351 3161 430 3219 super
455 3160 563 3217 pacem,
584 3143 656 3199 sicut
680 3143 804 3214 promisit
819 3157 867 3213 per
880 3157 942 3211 pro·
995 3150 1023 3206 in
1038 3151 1139 3217 medio,
1155 3160 1182 3208 et
1196 3152 1284 3209 dixit:
1304 3155 1357 3209 Pax
1368 3154 1571 3211 vobis.Deiude
1587 3157 1658 3213 dixit
1670 3158 1795 3216 Thomae:

142 3247 265 3319 phetam.
286 3236 413 3294 Vclideo
442 3236 566 3298 iteratur,
596 3240 625 3286 ut
648 3239 784 3287 monstret
799 3229 943 3301 pacificata
995 3240 1069 3296 {nter
1083 3241 1199 3313 digitum
1211 3250 1284 3297 tuum
1299 3244 1362 3311 huc,
1379 3252 1405 3300 et
1420 3244 1481 3301 vide
1493 3260 1593 3301 manus
1608 3256 1750 3313 meusne
1761 3247 1796 3303 ps.

141 3350 191 3408 per
205 3346 284 3387 suum
300 3324 460 3399 sauguinem
475 3338 536 3394 qum
551 3320 579 3374 in
598 3319 669 3376 coelo
691 3328 717 3376 et
731 3337 793 3392 quae
808 3319 835 3375 in
852 3328 937 3376 terru-
995 3327 1038 3385 ier
1063 3345 1172 3384 manum
1188 3338 1274 3399 tuam,
1291 3339 1319 3387 et
1337 3331 1413 3390 mitte
1428 3332 1455 3388 in
1476 3333 1548 3389 latus
1571 3349 1679 3406 meum,
1706 3345 1734 3393 et
1746 3335 1794 3393 noli

181 3482 191 3505 ..
210 3455 285 3511 Siout
296 3451 369 3506 misit
385 3466 428 3504 me
442 3449 531 3513 Pam„
549 3454 575 3502 e,
593 3462 646 3520 ego
662 3447 739 3502 mmo
754 3462 815 3503 vos·
838 3469 848 3494 η
867 3446 942 3503 Sicu,
994 3434 1056 3474 esse
1071 3419 1228 3475 incredulus
1244 3421 1293 3476 sed
1308 3420 1409 3479 fidelis.
1430 3444 1441 3474 x
1460 3423 1566 3495 Corpus
1582 3424 1702 3481 Domini
1715 3426 1793 3483 iutra-

141 3545 214 3603 misit
228 3559 272 3597 me
286 3543 365 3595 l‘atcr
378 3540 451 3593 Deus
468 3537 562 3600 Deum,
579 3543 605 3589 et
627 3551 679 3608 ego
693 3535 770 3590 mitto
795 3550 844 3591 uos
859 3536 941 3591 homo
995 3506 1034 3561 νὴ
1049 3507 1083 3562 ad
1095 3508 1244 3609 dis⁶il³¹¹¹ff⁸
1256 3509 1351 3579 jannis
1373 3511 1486 3610 ‘jlffilslh
1509 3513 1584 3584 l⁰0d
1609 3529 1663 3614 Ρθξ
1677 3516 1794 3617 Militi·

141 3633 281 3691 homines.
303 3630 382 3684 l‘ater
406 3625 524 3681 amando
547 3622 644 3678 Filium
670 3624 742 3678 misit
757 3640 817 3679 eum
833 3625 898 3694 pati,
915 3632 942 3679 et
994 3603 1048 3652 ‘0¹¹¹
1064 3595 1331 3696 ⁰¹⁸⁰⁵⁰U⁰¹¹¹⁸¹¹¹0l⁰
1349 3599 1475 3699 ‘Vlldlffls
1498 3601 1713 3705 {Nectmrrum
1736 3619 1793 3703 atta

140 3722 276 3780 Dominus
290 3731 385 3772 amans
400 3712 540 3784 apostolos
560 3711 631 3766 misit
647 3728 705 3777 eos,
721 3728 775 3768 nou
798 3712 833 3767 ad
848 3713 940 3767 mundi
993 3694 1125 3742 mmmmm
1139 3693 1259 3742 ”⁰1⁰⁸ss
1273 3686 1307 3742 ἃᾶ
1329 3687 1477 3758 d¹⁵⁰¹P⁰¹⁰⁵
1501 3696 1627 3758 ¹⁰²P⁸V¹¹v
1643 3709 1694 3766 (1¹¹1
1716 3710 1793 3751 ΜΘΗ·

141 3812 280 3886 gaudium
297 3804 581 3873 sedadpassiooam.
610 3801 677 3855 Mitti
699 3801 780 3856 etiarn
806 3801 940 3856 Filiuma
993 3775 1312 3877 ¹⁰r¹¹⁸⁰¹³¹¹³⁰lsifssi¹¹i⁵
1330 3784 1411 3878 ,ΨΟ
1429 3776 1525 3833 exilit·
1551 3779 1707 3882 D'¹⁰·¹¹¹i¹’⁸
1725 3784 1792 3884 ΙΨ

139 3905 219 3959 Patre
241 3899 320 3968 juxta
345 3901 471 3949 naturam
496 3890 618 3945 divinam
647 3898 735 3962 potest
754 3889 882 3962 intelligi,
900 3892 940 3947 Eo
992 3865 1140 3922 humaneto
1162 3874 1291 3921 rotronem
1314 3866 1366 3922 sibi
1390 3866 1470 3923 valde
1498 3875 1642 3926 contraria
1666 3872 1792 3928 Dominus

140 3993 214 4050 enim
229 3988 311 4044 modo
326 4001 341 4039 a
359 3985 436 4039 Patre
452 3979 537 4035 Filius
562 3979 677 4034 mittitur
699 3995 753 4051 quo
773 3988 934 4051 generatur.
992 3955 1118 4054 ⁰³¹⁰¹¹di¹3
1134 3955 1199 4055 ,dum
1214 3962 1275 4026 ΡΟδι
1288 3956 1520 4056 Γθῗυπθοῗῑοῃθω
1534 3973 1640 4058 ΨΡΜ
1665 3978 1745 4017 suum
1758 3961 1791 4016 i*

140 4083 169 4139 Si
196 4080 268 4137 enim
300 4072 405 4137 missio.
439 4069 612 4125 solummodo
639 4067 792 4124 immo
827 4068 940 4125 dem,
991 4044 1169 4114 corruptibile
1183 4045 1355 4116 etpnlpabxle
1370 4045 1577 4103 demonstrarit.
1602 4050 1677 4105 Nam
1696 4059 1724 4107 et
1736 4066 1790 4109 cor·

139 4168 263 4239 imeffigi’
278 4160 451 4221 nullomodo
467 4157 583 4229 spirim
597 4166 707 4214 samus
722 4159 859 4214 dicemur
873 4158 937 4212 mn„
990 4133 1080 4205 rumpi
1093 4149 1207 4190 necesse
1235 4141 1278 4189 est
1303 4135 1375 4206 quod
1394 4136 1536 4235 palpatur,
1562 4146 1598 4239 et·
1612 4140 1723 4211 palpari
1743 4155 1790 4196 noa

139 4261 168 4325 ri,
181 4257 225 4329 qui
249 4267 421 4325 nequaquam
447 4249 602 4303 incarnatus
625 4254 679 4303 est.
699 4247 753 4303 Sed
768 4247 829 4316 ejus
843 4246 937 4303 missio
989 4229 1088 4292 P⁰²⁰⁸¹=
1106 4223 1178 4294 quod
1194 4239 1248 4279 ⁰0¹¹
1264 4233 1457 4297 corrumpitur.
1480 4224 1535 4325 Sed
1559 4242 1635 4329 miro
1647 4230 1734 4328 modo
1746 4230 1790 4286 lle·

137 4349 199 4420 ipsa
212 4341 351 4415 processio
376 4342 418 4395 est
445 4353 462 4391 a
486 4338 568 4391 Patre
591 4345 618 4390 ct
644 4336 725 4391 Filio.
754 4336 935 4434 Sicutitaque
949 4391 976 4453 D
990 4310 1116 4429 ³⁰ml³t⁰f
1132 4320 1224 4430 ¹¹⁰³⁸ef
1239 4329 1269 4430 εἰ)
1283 4314 1461 4371 ωοῃεῑωῃᾶο
1478 4318 1723 4431 Ψωΐωρῑὼΰθω
1735 4333 1788 4436 ,Ψ

139 4434 257 4506 Spiritus
281 4428 349 4484 mitti
377 4426 476 4483 dicitur
504 4423 552 4496 qui
578 4425 711 4494 procedit,
731 4426 767 4480 ita
791 4424 873 4480 Filius
889 4425 935 4497 qui
991 4425 1086 4488 palmi·
1103 4419 1387 4517 ⁰²⁸11⁰⁸¹¹¹V¹¹³le²⁸d
1407 4429 1611 4522 praeturum-et
1629 4423 1788 4496 Dalplbssffl

137 4528 296 4599 genevam„
988 4522 1018 4561 se
1033 4508 1149 4577 praebutl
1164 4515 1192 4562 ut
1217 4507 1348 4564 formaret
1371 4509 1407 4564 sd
1426 4508 1519 4565 fidem.
1537 4511 1673 4569 Divinum
1696 4513 1787 4571 lactan

174 4646 260 4701 ..lloc
274 4657 334 4699 cum
350 4638 475 4707 dixisset,
491 4637 638 4695 iasulllarit
657 4644 684 4693 et
707 4637 774 4693 dixit
796 4637 836 4694 eis
855 4654 861 4694 τ
878 4642 933 4696 Λο-

135 4745 217 4818 cipite
233 4742 366 4814 Spiritum
381 4747 515 4796 sunctum.
537 4736 660 4806 Quorum
683 4736 843 4793 remiseritis
866 4755 932 4810 pcc·

134 4845 196 4895 cata
211 4832 384 4889 remittuntur
398 4826 449 4896 eis,
466 4835 492 4883 ct
506 4843 623 4898 quorum
639 4825 805 4882 retinueritis
826 4835 933 4884 retenta

134 4951 233 5001 sunta
261 4935 429 4995 lnsulllando
459 4933 623 5008 significavit
651 4934 777 5004 Spiritum
807 4943 931 4992 sanctum

133 5048 188 5088 non
204 5029 291 5086 Patris
314 5024 398 5082 solius
420 5041 483 5081 essa
506 5022 636 5094 Spiritum
658 5023 707 5078 sed
731 5030 757 5077 et
772 5039 862 5079 suum.
882 5026 931 5082 Ec-

133 5120 222 5176 clesiae
236 5117 356 5175 charitas
371 5131 432 5187 quae
446 5130 496 5186 per
516 5112 646 5185 Spiritum
670 5120 794 5167 sanctum
810 5112 930 5170 daturin

133 5216 259 5274 cordibus
274 5213 373 5269 nostris
388 5211 549 5284 participum
574 5226 683 5265 suorum
704 5218 815 5281 peccata
837 5213 928 5267 dimit·

132 5315 173 5383 tit,
189 5328 282 5369 eorum
297 5318 396 5377 autem,
408 5310 452 5382 qui
467 5326 522 5366 non
536 5316 598 5366 sunt
608 5309 668 5380 ejus
678 5309 834 5381 participes,
845 5316 928 5368 tenet.

132 5405 167 5460 Et
181 5400 243 5457 ideo
257 5406 353 5471 postea
367 5414 449 5470 quiam
472 5399 548 5466 dixit,
569 5399 692 5470 Accipite
712 5398 839 5470 Spiritum
863 5417 929 5456 san·

131 5511 215 5571 ctum,
231 5496 364 5555 contiuuo
377 5495 412 5551 dc
427 5505 599 5568 peccatorum
616 5496 777 5554 remissione
787 5514 821 5555 ac
835 5507 928 5557 reten-

987 4619 1041 4659 non
1066 4612 1108 4659 est
1130 4604 1254 4661 mirabile
1277 4606 1402 4675 multum,
1428 4606 1450 4662 si
1478 4607 1590 4666 ratione
1615 4612 1682 4685 capi
1702 4614 1786 4687 queat,

987 4711 1031 4757 aut
1046 4702 1152 4760 ratione
1167 4705 1289 4777 probari.
1310 4707 1373 4764 llaee
1390 4704 1454 4764 fidei
1476 4708 1588 4767 meritis
1612 4717 1657 4771 est
1671 4725 1786 4788 congrua

985 4799 1027 4857 vis
1042 4801 1163 4858 rationis.

1024 4933 1033 4956 ·
1052 4909 1204 4983 Respondit
1218 4913 1338 4969 Thomas
1352 4919 1380 4970 et
1393 4912 1462 4970 dlxit
1477 4913 1503 4971 ei
1525 4930 1532 4970 τ
1557 4914 1703 4978 Dominus
1717 4934 1785 4978 meat

985 5014 1012 5063 et
1026 5008 1100 5064 Deus
1110 5026 1198 5067 meus.
1219 5035 1229 5059 l
1257 5012 1372 5068 Videbat
1391 5012 1531 5071 homiuem
1555 5023 1586 5073 et
1610 5021 1784 5095 tangebatct

984 5107 1165 5165 confitebatur
1181 5111 1278 5180 Deum,
1296 5128 1376 5184 quem
1391 5128 1445 5169 nou
1460 5113 1572 5172 ridebat
1584 5133 1681 5192 neque
1693 5128 1782 5193 tange

983 5204 1044 5262 hat.
1063 5207 1134 5264 Dicit
1149 5208 1173 5263 ei
1186 5210 1272 5264 lesus
1288 5227 1295 5265 :
1312 5233 1322 5259 a
1340 5211 1411 5281 Quia
1427 5211 1519 5269 vidisti
1540 5229 1587 5271 me
1603 5216 1756 5274 credidisti.
1771 5239 1780 5265 ι

983 5302 1065 5359 hliud
1088 5305 1155 5362 uidit
1178 5315 1205 5363 et
1224 5306 1297 5363 aliud
1320 5308 1439 5367 credidit
1461 5327 1468 5364 :
1491 5311 1637 5370 hominem
1660 5314 1739 5381 vidit,
1761 5321 1781 5371 et

983 5402 1068 5458 Deum
1085 5404 1228 5462 consessus
1243 5411 1296 5463 est.
1311 5407 1374 5464 Nun
1389 5407 1428 5465 ait
1438 5408 1563 5482 tetigisti,
1575 5413 1651 5470 scd«
1662 5413 1778 5482 vidisti»

983 5501 1046 5574 quia
1068 5504 1206 5575 generalis
1227 5505 1348 5577 quodam
1371 5506 1453 5564 mado
1480 5523 1582 5567 sensus
1611 5519 1657 5570 est
1687 5512 1777 5579 risun

126 5600 232 5658 tatione
246 5592 376 5664 subjecit.
394 5594 425 5648 ln
439 5600 513 5649 terra
537 5595 637 5667 quippe
653 5595 734 5651 datur
758 5597 884 5668 Spiritus,
901 5608 930 5654 ut
982 5614 1044 5653 nam
1065 5617 1115 5672 per
1141 5601 1209 5658 allos
1234 5610 1348 5673 quatuor
1367 5604 1503 5661 nominari
1523 5606 1597 5665 solet
1620 5615 1728 5669 uicum
1740 5607 1778 5666 di·

108 5689 428 5773 ddi'gaturproximus,·
443 5706 458 5751 e
473 5688 545 5750 coelo
560 5698 694 5751 autemut
707 5691 838 5770 diligatur
846 5693 935 5752 Deus.
986 5696 1098 5754 almuse
1115 5699 1225 5756 audiet
1240 5701 1318 5772 uide,
1336 5717 1420 5773 uuam
1435 5703 1509 5762 bena
1530 5712 1628 5779 sanat
1651 5704 1776 5777 Olheat
1831 5726 1833 5731 ·
