3780 6038
122 228 177 286 tls

638 227 803 285 GOFt'tttot
821 226 962 283 ,tttttltts
984 224 1258 281 vlh'bootrtbu'sts

1720 228 1772 279 ato

122 360 152 407 ut
165 351 266 407 dietum
290 359 338 420 est,
364 350 482 406 Christus
506 349 566 407 fecit
583 366 590 417 ·,
614 351 711 407 deinde
735 368 799 407 rero
827 351 918 407 vicarii
934 348 1059 419 Agenda
1074 349 1204 418 solvendi,
1221 350 1263 404 rel
1279 366 1338 420 qrrae
1353 355 1427 403 erant
1442 346 1571 402 solvenda
1585 347 1687 420 ligandi
1711 365 1774 405 con-

121 449 189 520 ejns.
206 448 239 503 Et
257 449 284 503 in
300 448 429 518 apostolis
453 447 561 517 quidem
585 464 601 502 a
625 448 728 504 Christo
753 449 823 503 lacta
849 456 918 515 sunt,

120 538 246 607 qrroniam
262 538 297 592 ab
314 539 372 607 ipso
387 544 412 590 et
428 536 505 591 relecti
521 544 547 592 et
572 537 720 592 consecrati
748 537 864 592 suerunt.
890 538 920 590 lo

119 635 393 690 aliisveroonmibus
417 652 433 688 ιι
457 635 536 688 nullis
560 635 620 688 aliis
648 634 704 689 lieri
730 636 800 700 licet,
828 636 877 689 nisi
905 651 921 690 a

119 723 226 779 vicariis
244 723 349 777 Christi.
375 723 443 777 Siuit
466 731 554 779 autem
585 724 678 778 vicarii
708 725 804 779 Christi
832 724 921 779 clerici

117 821 146 875 in
159 822 298 886 electione,
314 821 432 892 episcopi
459 821 486 875 in
510 822 720 875 consec-ratione.
746 822 839 876 Cretaei
864 838 922 877 om·

119 926 165 963 nes
181 917 270 981 petere
285 909 394 980 quidem
409 909 566 979 episcopum
582 918 694 978 possunt
709 925 716 977 ;
733 910 832 983 eligere
859 926 922 965 vero

118 1007 161 1064 vel
175 1022 330 1062 consecrare
346 1021 399 1060 nou
415 1014 535 1074 possunt.
562 1003 732 1074 Quicumque
757 1006 839 1077 igitur
867 1006 921 1061 alio

119 1095 300 1166 modo,quusi
320 1094 369 1148 sub
397 1094 506 1148 nornine
531 1092 675 1164 pontilicis,
704 1095 850 1149 Ecclesiam
880 1095 922 1149 vel

119 1199 278 1262 potestatem
308 1190 516 1246 ecclesiasticam
539 1190 591 1244 sibi
614 1191 750 1246 vindicare
774 1192 922 1261 praesumit,

122 1281 233 1351 hicjam
250 1296 304 1334 non
332 1295 381 1350 per
408 1280 506 1334 ostium
524 1280 605 1350 2¹75
624 1280 712 1345 intrat,
739 1280 786 1334 sed
814 1279 921 1335 aliunde

121 1369 250 1433 ascendit,
268 1376 296 1422 ut
310 1367 405 1422 merito
430 1384 483 1422 non
499 1368 568 1421 inter
582 1368 723 1440 episcopos
737 1376 918 1440 computetur,

121 1465 168 1519 sod
182 1465 251 1519 inter
265 1462 336 1519 iures
360 1472 386 1517 et
405 1464 521 1518 luuones
544 1472 750 1520 connumeretur
776 1467 868 1533 (loun.
892 1481 921 1532 x,

123 1553 280 1611 lhlstealiis
289 1552 502 1607 benedictionem
519 1568 572 1608 non
588 1553 710 1625 porrigit,
738 1553 785 1608 sed
810 1562 922 1625 pestem,

122 1642 259 1697 etvulnus
272 1642 360 1713 potius
376 1641 473 1696 inlerre
488 1640 594 1697 videtur
618 1658 698 1712 qirum
725 1643 847 1710 salutem,
879 1643 924 1712 elui
978 1665 1012 1720 ,ιι

123 1747 197 1794 tanta
221 1739 428 1810 praesumptione
458 1739 506 1794 Dei
539 1738 757 1795 maledictionem
796 1747 922 1795 ureretur.

122 1827 192 1882 Nam
217 1827 359 1898 episcopus
382 1826 439 1882 sine
466 1828 597 1884 canonica
624 1828 753 1884 electione
782 1837 822 1883 est
850 1829 924 1898 quarsi

123 1916 203 1972 arbor
216 1917 273 1970 sine
288 1914 386 1970 radice.
403 1916 490 1971 ,tibur
518 1924 607 1971 autem
633 1933 694 1986 qtrre
723 1916 841 1972 radicem
870 1933 924 1972 non

124 2015 306 2083 habet,etium
320 2016 341 2070 si
357 2016 422 2070 solia
446 2016 553 2079 habeat,
579 2016 693 2071 fructum
718 2016 788 2071 serre
813 2018 926 2072 nullatc-

123 2104 263 2160 nusvalet.
287 2104 327 2159 hd
347 2103 499 2174 liujusmodi
523 2104 647 2159 arborem
673 2105 793 2160 Christus
816 2106 925 2175 quidem

125 2193 243 2259 accessit,
264 2201 289 2247 et
312 2209 371 2248 ιιιιιι
398 2192 434 2246 ibi
459 2193 574 2246 fructum
600 2208 654 2246 uon
680 2193 834 2259 invenisset,
865 2211 924 2248 eam

125 2280 265 2335 maledixit
278 2281 374 2349 tslllorc.
392 2296 430 2347 xi,
449 2283 491 2347 13,
519 2282 574 2345 ll.)
601 2281 647 2335 llle
678 2282 795 2337 maxime
823 2299 839 2337 a
870 2283 927 2337 Deo

125 2368 301 2433 maledicitur,
318 2368 362 2439 qui
377 2369 552 2424 sacramentis
578 2369 705 2425 Ecclesiae
730 2371 806 2441 quasi
832 2372 927 2426 sociari

125 2475 172 2513 sua
195 2457 338 2528 cupiditate
362 2457 505 2522 desiderat,
519 2473 572 2512 non
586 2457 682 2511 Christi
711 2460 855 2514 charitate.
894 2461 927 2514 ht

124 2552 211 2608 curnis
239 2553 283 2621 qni
311 2552 485 2606 sacramentis
516 2552 642 2606 Ecclesia
673 2562 804 2609 caemcnto
839 2555 927 2609 cluui-

127 2641 186 2695 tatis
215 2641 416 2712 conjungitur,
442 2639 566 2711 injuriam
595 2641 704 2710 quidem
734 2643 860 2699 Ecclesia}
888 2645 901 2698 l
916 2676 928 2685 -

973 462 1048 501 eessa
1061 447 1182 502 facultas.
1200 449 1292 503 Petrus
1307 448 1387 503 etiam
1403 446 1424 501 si
1440 445 1584 515 aliquando
1605 446 1683 501 aliter
1706 448 1772 520 egit,

975 535 1071 588 Paulus
1084 535 1146 590 licet
1160 537 1186 591 in
1201 537 1404 592 conversatione
1420 535 1536 591 novitius
1566 535 1590 589 ei
1619 535 1646 589 in
1676 535 1774 590 faciem

975 633 1221 688 resistererninime
1238 633 1412 695 timuitvdnl.
1439 649 1468 700 n,
1502 635 1558 695 ll‘).
1589 632 1682 687 Petrus
1710 649 1775 688 vero

974 721 1014 775 sui
1049 723 1163 792 junioris
1202 723 1413 792 increpationem
1461 721 1575 775 libantur
1611 721 1774 794 suscipiens,

975 809 1046 879 qirod
1062 810 1121 882 plus
1132 811 1204 880 justo
1220 812 1329 878 fecerat,
1345 811 1488 883 diligenter
1502 809 1626 864 correxit.
1644 810 1776 865 Praeterea

975 908 1048 962 ncilla
1069 908 1246 964 rationalium
1274 909 1335 963 licet
1363 907 1434 978 qrrod
1454 907 1573 962 Christus
1600 923 1650 963 suo
1679 924 1776 963 exem·

976 997 1021 1066 plo
1041 996 1176 1051 ‹ledocuit
1194 999 1253 1068 lpse
1277 998 1348 1051 enirn
1373 996 1462 1068 legem
1487 996 1591 1051 solvere
1615 1010 1669 1051 uon
1693 998 1801 1064 venit,-

976 1097 1023 1151 sed
1038 1098 1185 1169 oelinrplere
1200 1099 1311 1163 lllotth.
1330 1115 1356 1163 v,
1374 1102 1429 1168 tr.)
1446 1099 1527 1167 277
1543 1098 1665 1154 Romano
1688 1098 1778 1169 itaque

980 1200 1098 1254 Ecclesia
1113 1199 1265 1255 divinarum
1281 1202 1478 1272 scripturarum
1494 1200 1582 1271 legem
1594 1202 1700 1256 solvere
1723 1217 1777 1256 non

976 1296 1066 1363 debet,
1083 1297 1129 1352 scd
1144 1314 1304 1354 conservare
1320 1313 1327 1366 ;
1343 1306 1369 1352 et
1384 1297 1479 1352 tradita
1493 1297 1545 1352 sibi
1560 1314 1576 1352 ιι
1600 1298 1706 1353 Christo
1729 1315 1778 1369 po-

978 1392 1080 1452 testate,
1097 1401 1151 1440 non
1166 1385 1200 1440 ad
1222 1403 1298 1441 sitnm
1315 1386 1479 1441 voluntatum
1495 1386 1543 1454 uti,
1560 1386 1607 1441 scd
1630 1387 1778 1442 secundum

978 1481 1074 1535 tlhristi
1091 1480 1270 1536 catlitionem.
1289 1481 1316 1535 Si
1332 1482 1413 1536 etiam
1430 1498 1507 1536 asna
1528 1481 1636 1552 juniore
1655 1483 1779 1538 Romano

980 1568 1097 1640 pontilici
1112 1571 1274 1642 suggeritur,
1291 1570 1350 1625 ntsi
1365 1570 1509 1641 aliquando
1525 1570 1585 1641 plus
1605 1570 1678 1640 justo
1704 1571 1779 1625 lece-

1015 1707 1021 1733 ,
1036 1665 1105 1734 jisur
1123 1667 1249 1739 corrigat,
1268 1675 1393 1738 hnquom
1410 1668 1501 1722 l‘etrm
1517 1668 1590 1723 l’auli
1611 1668 1780 1724 admonitio·

979 1770 1040 1808 ιιιιιι
1052 1755 1177 1824 suscepit,
1203 1765 1229 1810 et
1253 1757 1309 1826 ipse
1334 1757 1469 1828 suscipiet,
1494 1757 1515 1811 si
1546 1758 1651 1812 Petroni
1681 1757 1779 1812 imitari

979 1842 1121 1898 desiderat.
1142 1844 1180 1898 De
1204 1844 1360 1900 investitura
1392 1852 1481 1901 eutem
1511 1846 1639 1901 laicorum
1669 1846 1689 1899 si
1721 1846 1780 1916 orris

979 1948 1142 2003 cognoscere
1172 1932 1285 1987 volcien't
1314 1933 1376 2004 quid
1406 1933 1538 1988 catholica
1569 1942 1596 1988 et
1632 1935 1779 2003 apostolica

981 2028 1097 2082 Ecclesia
1126 2029 1246 2099 senserit,
1276 2029 1339 2100 quid
1366 2029 1494 2098 claruerit,
1520 2031 1583 2099 quid
1604 2030 1776 2100 judicaverit,

979 2116 1042 2186 qiud
1058 2117 1231 2183 constituerit,
1240 2118 1312 2189 legat
1322 2118 1348 2172 io
1359 2119 1448 2187 primo
1463 2118 1579 2188 capitulo
1590 2119 1661 2173 illius
1671 2120 1776 2175 concilii

982 2205 1051 2274 epirod
1070 2212 1189 2275 tempore
1203 2207 1327 2275 Gregorii
1342 2207 1447 2278 septimi
1463 2224 1542 2277 pupae
1558 2207 1657 2262 lachim
1681 2214 1730 2271 est,
1755 2215 1781 2261 et

982 2301 1018 2354 ibi
1034 2317 1128 2355 orrrnes
1142 2302 1264 2370 clericos,
1280 2304 1324 2373 qm
1341 2305 1374 2359 de
1398 2320 1480 2358 rrranu
1504 2304 1564 2359 laici
1594 2304 1779 2359 investituram

981 2390 1137 2459 suscipiunt,
1168 2392 1308 2447 hereticos
1336 2400 1454 2459 vocatos,
1479 2400 1504 2446 et
1542 2392 1603 2448 ideo
1640 2393 1783 2448 darmatas

982 2494 1040 2534 csse
1054 2485 1080 2531 et
1095 2480 1343 2535 euconmumicatos
1358 2480 1498 2535 invenerit.
1516 2481 1589 2536 Licet
1603 2480 1655 2536 aliu
1670 2482 1781 2536 haeresis

981 2575 1014 2629 dc
1040 2575 1195 2630 investitura
1224 2576 1335 2643 dicutur,
1366 2577 1419 2631 alia
1448 2577 1611 2646 Sinraniaea,
1643 2577 1692 2633 ista
1722 2595 1783 2648 quae

982 2663 1015 2716 de
1041 2663 1197 2718 investitura
1225 2664 1330 2734 dicitur,
1357 2672 1452 2720 contra
1479 2673 1598 2720 sanctam
1631 2666 1779 2721 Ecclesiam

127 2729 172 2796 ⁰5¹2
202 2729 248 2783 ⁵⁰¹¹
272 2730 348 2799 ‘illisi
376 2730 465 2800 With
493 2730 579 2784 lineus
607 2730 762 2800 diffiil'fflffl'e
792 2733 837 2803 qui
866 2734 929 2789 'illl
983 2752 1076 2806 lortius
1094 2752 1236 2822 jaculatur.
1262 2754 1417 2809 Simoniaeu
1444 2754 1543 2809 etenim
1570 2756 1689 2824 pravihrs
1718 2756 1783 2810 nird-

125 2828 245 2883 ‘lefllbasi
261 2828 344 2899 P⁰⁸⁵i¹
357 2827 392 2882 ³¹¹
408 2836 521 2899 tempus,
543 2828 602 2898 ejus
631 2828 719 2883 Simila
742 2830 925 2897 diffluum
983 2849 1060 2903 toties
1075 2849 1103 2904 lit
1117 2851 1249 2918 latenter,
1267 2852 1375 2907 haeresis
1390 2868 1453 2908 vcro
1468 2852 1501 2907 de
1521 2853 1687 2920 investitura,
1713 2871 1782 2907 sem-

125 2915 475 2987 ‘1115301000115‘lebamin
500 2933 543 2982 ⁰⁰2
569 2924 736 2987 l'ft'ffllfflfflf·
765 2920 822 2974 ¹¹⁸⁰
847 2918 928 2991 illim?
982 2954 1030 3008 per
1044 2938 1150 3007 publice
1164 2939 1261 3011 agitur.
1277 2939 1316 2994 lbi
1341 2940 1421 2995 etiam
1448 2941 1474 2995 in
1505 2941 1600 3010 primis
1628 2942 1718 2997 orrrnis
1745 2960 1784 2998 cc-

124 3005 296 3060 similitudine
320 3013 390 3060 recte
414 3005 550 3078 colligitur
573 3006 645 3076 quod
665 3007 710 3075 qni
737 3006 770 3061 ud
800 3006 925 3077 injuriam

122 3109 220 3156 sancta
237 3100 363 3156 Ecclesiae
377 3101 586 3156 ecclesiasticum
602 3101 735 3169 ordinem,
752 3109 778 3156 et
804 3103 923 3159 maxime

123 3188 307 3259 pontificatum
337 3189 496 3260 assequitur,
536 3206 612 3243 suam
653 3189 862 3246 destructionem
900 3191 927 3246 in

126 3286 230 3356 primis,
251 3286 350 3340 deinde
375 3286 467 3358 populi
496 3293 610 3341 mortem
635 3295 771 3355 operatur.
803 3289 835 3342 Et
868 3297 930 3344 trine

128 3374 248 3429 Ecclesia
269 3373 395 3442 injurium
421 3374 521 3443 pariter
541 3375 653 3429 sustinet
677 3383 700 3429 et
728 3377 928 3446 verecundiam,

127 3468 234 3538 quando
251 3468 278 3522 in
293 3467 418 3541 eligendo
435 3467 559 3540 pontilice
580 3470 709 3525 canonica
735 3472 802 3542 perit
824 3473 929 3541 electio,

128 3566 155 3613 ct
168 3556 240 3627 quod
254 3557 317 3613 vitae
341 3557 451 3625 hauritis,
476 3565 504 3611 et
523 3557 665 3629 sapientias
690 3559 829 3628 doctrinae,
848 3570 930 3632 atqire

128 3647 210 3702 sacris
224 3646 364 3702 ordinibus
377 3645 499 3711 debetur,
517 3646 569 3700 illis
584 3648 659 3717 quasi
671 3648 819 3718 imponitur
834 3651 932 3721 unibus

129 3760 179 3798 noc
193 3743 272 3800 bonae
285 3743 348 3798 vit'c
363 3743 466 3809 merite,
484 3759 533 3798 nec
547 3744 687 3813 sapientire
702 3745 833 3816 doctrina,
848 3750 930 3819 276

130 3863 180 3902 nec
198 3846 266 3902 sacri
290 3845 398 3902 onlines
421 3844 610 3918 suffragantur.
637 3847 681 3902 lsti
706 3854 851 3914 terrenum,
877 3849 931 3905 imo

129 3935 288 4006 paludosum
305 3935 404 3990 hubent
423 3934 639 4001 fundamentum,
666 3945 692 3991 et
717 3937 777 3992 ideo
806 3945 932 3993 ‹termuunt

131 4025 237 4096 quitali
263 4024 437 4080 fundamento
465 4022 639 4079 aedilicantur.
666 4026 704 4080 lle
734 4026 832 4081 talibus
859 4028 931 4081 enim

131 4123 227 4178 ihcitur
241 4123 267 4176 in
284 4122 404 4177 l‘snlrno:
423 4122 639 4193 Proiecictieos,
655 4123 723 4179 dura
734 4125 933 4180 allevarentur

131 4212 322 4278 (Pscheuuu,
342 4211 525 4267 hlutharius
547 4210 614 4264 nihil
643 4219 670 4265 et
696 4211 767 4280 apud
797 4213 932 4268 Christum

133 4309 258 4363 Ecclesiae
285 4309 393 4378 injurio,
422 4308 498 4378 cujus
524 4317 693 4363 sacramento
722 4310 766 4378 quii
806 4327 932 4380 perverse

133 4397 290 4466 suscipiunt,
307 4412 367 4451 cum
383 4396 487 4449 Christo
503 4411 570 4463 esse,
587 4396 630 4450 vel
644 4397 772 4466 prodesse
787 4415 840 4453 rron
866 4416 931 4470 pos·
948 4421 974 4481 [J
990 4438 1029 4508 pn

1031 4479 1037 4499 ‚

136 4502 206 4549 sunt.
237 4495 303 4549 Cum
333 4493 436 4549 Christo
465 4493 564 4547 etenim
591 4494 671 4549 simul
700 4512 767 4561 esse,
798 4504 824 4550 et
844 4506 936 4552 comm

135 4583 268 4639 Christum
288 4582 376 4637 lacere
390 4597 470 4636 nemo
486 4588 582 4652 potest,
598 4598 658 4636 oum
675 4582 732 4652 ipse
759 4584 832 4639 client
850 4605 854 4639 :
882 4586 935 4653 Qut

136 4698 194 4739 eron
208 4683 251 4737 ecl
266 4696 388 4744 mecum,
400 4683 609 4737 contremeret
622 4681 698 4749 (Luc.
712 4697 751 4750 m,
768 4683 881 4752 ataQrd
894 4702 937 4739 an·

137 4786 264 4834 terncum
284 4779 388 4834 Cluisto
407 4794 459 4836 aon
488 4786 537 4843 est,
566 4794 616 4833 nec
643 4778 694 4833 sibi
718 4780 857 4848 prodesse,
888 4797 937 4837 nec

136 4867 196 4922 aliis
219 4875 327 4940 potest,
354 4883 414 4923 cum
438 4867 495 4939 ipse
524 4865 618 4921 iterum
648 4877 770 4923 asserat:
804 4870 856 4938 Qui
879 4887 936 4927 non

136 4966 246 5037 colligit
257 4965 517 5039 meeueantspeegtt
529 4965 629 5034 (tem),
646 4973 673 5020 ct
687 4965 751 5020 alibi
768 4965 832 5021 dicit
848 4985 853 5020 :
870 4966 936 5023 Sine

136 5077 182 5118 mc
192 5061 267 5117 nihil
280 5065 398 5131 potestis
407 5067 501 5134 [occec
516 5064 608 5123 (loca.
621 5078 669 5128 xv,
683 5067 721 5129 3).
743 5063 810 5118 Suut
826 5063 936 5133 quidam

139 5158 184 5228 qui
199 5159 459 5215 homanaeEcclesiae
474 5161 565 5216 anania
580 5161 659 5216 licere
680 5168 782 5231 pectant,
809 5168 836 5215 et
859 5161 935 5230 quasi

139 5245 255 5316 quadum
270 5246 467 5316 dispensatione
482 5248 560 5302 aliter
573 5265 654 5317 quam
680 5248 772 5303 divina
797 5249 936 5317 Scriptura

140 5333 262 5406 precipit
275 5349 335 5388 eam
350 5335 438 5390 faeere
465 5351 554 5404 posse.
584 5335 752 5407 Quicumque
781 5337 870 5407 itaque
896 5337 935 5394 sic

136 5429 216 5499 sapit,
232 5429 329 5501 desipit
345 5445 352 5497 ;
368 5447 430 5485 nam
444 5431 573 5487 Romana)
587 5432 714 5488 Ecclesiae
737 5442 799 5503 post
826 5435 934 5489 Petrum

941 3027 1143 3128 eclesiasticos
1170 3029 1235 3083 ordo
1264 3029 1446 3095 contunditur,
1477 3030 1584 3100 vpuaudo
1623 3033 1673 3086 hoc
1712 3030 1783 3103 quod

983 3124 1124 3194 unicuique
1139 3126 1226 3180 asoto
1241 3142 1289 3180 suo
1304 3134 1488 3182 consecratore
1514 3127 1539 3181 in
1567 3127 1697 3197 Ecclesia,
1722 3146 1782 3184 cum

982 3213 1148 3269 orationibus
1162 3230 1221 3284 quer
1236 3213 1273 3268 ibi
1289 3215 1462 3282 conveniunt,
1478 3215 1535 3270 dari
1551 3216 1641 3281 debet,
1663 3234 1679 3271 ιι
1702 3234 1784 3273 saecu·

984 3308 1030 3362 lari
1049 3314 1178 3378 potestate
1192 3308 1266 3377 prius
1289 3309 1428 3379 amipitur.
1456 3309 1532 3378 Quod
1553 3310 1636 3366 suncti
1665 3312 1779 3381 apostoli

984 3412 1037 3450 non
1053 3396 1138 3450 solum
1152 3397 1356 3463 interdixerunt,
1372 3415 1466 3453 verram
1487 3399 1568 3453 ethim
1594 3415 1689 3454 omnes
1713 3400 1782 3475 illos,

986 3495 1030 3562 elui
1047 3510 1095 3565 per
1108 3495 1263 3549 stecularem
1280 3503 1439 3564 potestatem
1453 3496 1602 3552 Ecclesiam
1618 3497 1750 3564 obtinent,
1768 3513 1784 3550 ιι

986 3592 1089 3645 Christo
1105 3590 1155 3644 sibi
1182 3592 1277 3646 tradita
1305 3600 1435 3663 potestate
1461 3594 1665 3648 damnaverunt.
1699 3594 1782 3664 278

986 3689 1018 3743 Et
1033 3689 1128 3743 rnerito
1144 3690 1256 3761 apostoli
1271 3690 1373 3761 judicio
1388 3691 1503 3760 Spiritus
1517 3691 1601 3746 sancti
1626 3693 1675 3746 bac
1696 3692 1783 3746 baere-

985 3787 1036 3840 sim
1052 3787 1110 3856 ipso
1132 3788 1256 3842 Ecclesiae
1280 3789 1411 3860 principio
1441 3789 1570 3844 damnare
1598 3789 1783 3855 decrevemnt,

986 3892 1066 3945 quarm
1082 3877 1164 3947 longo
1178 3885 1373 3946 posttemporc
1402 3895 1436 3932 ex
1464 3885 1539 3947 pohe
1562 3878 1671 3934 diabolo
1700 3880 1785 3934 nasci·

988 3984 1147 4032 turarnesse
1170 3978 1361 4049 praeviderunt.
1388 3982 1454 4033 llum
1485 3978 1566 4050 igitur
1593 3978 1662 4034 laico
1691 3987 1718 4034 et
1746 3980 1785 4033 in·

987 4066 1122 4132 vestitura,
1139 4067 1264 4121 etonmis
1288 4067 1367 4121 etiam
1396 4067 1623 4136 disponendamm
1650 4067 1785 4123 Ecclesia-

987 4179 1056 4227 rum,
1072 4164 1114 4217 vel
1130 4163 1368 4218 ecclesiasticarum
1384 4180 1473 4218 nemim
1503 4164 1614 4218 facultas
1642 4182 1658 4220 a
1685 4165 1785 4236 Spiritu

988 4260 1089 4320 sancto,
1105 4252 1149 4321 urii
1167 4253 1192 4305 in
1217 4253 1346 4321 ailretstolis
1371 4252 1540 4322 loiprebatur,
1566 4259 1664 4324 negata
1688 4254 1723 4307 sit
1741 4269 1787 4322 pe·

989 4340 1098 4393 nituset
1124 4340 1271 4408 interdieta,
1296 4343 1340 4412 qui
1366 4341 1548 4396 investituram
1573 4360 1589 4396 u
1613 4342 1683 4396 luico
1706 4343 1788 4396 susei-

1054 4453 1105 4491 non
1119 4438 1176 4507 janu
1192 4445 1284 4492 eontra
1308 4438 1444 4507 apostolos
1468 4445 1581 4505 tantum,
1612 4439 1667 4493 imo
1696 4445 1789 4493 contra

990 4526 1128 4580 elorninum
1154 4529 1346 4598 apostolorum,
1373 4526 1445 4598 quod
1469 4535 1589 4581 sanctum
1609 4535 1648 4581 est
1676 4526 1789 4582 canibus

990 4617 1111 4685 exponit.
1128 4603 1288 4671 loveslihrra
1302 4617 1384 4681 eninr,
1401 4616 1435 4672 de
1449 4634 1502 4686 (pia
1525 4616 1671 4685 loquimur,
1702 4632 1790 4671 sacra-

991 4712 1109 4758 mentum
1122 4713 1183 4769 est3
1205 4706 1231 4759 id
1258 4713 1415 4760 estsacrum
1439 4706 1557 4777 signum,
1585 4721 1638 4774 quo
1665 4706 1790 4777 princeps

992 4803 1126 4867 Ecclesia,
1143 4804 1285 4874 episcopus
1312 4803 1423 4870 scilieet,
1453 4820 1469 4857 a
1496 4805 1600 4859 caeteris
1628 4803 1785 4859 hominibus

991 4893 1136 4947 secemitur
1151 4893 1249 4963 pariter
1272 4899 1350 4961 atque
1371 4893 1545 4964 dignoscitur,
1576 4900 1602 4948 et
1627 4909 1681 4962 cluo
1709 4907 1791 4964 super

992 4981 1169 5036 Christianum
1194 4996 1307 5053 gnegem
1331 4997 1393 5035 cura
1423 4981 1563 5050 pastoralis
1598 4982 1623 5035 ei
1655 4982 1789 5037 tribuitur.

991 5079 1264 5133 llanciovestitumm
1281 5079 1315 5133 ab
1332 5079 1377 5133 illo
1405 5080 1462 5134 solo
1489 5081 1625 5150 suscipere
1654 5080 1745 5147 debet,
1774 5098 1790 5135 a

991 5184 1044 5237 ipro
1059 5168 1324 5222 i·tcorrsecratione.=nr
1342 5167 1431 5222 habet.
1457 5168 1534 5222 lllum
1554 5169 1688 5238 siquidem
1718 5171 1791 5241 ptius

991 5272 1115 5336 opportet
1130 5265 1288 5332 consecrari,
1319 5265 1417 5320 deinde
1445 5280 1509 5321 vero
1540 5274 1667 5334 tanquam
1695 5283 1788 5338 regem

992 5354 1117 5409 Ecclesiae
1131 5354 1212 5409 saeris
1228 5353 1379 5425 insignibus
1397 5353 1528 5408 decorari.
1559 5354 1588 5410 Si
1617 5354 1679 5424 queis
1698 5362 1788 5410 autem

991 5450 1100 5506 cuilibet
1114 5451 1234 5506 saeculari
1257 5451 1380 5522 potestati
1409 5452 1458 5505 ista
1487 5452 1566 5507 licere
1594 5458 1680 5521 putat,
1710 5460 1788 5508 errat,

135 5525 330 5595 minimelicut,
346 5528 417 5597 quod
431 5528 508 5583 Petro
522 5543 576 5583 non
600 5529 683 5583 licuit.
710 5531 787 5586 Petro
814 5548 874 5601 quae
900 5531 935 5586 li·
990 5538 1068 5607 Quod
1083 5539 1104 5592 si
1120 5539 1265 5593 elelendere
1288 5541 1387 5603 nititur,
1414 5540 1596 5608 apostolomm
1626 5540 1787 5607 doctrinam,

133 5614 224 5685 ganda
238 5625 314 5670 erant
328 5615 439 5687 ligandi,
455 5625 482 5669 et
496 5631 556 5686 qrrae
571 5617 700 5672 solvenda
713 5619 835 5673 solvendi
852 5628 890 5675 est
919 5637 936 5676 a
990 5636 1012 5683 et
1029 5628 1111 5681 sancti
1129 5627 1242 5697 Spiritus
1252 5644 1359 5682 sensum
1371 5626 1509 5683 adnullare
1531 5628 1666 5684 desiderat
1683 5643 1690 5697 ;
1716 5628 1788 5685 unde

137 5712 570 5785 chrisoetnrapntesustltuttt.
587 5728 647 5779 xvi,
665 5716 729 5781 lul,
746 5731 798 5770 nnn
819 5733 879 5785 qirae
904 5717 934 5772 li·
990 5715 1127 5771 licereticus
1152 5732 1209 5771 esse
1246 5716 1396 5770 nullatanus
1436 5714 1583 5770 dubitatur.
1625 5717 1785 5772 investitura
