3780 6038
111 244 164 303 439
673 244 812 303 l’lBONlS
830 244 993 304 netscort
1010 245 1182 304 wttusts
1712 240 1767 299 ild

111 369 239 443 imaginis
250 369 430 440 impressione
445 370 596 444 signamus.
614 369 644 426 Si
667 370 728 442 quis
742 370 776 426 de
790 370 833 425 his
846 386 906 444 quae
920 371 948 433 Α
961 371 1104 428 ecclesiam
1126 370 1217 442 coepit,
1240 378 1266 427 at
1290 371 1405 428 honeste
1426 370 1496 427 sicut
1517 368 1617 437 decuit,
1643 371 1768 437 coeptum

108 459 165 530 jam
180 458 332 530 acquisivit,
348 459 391 517 vel
407 475 470 529 quae
484 459 573 516 adhuc
587 459 705 516 ecclesia
718 458 768 514 ista
780 460 853 529 iuste
868 475 913 516 ac·
967 476 1036 532 opus
1051 477 1138 532 usque
1153 460 1186 515 ad
1202 459 1283 516 fluam
1297 459 1441 531 perduxit3
1457 456 1724 533 quamaedibcatam,
1737 458 1768 509 et

112 547 244 619 (tummim.
262 547 421 603 imminuere
441 548 592 613 tantaverit,
609 547 643 602 ab
659 549 733 604 omni
758 563 914 622 congrega-
967 550 1077 621 optimis
1092 551 1228 605 thesauris
1242 550 1416 614 clusuratam,
1431 556 1458 604 ct
1471 563 1488 603 a
1503 547 1583 604 uobis
1597 546 1636 616 lin
1664 546 1771 600 bonore

111 641 185 697 tione
198 640 350 697 Christiana
361 650 494 697 remotum
505 643 766 714 essepraecipimus3
783 643 914 715 usquead
968 636 1018 693 Dei
1034 635 1192 705 Geminium,
1209 636 1350 708 sanctique
1375 634 1544 708 sigismundi
1559 629 1677 706 gloriosi
1691 643 1768 684 mar-

112 730 223 803 dignam
234 730 458 797 satisfactionem,
468 732 650 787 anathematis
661 731 770 788 vinculo
782 732 914 787 iuuenum
967 735 1035 806 tyris
1050 733 1159 799 Christi,
1172 748 1280 790 necnon
1299 731 1372 788 beati
1391 730 1500 789 Nicolsi
1521 727 1692 787 conlesaoris
1705 740 1770 783 oon·

112 820 912 894 essecoquopossumusetdebemusrigoredecemimus;
966 829 1102 880 secretam
1117 831 1144 879 et
1162 821 1315 889 delicatam,
1345 821 1456 877 Decet
1484 820 1517 876 S.
1541 820 1616 890 Apro
1652 816 1769 887 ejusque

112 924 208 973 nostro
223 924 249 973 et
268 917 453 988 probabilium
474 917 594 975 uirorum
609 918 656 992 qui
674 917 818 990 affuerunt,
834 918 912 976 testi·
967 906 1152 964 mmimfibm
1166 905 1287 973 immistis
1303 913 1329 960 0¹
1351 906 1386 961 id
1400 918 1524 977 timim⁸
1538 901 1637 959 ‘mm
1650 898 1719 956 inibi
1732 896 1770 954 “d

112 1006 204 1061 monio
220 1004 374 1078 subscripto
389 1006 564 1063 roboramus.
967 996 1026 1053 Deo
1040 996 1224 1062 serviendum,
1255 994 1401 1051 constituta
1428 993 1470 1050 eis
1496 1005 1614 1056 sumna,
1630 1004 1687 1062 qua
1708 986 1769 1044 ains

148 1095 262 1166 Signum
277 1094 387 1150 Pibouis
400 1094 536 1166 episcopi.
966 1083 1095 1156 scrupulo
1109 1084 1257 1153 alerentur,
1278 1083 1430 1140 constituit.
1455 1081 1538 1152 Cujus
1556 1094 1611 1153 ego
1630 1078 1704 1135 bona
1722 1077 1769 1131 in·

148 1184 225 1256 Siga.
242 1182 351 1254 Riquini
362 1182 559 1240 archidiaconi.
966 1174 1086 1231 tentione
1101 1177 1251 1246 permotus,
1267 1173 1380 1245 ejusque
1393 1170 1523 1244 precibus
1533 1169 1649 1235 evictus,
1659 1171 1694 1222 'et
1707 1163 1771 1237 qnia

152 1268 229 1341 Siga.
241 1267 385 1324 mucronis
394 1267 564 1324 cancellarii.
968 1261 1053 1319 lilium
1070 1262 1128 1333 ejus
1143 1262 1177 1319 de
1192 1277 1274 1319 sacro
1288 1261 1362 1318 tonte
1376 1259 1496 1332 suscepi,
1522 1256 1639 1316 consilio
1651 1253 1771 1311 clerico-

152 1357 230 1429 Sitim·
243 1355 367 1412 Hemerli
377 1355 488 1412 decani·
967 1366 1032 1407 rum
1046 1367 1185 1417 meorum,
1198 1353 1244 1424 qui
1267 1350 1386 1407 sanioris
1416 1349 1546 1406 ridentur
1559 1360 1623 1402 esse
1650 1341 1771 1409 consilii,

152 1446 230 1519 558⁰·
247 1445 371 1518 Huitfflfis
383 1445 548 1517 lllmbl'ffll'i·
966 1450 1124 1507 auctoritate
1137 1458 1165 1507 et
1182 1456 1317 1522 praecepto
1327 1445 1505 1520 magistrimei
1515 1436 1773 1501 Domiuil’aasbalis

152 1543 230 1616 Sign-
245 1541 541 1615 3⁰⁵01¹5⁵Pl0⁵bl¹0m
967 1572 1056 1630 papae,
1073 1565 1101 1613 et
1116 1564 1209 1613 nostra
1223 1555 1386 1627 Dominique
1397 1552 1558 1610 nostrilesu
1568 1545 1680 1613 Christi,
1694 1543 1773 1619 priu-

151 1631 231 1703 Sian·
250 1630 344 1686 nestit
357 1630 577 1704 presbiterium
591 1630 674 1688 cirin
688 1631 913 1693 buicecclesioeu
967 1646 1038 1718 cipio
1052 1646 1196 1703 ecetesiam
1210 1645 1364 1713 rhamnum
1378 1639 1577 1700 omoiousion
1591 1633 1772 1710 appenditiis,

115 1729 193 1794 lim
208 1719 331 1777 θθῡῑῑῐῑῑῑ·
927 1729 1031 1794 Besae
1046 1734 1073 1791 in
1088 1742 1251 1807 perpetuum
1278 1734 1402 1801 liberam,
1421 1732 1481 1787 sine
1505 1743 1601 1793 ceusu,
1617 1726 1678 1782 siue
1696 1720 1774 1780 omni

152 1819 233 1893 Siga.
253 1817 373 1888 Milonis,
398 1818 434 1876 ds
447 1819 525 1890 cujus
540 1818 676 1878 beneflcio
690 1825 750 1879 erat
768 1837 849 1880 mons
861 1839 911 1881 su·
969 1822 1181 1890 cousuetudine,
1210 1837 1301 1891 neque
1328 1821 1534 1884 archidiacono,
1558 1830 1648 1889 neque
1668 1812 1777 1869 decano

115 1908 263 1982 pradictus.
968 1928 1030 1970 esse
1057 1912 1218 1982 subjectam,
1239 1912 1274 1967 ad
1303 1909 1405 1966 nullam
1431 1907 1542 1966 omniuo
1568 1901 1773 1976 respicientem,

149 1999 227 2072 Sien-
243 1995 364 2054 metrici
379 1997 414 2053 de
428 1996 541 2054 ansero.
967 2010 1020 2066 nisi
1033 2010 1068 2065 aa
1085 2011 1176 2067 sancti
1189 2009 1265 2082 spii,
1275 2009 1352 2079 cujus
1367 2007 1455 2063 tinem
1469 2013 1519 2077 esa,
1530 2000 1774 2061 misnensis-

148 2088 228 2159 Sigm·
243 2085 396 2142 Willm'im
409 2086 558 2158 Halmmm
572 2085 695 2143 fmimm·
967 2106 1044 2155 terea
1054 2099 1139 2168 jubeo
1158 2099 1319 2155 auctoritate
1340 2113 1396 2170 qua
1423 2095 1523 2161 debeo,
1536 2101 1564 2150 et
1592 2090 1699 2147 ratione
1717 2103 1775 2161 qua

150 2177 227 2249 sisa·
244 2174 394 2231 cuononn.
967 2187 1057 2255 vareo,
1073 2188 1223 2244 manseros
1237 2186 1282 2260 qur
1297 2187 1334 2242 nt
1349 2183 1568 2248 neosemierint,
1584 2195 1637 2254 pro
1650 2168 1774 2252 qnalibet

148 2266 229 2337 3³8⁰·
248 2262 316 2320 Albi
317 2262 361 2319 1⁰5·
968 2276 1096 2333 uiolentia
1111 2276 1179 2332 inira
1194 2291 1291 2332 eorum
1304 2275 1414 2341 atrium,
1429 2274 1488 2330 sive
1502 2272 1530 2327 iu
1544 2271 1605 2342 ipsa
1622 2266 1775 2326 ecclesian

149 2355 228 2426 Sitn-
243 2351 380 2424 illimis·
967 2365 1088 2439 quolibet
1103 2365 1182 2436 tacta,
1198 2380 1337 2437 nunquam
1359 2361 1498 2420 abolicio
1520 2359 1616 2416 divino
1650 2370 1773 2422 cessam,

150 2444 228 2516 sidu·
244 2439 398 2513 ⁰¹¹0b⁷⁰ni⁸·
967 2462 1019 2518 nisi
1034 2461 1092 2519 sola
1106 2462 1262 2519 obedientia
1277 2460 1382 2517 abbatis
1397 2459 1452 2516 sui.
1476 2458 1568 2529 Quare
1582 2451 1774 2528 approbatiss'a

149 2533 226 2606 558⁰·
242 2530 335 2587 d⁰¹¹¹¹¹i
349 2529 584 2586 Tiimfi'hb'fi*
599 2531 692 2589 smmi
705 2532 846 2590 mummii·
967 2567 1072 2607 morum
1091 2560 1247 2608 nostrorum
1262 2550 1377 2608 coasilio
1390 2564 1466 2615 usus,
1487 2545 1618 2619 ligamine
1649 2541 1774 2599 indisso-

151 2622 231 2695 Sitm·
251 2619 367 2677 Widmssi
380 2618 489 2675 ⁸bb⁸²i⁸
504 2619 687 2693 sanctuilfi·
968 2639 1046 2696 lubili
1072 2648 1204 2712 perpetuo
1232 2641 1405 2696 anathemate
1432 2636 1587 2711 obligamus
1615 2631 1774 2705 quicunque

149 2719 228 2788 Sim·
244 2716 367 2789 fl⁰ss⁰¹¹i⁵
381 2714 541 2789 Pfifflissssffl·
968 2737 1060 2786 mente
1071 2745 1212 2800 excessus,
1228 2729 1340 2785 demere
1350 2729 1502 2784 libertatem
1512 2722 1634 2798 praeiatae
1644 2719 1774 2779 ecclesie

148 2807 228 2880 Sidu-
243 2804 379 2904 Lissmlllhfi
400 2804 507 2862 dmm·
969 2825 1095 2893 voluerit,
1113 2826 1303 2898 cujuscunque
1317 2825 1353 2880 sit
1376 2823 1479 2881 ordinis
1493 2828 1539 2878 aut
1557 2817 1713 2893 dignitatis.
1731 2813 1773 2872 sd

149 2896 226 2968 sitm·
242 2895 398 2994 ᾸῙῧθῑὊΰξῧ·
969 2913 1184 2972 confirmandam
1200 2915 1281 2972 etiam
1295 2912 1380 2986 hujus
1394 2913 1436 2968 rei
1459 2910 1593 2977 notitiam,
1610 2913 1696 2964 testea
1711 2903 1773 2962 ido-

149 2985 226 3056 Sissfl·
242 2983 382 3055 §mihim-
970 3020 1037 3060 neos
1052 3004 1223 3070 adhibemus,
1239 3018 1355 3076 quorum
1377 3000 1486 3058 nomina
1500 2999 1594 3056 subter
1620 2992 1774 3054 inscribere

149 3074 231 3148 Sign.
250 3072 386 3172 Hugomts
519 3160 525 3172 .
931 3091 1085 3166 Cdignam
1099 3094 1243 3149 duximus:

150 3163 229 3237 Siga.
244 3161 388 3219 'l'hiebaldt
398 3161 538 3220 monachi.
1002 3190 1131 3246 fficujnus
1144 3189 1328 3261 primicerius,

148 3261 230 3316 Anno
244 3259 279 3314 ab
293 3257 485 3315 incarnatione
497 3256 607 3314 Domini
620 3258 700 3326 tuti,
716 3258 866 3316 indictione
880 3277 911 3329 r,
1002 3280 1157 3350 stephana,
1177 3278 1402 3336 archidiaconus,

112 3355 257 3422 epactam,
274 3354 453 3404 concurrente
467 3362 508 3417 ur,
524 3346 588 3402 luna
612 3361 650 3413 xa,
665 3364 694 3403 ar
708 3348 773 3404 ldus
800 3349 912 3420 Aprilis,
1002 3370 1082 3442 pugo
1097 3368 1205 3425 mm,

110 3445 221 3510 peracta
235 3443 297 3491 sunt
310 3437 369 3492 haec
383 3434 411 3490 in
424 3435 545 3491 'tullensi
570 3434 648 3503 sede,
663 3435 692 3490 ia
707 3436 826 3493 ecclesia
853 3452 913 3494 ma·
1001 3459 1160 3514 Thremm,
1174 3457 1262 3513 abb„
1276 3456 1370 3513 smmi
1383 3452 1529 3512 mansueti,

108 3527 181 3598 jore,
196 3525 324 3581 audiente
339 3532 366 3580 et
379 3524 490 3581 vidente
504 3524 586 3581 Clero
600 3538 664 3581 cum
675 3523 810 3582 universa
824 3526 913 3583 multi·
1002 3546 1185 3620 gemmus
1198 3545 1330 3604 demus,

111 3614 204 3671 tudine
217 3613 315 3688 plebis,
332 3611 458 3669 feliciter.
474 3613 578 3670 Amen.
1002 3632 1154 3690 Wqffidu,
1168 3634 1203 3691 de
1225 3632 1359 3690 [ηπῶς.

487 3763 550 3821 ΧΠ.
1004 3723 1144 3780 Walterus
1159 3722 1242 3780 irater
1256 3738 1334 3779 suus.

351 3872 358 3885 ,
427 3872 433 3885 ‚
1002 3813 1129 3885 Paganus
1143 3810 1178 3868 de
1192 3811 1291 3868 Sancto
1304 3810 1455 3867 Germano.

234 3871 374 3930 Fandctao
386 3876 534 3945 prioratus
550 3871 584 3929 dc
599 3871 787 3930 landecortrt.
1002 3899 1166 3958 Sioehfflu,
1180 3900 1215 3956 de
1232 3899 1362 3956 palmo·

372 3978 463 4049 (cmm
476 3993 577 4034 imnum
592 3978 685 4051 ¹¹⁰⁰»)
1000 3989 1184 4046 Theodericus
1199 3989 1234 4045 de
1246 3988 1348 4046 Jorcei.

261 4087 340 4161 [liom
357 4087 481 4152 Cannar,
499 4084 583 4152 ibid..
601 4085 657 4142 col.
683 4086 764 4160 bid]
1002 4078 1154 4136 llichardus
1169 4080 1204 4136 de
1214 4077 1344 4153 Episcopi
1356 4077 1462 4136 villare.

146 4196 207 4265 ligo
222 4196 287 4251 Puto
302 4193 392 4268 gratia
406 4192 466 4256 liei,
487 4191 624 4248 i’ulleusis
638 4193 770 4250 Ecclesia
788 4193 914 4251 minister
1322 4220 1401 4276 xm,

109 4285 248 4357 indiguus.
265 4283 392 4338 omuibus
405 4288 507 4338 sauctae
521 4281 616 4337 matris
630 4282 756 4339 ecclesiae
769 4281 833 4338 titiis
857 4291 913 4340 tam
967 4317 1072 4377 cham
1081 4317 1195 4377 pum&
1214 4319 1337 4392 episcopi
1353 4317 1494 4375 sunem
1509 4315 1542 4372 de
1557 4310 1771 4372 commum,

110 4371 292 4445 praesentibus
315 4386 400 4444 quam
424 4368 531 4438 tuturis,
550 4370 664 4426 salutem
683 4371 712 4426 in
720 4371 827 4428 Christo
844 4388 907 4445 per·
1323 4425 1329 4439 .

111 4470 229 4535 petuam.
925 4458 951 4519 D
1229 4424 1502 4482 eccteunteturto.

145 4551 282 4610 Omnibus
296 4550 323 4605 in
338 4548 420 4605 domo
435 4546 484 4604 nei
505 4547 646 4621 pastorale
674 4547 791 4606 officium
820 4551 911 4609 admi-
1276 4534 1367 4604 (⁸⁰⁰⁰
1387 4530 1468 4603 1101)

110 4648 297 4718 nistrautibus,
314 4649 341 4705 in
355 4646 544 4705 construendis
558 4646 680 4704 basilicis
694 4654 722 4703 et
736 4662 832 4705 esrum
847 4665 909 4706 am·
1175 4638 1266 4713 [dati.
1284 4640 1389 4697 Christ.
1404 4638 1479 4705 xlll,
1497 4634 1573 4709 tati

111 4751 229 4825 pliandia
256 4757 283 4806 et
311 4746 508 4806 conservandis
541 4745 624 4801 rebus
651 4746 791 4819 praecipua
821 4748 911 4807 inesse
998 4747 1160 4804 lnuomine
1175 4754 1277 4803 sanctae
1301 4754 1326 4803 et
1341 4745 1489 4802 individuas
1506 4741 1659 4808 Trinitatis,
1684 4736 1773 4802 Patris

110 4842 194 4899 debet
208 4838 348 4907 sedulitas,
365 4845 392 4893 et
406 4836 429 4891 si
444 4835 504 4908 quis
520 4833 648 4891 laicorum
663 4837 761 4892 eodem
776 4838 912 4894 exarserit
965 4843 992 4892 et
1006 4834 1078 4903 Filii,
1092 4844 1120 4891 et
1133 4835 1250 4907 Spiritus
1270 4835 1365 4903 sancti,
1382 4835 1509 4891 omnibus
1524 4833 1692 4890 ctiristianae
1706 4833 1770 4892 lidei

111 4930 258 5000 desiderio,
274 4943 368 4986 eorum
377 4926 458 4984 debet
468 4925 570 4998 ubique
585 4924 672 4981 fulciri
687 4925 800 4984 auxilio.
810 4927 912 4984 Notum
964 4934 1124 5005 cultoribus,
1143 4936 1207 4992 Pmo
1223 4934 1311 5008 gratia
1338 4934 1386 4991 Dei
1401 4934 1537 4990 Tullensis
1551 4932 1688 4990 Eeclesiae
1711 4934 1772 5007 epi·

111 5030 205 5100 itaque
231 5036 331 5083 restrae
360 5025 388 5079 iu
412 5022 521 5081 Christo
551 5021 716 5079 fraternitati
727 5021 853 5093 tacimus,
884 5032 911 5082 et
966 5040 1075 5096 scopus.
1092 5025 1119 5080 in
1134 5024 1243 5081 viuculo
1258 5025 1333 5098 pacis
1348 5024 1429 5091 uniri,
1444 5031 1474 5079 ut
1487 5022 1593 5095 possint
1608 5023 1718 5082 christo
1733 5023 1774 5078 in·

113 5116 235 5176 omnium
248 5122 368 5172 vestrum
387 5114 523 5169 memorius
538 5112 708 5179 mandamus,
733 5113 805 5186 quod
819 5113 913 5170 dorni-
969 5114 1121 5186 corporari.
1142 5114 1329 5185 Supernorum
1343 5113 1444 5170 civium
1472 5112 1602 5176 societas,
1618 5118 1687 5184 quot
1714 5112 1774 5186 qui-

112 5231 165 5273 nus
179 5212 338 5268 bencelinus
351 5217 446 5268 noster
459 5210 638 5268 charissimus
661 5210 767 5267 amicus
793 5211 910 5270 leroso-
968 5202 1075 5276 busque
1088 5202 1329 5259 commoditatibus
1344 5201 1475 5259 exuberet
1489 5200 1601 5255 humani
1617 5201 1722 5273 ingenii
1735 5202 1774 5257 ia·

112 5314 187 5386 lgma
198 5308 315 5377 rediens,
331 5308 469 5364 adomim
483 5308 608 5365 Paschali
619 5325 688 5381 papa
703 5308 911 5368 1jberrarem0u.
966 5293 1052 5349 cultas
1068 5292 1194 5350 evolvere
1221 5292 1343 5365 gestiens
1367 5289 1532 5356 succumbit,
1556 5303 1620 5345 curn
1641 5289 1774 5363 scriptum

110 5400 225 5476 jusdam
238 5396 361 5455 ecclesias
375 5396 432 5452 suis
450 5397 577 5468 precibus
604 5399 798 5470 impetraverit,
828 5415 911 5473 quam
966 5387 995 5444 fii
1013 5404 1019 5443 ῑ
1036 5390 1068 5444 m
1084 5407 1132 5448 mr
1153 5390 1276 5447 domimi
1295 5406 1353 5445 ἤθη
1372 5386 1501 5446 “memmi
1523 5403 1585 5458 mm
1600 5388 1775 5463 mmmmm?

111 5491 158 5548 illo
173 5488 219 5544 die
234 5486 353 5542 nondum
366 5493 562 5554 construxerat,
579 5487 628 5541 sed
643 5486 670 5541 in
685 5488 776 5545 animo
797 5488 910 5558 jamdu-
964 5478 1037 5535 ΒΜ
1057 5478 1242 5550 &flitmum
1270 5494 1309 5550 *θ’
1332 5478 1366 5533 fid
1390 5475 1623 5551 (mmmmm
1638 5478 1774 5550 ‘mim

110 5581 176 5638 dum
197 5575 333 5634 aediltcare
360 5574 572 5630 deliberaverat.
606 5574 741 5632 Reversus
770 5587 861 5634 autem
876 5580 909 5635 ad
964 5576 1094 5635 virtutum
1108 5577 1244 5635 deuotioni
1260 5576 1379 5633 fidelium
1401 5574 1489 5633 iacilis
1504 5580 1579 5646 patet
1596 5588 1775 5650 progressus,

111 5667 233 5744 propria,
251 5673 277 5723 et
290 5680 398 5739 prospe-1
406 5662 429 5718 is
449 5671 527 5719 utens
544 5663 727 5733 successibus,
743 5667 909 5724 desiderium
963 5666 1075 5723 veritate
1083 5674 1224 5723 attestante
1234 5667 1357 5739 quaeait:
1374 5668 1476 5739 tragum
1490 5666 1568 5722 enim
1578 5680 1677 5722 msam
1687 5682 1775 5725 moa

111 5774 165 5831 quo
180 5755 285 5818 calebat
294 5755 376 5826 intus,
392 5751 509 5814 exterius
523 5753 637 5827 apemit,
653 5752 788 5815 adificare
802 5757 909 5817 scilicet
963 5757 1043 5814 estet
1054 5771 1126 5815 onus
1142 5772 1238 5815 msam
1253 5755 1327 5825 tera·
1355 5754 1404 5815 sed
1418 5751 1559 5813 charitatis
1572 5752 1672 5825 rinus,
1689 5757 1770 5827 calna
