3780 6038
175 221 245 276 {⁰83
749 215 903 272 vannum
921 214 1065 273 Abantis
1084 215 1113 271 S.
1134 212 1247 270 euasit
1774 209 1834 264 itm

175 351 283 399 mantes
294 342 322 398 in
335 357 367 398 eo
383 357 462 413 opus,
478 341 522 397 dei
537 357 588 413 pro
620 341 695 397 malo
721 339 818 410 ipsius.
850 339 970 394 Primum
982 338 1075 410 Abos
1103 335 1266 392 subintravit
1293 335 1447 409 ignorantia
1473 351 1565 393 rerum
1595 332 1780 408 agendarum
1813 340 1837 389 et

175 457 241 497 sane
257 440 367 506 malum,
383 440 411 495 id
435 448 476 496 ast
498 440 583 511 prima
606 438 722 510 privatio
746 437 809 493 boni
834 436 975 492 rationalis
1031 433 1250 505 concupiscentia
1273 433 1425 503 noxiarum,
1450 434 1550 504 quibus
1573 432 1700 489 comites
1725 430 1837 486 subinte-

175 538 292 595 natnrae,
309 537 429 585 etcausa
445 529 580 584 malorum
604 527 652 583 luit
682 527 809 582 voluutas
837 525 976 579 mutabilis
1030 532 1126 579 runtur
1140 539 1220 578 error
1232 531 1259 577 et
1275 522 1364 577 dolor.
1381 524 1448 593 Quae
1463 524 1517 578 duo
1533 521 1619 588 male,
1645 520 1766 592 quando
1789 519 1836 574 im-

177 619 251 683 boni,
268 618 302 673 ab
317 619 478 673 immutabili
494 618 565 674 bono
578 616 718 673 delicians.
736 617 820 671 Porro
837 614 975 670 malaevo-
1031 612 1160 668 minentia
1174 611 1337 676 sentiuntur,
1353 626 1384 667 ea
1400 610 1540 682 fugitantis
1554 609 1644 666 animi
1675 614 1772 663 motus
1793 624 1838 662 vo-

177 714 287 771 luntatis
301 715 407 770 initium
422 731 476 770 non
499 717 586 786 potuit
613 730 675 769 esse
703 713 754 768 nisi
781 711 918 782 superbia,
948 711 977 766 id
1029 718 1218 769 esturmetus.
1236 711 1322 766 Porro
1338 726 1399 767 oum
1426 709 1591 782 adipiscitur
1620 707 1721 764 avaris
1749 723 1838 763 conen

178 812 221 860 est
235 819 313 859 amor
328 805 449 876 propriae
463 805 640 861 exoellentiae.
655 827 666 851 α
679 802 786 856 Initium
797 801 868 856 enim
887 800 977 856 omnis
1031 800 1174 871 piscantia,
1190 799 1281 854 laetitia
1306 799 1466 854 ventilatur.
1486 800 1531 855 Ex
1544 799 1588 854 bis
1604 797 1774 853 morborum
1783 796 1837 851 lon·

177 903 284 975 peccati
297 903 422 975 superbia
432 904 529 974 (Docti.
548 903 588 973 x).
610 923 621 953 ι
638 900 745 956 Deinde
760 899 840 955 etiam
855 897 975 955 nolenti·
1029 897 1103 953 tibus
1116 897 1206 952 omnis
1219 897 1333 953 miseria
1348 905 1470 953 emanat.

720 1224 1028 1330 DOMINICA
1092 1223 1290 1328 NONA.

817 1442 1014 1507 Secundum
1028 1442 1168 1507 Lucam.

218 1657 229 1683 s
246 1635 334 1689 Homo
348 1632 460 1705 quidam
475 1641 530 1689 erat
545 1632 632 1697 dives,
647 1629 692 1704 qui
707 1630 826 1687 babebat
848 1629 976 1684 villicum.
991 1629 1019 1690 B
1032 1628 1147 1696 voverit,
1163 1635 1239 1686 certa
1254 1627 1449 1684 misericordiae
1462 1643 1521 1684 sua
1535 1627 1671 1683 mercede
1698 1624 1833 1682 donandas

181 1721 425 1780 llthiodillamatus
431 1730 472 1778 est
481 1723 550 1792 apud
562 1723 636 1777 illum
646 1721 725 1793 quasi
733 1720 894 1791 dissipasset
905 1720 977 1773 bona
1031 1718 1075 1773 sit.
1095 1717 1142 1773 Vel
1155 1718 1195 1773 sio
1210 1716 1370 1788 accipiatur,
1385 1724 1415 1770 ttt
1429 1731 1489 1772 cum
1503 1716 1593 1772 Judaei
1608 1715 1740 1771 decimas
1753 1714 1833 1771 dicant

180 1812 277 1884 ipsius,
288 1835 300 1861 a
310 1820 363 1867 etc.
375 1814 451 1879 (Luc.
464 1814 531 1880 avr.)
542 1812 621 1866 Nunc
630 1810 665 1865 ad
676 1825 776 1865 avaros
787 1808 977 1880 superbosque
1030 1806 1134 1862 debere
1149 1806 1206 1861 dari
1218 1805 1411 1863 sacerdotibus
1425 1814 1451 1860 et
1463 1804 1564 1871 levitis,
1581 1820 1636 1860 nos
1651 1820 1741 1874 super
1759 1803 1832 1872 justi·

181 1901 352 1967 Pharisaeos3
369 1917 441 1957 nuuc
455 1901 491 1956 ad
505 1899 653 1970 discipulos
667 1899 721 1954 illis
741 1897 914 1953 audientibus
933 1896 977 1950 lo·
1030 1896 1094 1950 tiam
1111 1910 1207 1951 eorum
1221 1895 1395 1950 abundantes
1405 1894 1507 1963 justitia
1531 1893 1637 1950 Christi
1665 1892 1768 1948 demus
1789 1908 1834 1946 me

181 1991 273 2062 quitur
291 1989 433 2057 Dominus,
463 1997 492 2045 ut
519 1989 694 2060 resipiscant.
730 1987 842 2043 villicus
870 1984 978 2056 proprie
1031 1993 1160 2049 dietatem
1175 1994 1319 2057 bonorum,
1336 1990 1670 2047 sicutetZachaeusiecit
1685 1990 1833 2047 noneolnn

181 2082 351 2152 gubernator
364 2085 391 2135 et
405 2086 500 2134 custos
515 2078 585 2133 villae
600 2085 651 2133 est.
667 2076 744 2133 Unde
760 2084 785 2131 et
800 2092 817 2131 a
840 2074 903 2129 villa
924 2090 978 2129 no·
1032 2084 1066 2138 de
1076 2082 1217 2149 fructibus,
1229 2083 1279 2137 sed
1289 2090 1316 2137 ee
1334 2082 1369 2138 da
1391 2080 1516 2137 omnibus
1527 2081 1609 2136 bonis
1623 2081 1695 2136 uuis,
1707 2082 1834 2135 Anisena

182 2169 256 2225 mine
270 2168 386 2240 aceepit.
406 2168 456 2224 llio
471 2183 535 2223 vero
564 2167 673 2237 ponitur
696 2181 746 2237 pro
771 2178 924 2228 oeconomo,
950 2161 978 2216 id

181 2266 224 2314 est
238 2257 436 2328 dispensatore,
453 2256 499 2327 qul
509 2254 611 2311 scilicet
625 2255 782 2309 universam
798 2253 908 2308 domurn
919 2250 978 2304 dis-

183 2355 290 2417 pensat.
307 2345 480 2401 OEconomns
494 2343 566 2398 enim
591 2352 646 2397 tam
672 2343 795 2414 pecuniae
818 2356 900 2415 quam
920 2341 977 2394 tru-

183 2450 250 2505 gum
265 2441 292 2489 et
306 2433 437 2495 omnium.
451 2449 512 2504 quse
536 2431 660 2487 dominus
685 2431 815 2500 possidet,
837 2431 979 2501 dispensa-

1032 2171 1204 2242 dnplicemus
1218 2171 1325 2226 illorum
1342 2170 1463 2225 decimas
1480 2169 1614 2225 Eoclesiae
1644 2169 1744 2225 dando
1767 2169 1834 2241 qnin-

1032 2266 1119 2315 tos.·
1150 2261 1185 2316 Et
1212 2259 1333 2315 laudavit
1358 2259 1492 2314 Dominus
1522 2258 1648 2314 villicum
1677 2258 1832 2330 iniquitatis,

1034 2358 1098 2429 quia
1111 2359 1263 2428 prudenter
1279 2357 1400 2421 lecisset,
1417 2354 1481 2427 qnia
1495 2354 1543 2411 liiii
1557 2357 1641 2425 hujus
1656 2354 1757 2411 seculi
1774 2371 1833 2426 pra-

1033 2448 1172 2504 dentiores
1189 2454 1253 2501 suut
1267 2444 1331 2500 liliis
1345 2446 1415 2501 lucis
1428 2446 1454 2499 in
1470 2445 1657 2516 generatione
1672 2461 1741 2499 sua.
1758 2467 1770 2493 ι
1785 2442 1834 2499 Cu-

183 2529 270 2579 ²⁰s²ffl
285 2519 431 2592 Siiissififfil·
452 2520 563 2576 villicus
579 2535 647 2592 0¹20
659 2528 698 2575 0⁸¹
713 2519 756 2575 ⁰¹¹³
778 2521 851 2573 9⁰⁰⁵
874 2518 979 2591 ali(luas
1031 2538 1077 2607 ius
1092 2537 1207 2607 quisque
1222 2550 1308 2605 opera
1323 2534 1385 2590 lacit
1399 2534 1459 2603 ejus
1475 2542 1502 2588 et
1521 2533 1595 2588 lilius
1620 2533 1740 2589 dieitur.
1766 2532 1835 2589 Unde

182 2620 314 2693 pecunias
328 2621 363 2675 ad
383 2620 550 2691 erogandum
576 2618 723 2674 commisit·
756 2617 877 2687 Dissipat
896 2618 981 2691 initur
1034 2634 1061 2681 et
1075 2625 1138 2681 boni
1153 2634 1216 2679 sun
1230 2623 1277 2678 titii
1291 2623 1359 2679 tucis
1374 2630 1484 2679 uterne
1496 2641 1503 2688 ;
1516 2622 1580 2677 matt
1591 2638 1663 2678 vero
1671 2621 1725 2678 fitti
1736 2622 1834 2686 menti,

182 2725 243 2766 ΜΠ]
259 2708 328 2765 '¹¹³¹‘
343 2708 741 2781 ⁰⁰¹¹Ufess³²2V⁰¹1l¹¹⁸f¹d⁰⁰⁰¹¹
755 2707 975 2776 beniellefldl‘·
1033 2724 1060 2780 id
1075 2731 1116 2778 eat
1129 2723 1313 2778 tenebrarum.
1330 2723 1371 2777 De
1387 2721 1487 2793 quibus
1502 2720 1634 2777 Salomon
1652 2718 1766 2793 [lanias]
1781 2719 1835 2774 ait:

184 2822 195 2847 ‘¹
213 2800 245 2855 ΕΙ
261 2798 370 2855 ”wil
384 2798 471 2865 illum,
488 2807 515 2853 ⁰¹
530 2797 566 2852 ²5¹
587 2797 626 2851 iffi
643 2814 649 2851 ²
672 2797 743 2866 Quid
766 2797 818 2851 ¹¹⁰⁰
841 2795 922 2851 ⁸⁰di⁰
946 2796 980 2852 ‘¹0
1036 2836 1048 2862 s
1067 2815 1113 2868 Vae
1128 2812 1173 2883 qui
1189 2811 1326 2882 sapientes
1342 2810 1409 2865 estis
1421 2810 1449 2864 in
1464 2808 1550 2866 oeulis
1565 2809 1678 2873 vestris,
1697 2817 1727 2864 et
1749 2822 1837 2864 coram

183 2888 345 2945 tellledde
368 2889 502 2943 rationem
528 2886 704 2942 villicationis
728 2895 787 2940 tune.
819 2887 879 2939 lam
908 2885 980 2940 enim
1034 2900 1238 2970 p0ntsmetipsis
1253 2900 1402 2970 prudentes
1417 2899 1496 2968 (laci.
1518 2897 1555 2969 v).
1574 2921 1586 2945 ι
1603 2899 1637 2953 ln
1651 2899 1709 2955 boo
1733 2897 1838 2968 dispen

183 2992 237 3033 110ss
253 2976 357 3048 pomis
368 2975 499 3032 villicare.
520 2998 530 3023 ἢ
550 2976 633 3031 vocal
655 2975 728 3030 Deus
751 2974 860 3046 quando
884 2973 978 3028 ilicum
994 2990 1019 3053 C
1034 3000 1126 3047 more
1140 3006 1195 3045 nun
1210 2989 1341 3043 debemus
1354 2989 1388 3043 qd
1404 2987 1568 3042 imitandum
1582 3003 1712 3055 sumere,
1743 2995 1773 3041 ut
1799 2983 1837 3040 χά

183 3067 310 3122 ‘imm
323 3063 640 3121 aelefflaedflmnffifflflss·
666 3063 768 3119 Reddst
792 3062 874 3119 ΜΟ
898 3063 981 3117 smil·
1033 3081 1144 3136 donnino
1165 3078 1288 3133 fraudem
1304 3076 1504 3132 veldeiraude
1521 3076 1739 3148 eleemosynam
1767 3073 1838 3131 laoit·

183 3172 257 3223 nem,
275 3156 307 3226 si,
323 3154 446 3227 cogitans
462 3153 652 3210 villicationem
667 3168 727 3208 cnut
743 3151 795 3207 ista
811 3152 864 3207 vita
887 3150 982 3206 linien·
1033 3194 1106 3243 mus,
1124 3177 1175 3232 sed
1189 3175 1326 3231 interdum
1341 3173 1533 3230 similitudines
1556 3175 1721 3230 wonmpjo
1748 3175 1841 3233 gum.

184 3254 256 3319 Μ·
272 3254 361 3327 magis
376 3251 708 3324 de³⁰¹·l1151'00‘fi3‘'miliis
723 3266 803 3323 <lum
815 3251 849 3305 1¹0
860 3265 981 3322 ⁰0⁰Us0·
1033 3272 1088 3321 tur.
1104 3266 1137 3322 Ut
1152 3264 1197 3320 hio
1212 3272 1237 3319 et
1252 3265 1286 3320 de
1297 3263 1390 3333 judice
1405 3262 1498 3333 iuiquo
1514 3279 1521 3316 ε
1539 3262 1614 3317 unde
1628 3263 1722 3321 Lucas
1736 3264 1764 3320 in
1776 3276 1839 3319 xant

183 3343 281 3416 bandis
296 3342 397 3398 dlliffis
413 3350 521 3398 ῑῐἫθῑθῑ·
1033 3354 1162 3424 capitulo.
1175 3353 1203 3407 Si
1219 3368 1286 3422 ergo
1300 3352 1433 3407 Dominus
1448 3350 1628 3422 dispendium
1659 3368 1765 3423 passus
1791 3360 1838 3407 tan·

223 3474 233 3497 ι
251 3450 295 3505 Ait
309 3456 399 3504 autern
416 3449 521 3504 villicus
536 3449 604 3503 intra
626 3463 677 3504 se:
704 3447 775 3518 Quid
798 3447 895 3503 faciam
919 3446 983 3517 quia
1034 3451 1091 3498 tum
1107 3443 1199 3498 laudat
1215 3442 1386 3512 prudentiam
1400 3440 1611 3511 dispensatoris,
1628 3457 1688 3497 non
1703 3442 1780 3515 qnod
1799 3440 1838 3497 ad

184 3536 313 3593 dominus
326 3554 403 3592 meus
419 3537 508 3593 aulert
529 3554 544 3592 a
566 3553 610 3593 me
634 3537 825 3594 villicationem
841 3539 855 3591 ‘l
879 3537 982 3592 Fodere
1035 3557 1132 3597 versus
1147 3556 1209 3595 eum
1226 3539 1421 3603 fraudulenter,
1438 3537 1488 3593 sed
1502 3554 1552 3609 pro
1568 3554 1599 3593 se
1611 3539 1768 3610 prudenter
1784 3555 1839 3611 ege

185 3642 241 3683 non
254 3627 346 3691 valeo.
364 3626 524 3681 mendicate
539 3627 683 3681 erube-500·
703 3626 765 3681 Scio
792 3625 856 3697 quid
883 3624 982 3680 faciam
1035 3630 1081 3695 rit,
1098 3629 1182 3683 turrito
1202 3627 1293 3699 magis
1310 3627 1444 3695 Christus,
1461 3626 1628 3698 quinalium
1644 3629 1786 3685 sustinere
1798 3643 1838 3699 po·

185 3722 223 3782 ut,
243 3730 305 3770 aum
320 3722 426 3769 amotus
441 3714 550 3769 iueroa
579 3714 757 3780 villicatione,
785 3714 914 3785 recipiant
939 3730 983 3769 me

182 3802 209 3859 iu
226 3803 325 3859 domos
340 3819 415 3859 suas.
434 3827 445 3853 a
462 3802 557 3858 Ablata
571 3803 736 3859 villicatione
753 3804 846 3858 ledere
864 3818 917 3857 non
933 3819 983 3857 ra-

80 3918 83 3923 ·
185 3891 284 3960 lamus,
301 3892 346 3967 qui
362 3901 422 3964 post
441 3893 512 3948 hano
528 3892 608 3947 vitam
629 3906 683 3948 uon
708 3891 769 3947 linet
786 3892 865 3947 nobis
892 3891 984 3963 inqui-

185 3990 375 4047 rereiruotum
406 3992 483 4046 bonae
510 3989 730 4045 conversationis
757 3989 851 4061 ligone
879 3989 985 4043 devotae

185 4079 416 4152 compunctionis.
436 4078 590 4135 blendicere
606 4077 774 4134 contusionis
789 4086 839 4144 est,
856 4093 889 4133 eo
903 4077 985 4133 modo

185 4185 241 4241 quo
254 4167 336 4225 latuae
350 4169 470 4241 virgines
485 4167 688 4224 mendicabunt.
701 4168 804 4223 Domus
818 4175 984 4230 sanctornm,

186 4258 285 4330 quibus
310 4266 434 4330 tempore
464 4258 544 4326 hujus
572 4256 744 4313 villicationis
771 4255 985 4312 misericordiam

1037 3725 1097 3785 test,
1116 3726 1143 3774 et
1158 3732 1261 3788 pronus
1277 3724 1317 3772 eat
1332 3716 1367 3771 ad
1383 3715 1565 3784 clementiam,
1582 3714 1715 3772 laudabit
1728 3717 1838 3789 discipu

1036 3806 1088 3872 los,
1106 3806 1129 3860 si
1156 3806 1192 3861 ad
1219 3807 1280 3875 ejus
1309 3813 1475 3876 praeceptum
1505 3804 1706 3862 misericordes
1735 3805 1835 3862 luerint.

1037 3905 1115 3963 Unde
1128 3904 1273 3976 sequitur:
1293 3926 1304 3952 s
1323 3904 1353 3957 Et
1367 3920 1420 3975 ego
1434 3902 1513 3958 vobis
1527 3902 1589 3958 dieo
1606 3920 1615 3958 :
1643 3903 1741 3961 Facite
1768 3902 1836 3959 vobit

1037 3996 1140 4050 anticos
1154 3995 1189 4049 de
1204 4008 1358 4048 trrammona
1374 3992 1534 4064 iniquitatis,
1552 4000 1580 4046 ut
1595 4008 1660 4048 cum
1687 3991 1836 4049 defeceritis

1038 4084 1172 4155 recipiant
1187 4099 1236 4139 vos
1259 4083 1285 4137 in
1313 4091 1414 4137 aeterna
1443 4080 1657 4138 tabernacula·
1690 4082 1837 4137 nannum

1040 4174 1172 4245 Syrorum
1187 4172 1279 4245 lingua
1293 4171 1396 4226 divitie
1424 4181 1608 4241 nuncupatur,
1636 4177 1664 4225 et
1693 4171 1836 4243 iniquitatis

1039 4269 1159 4326 additum
1171 4276 1221 4334 est,
1234 4267 1305 4338 quod
1317 4267 1351 4321 de
1362 4266 1503 4338 iniquitate
1518 4265 1642 4321 collecta
1657 4274 1739 4321 suut.
1764 4264 1837 4321 Unde

185 4346 384 4417 impendimus,
399 4348 525 4403 wll-'⁸¹0⁵
540 4345 696 4402 ⁰¹²¹¹⁸i⁰¹¹0⁸
711 4355 772 4400 ⁵⁰⁰¹
788 4345 814 4400 in
834 4350 914 4401 ‘¹⁰ffl0
940 4344 1025 4416 pa'D
1042 4360 1150 4430 vulgata
1164 4357 1297 4412 sententia
1311 4356 1408 4412 dicitur
1424 4371 1430 4411 :
1449 4354 1518 4424 Quia
1539 4353 1618 4410 dives
1646 4364 1697 4410 aut
1727 4359 1770 4411 est
1794 4353 1838 4410 itti-

186 4435 249 4490 tris.

226 4532 417 4589 ·Convooetis
431 4533 524 4606 itaque
547 4535 665 4607 singulis
689 4532 858 4588 debitoribus
882 4531 985 4587 domini

187 4621 240 4692 sui,
257 4621 364 4677 dicebat
378 4623 465 4694 primo
483 4623 642 4692 :Quiantum
655 4622 741 4677 debes
759 4620 870 4677 domino
898 4625 986 4677 meo!

187 4712 225 4767 At
239 4709 284 4767 ille
299 4710 366 4766 dixit
381 4727 388 4766 :
405 4711 518 4767 Centum
534 4712 618 4768 cados
632 4712 695 4767 olei.
711 4711 838 4782 Dixitque
852 4710 890 4764 illi
907 4728 913 4765 :
930 4714 986 4766 do-

187 4800 250 4872 cipe
279 4800 433 4856 cantionem
461 4809 546 4866 tuam,
577 4808 604 4855 et
642 4798 733 4855 scribe
769 4798 980 4871 quinquaginta.

184 4889 289 4946 Deinde
304 4890 350 4945 alii
365 4889 434 4945 dixit
450 4904 457 4943 τ
471 4890 512 4944 Tu
526 4905 591 4946 vero
605 4897 731 4961 quantum
748 4888 859 4944 debes?
872 4887 985 4943 Centum

187 4993 269 5036 coros
283 4979 375 5036 tritici.
391 4980 438 5034 Ait
453 4979 490 5034 illi
507 4996 513 5036 :
530 4980 631 5050 Accipe
642 4979 745 5033 litteras
760 4986 829 5039 tuas.
851 4987 877 5032 et
895 4977 984 5032 scribe

187 5069 333 5138 octoginta.
353 5089 365 5120 s
383 5069 484 5141 Accipe
493 5068 605 5135 litteras,
623 5067 752 5123 subaudis
765 5067 792 5121 in
812 5066 910 5138 quibus
933 5066 981 5121 de·

188 5156 274 5211 bitum
285 5157 543 5229 scripserascautio
551 5165 594 5213 est
604 5157 903 5229 undecunqueoavetur
915 5170 985 5211 con-

187 5260 229 5308 tn
241 5253 368 5323 injuriam
380 5263 408 5310 ut
414 5256 517 5325 justitia
527 5264 661 5312 teneatur.
671 5256 762 5312 Cados
771 5246 873 5328 [κάδος]
889 5255 985 5312 Graeoe

188 5353 320 5423 amphora
328 5363 368 5409 est
379 5356 524 5412 continens
533 5372 617 5413 umas
628 5364 694 5421 tres;
711 5356 800 5411 Coros
813 5344 911 5430 [κόρος]
918 5371 985 5411 vero

188 5440 287 5495 modiis
298 5441 578 5516 trigintacompletur.
590 5446 667 5515 Quod
680 5453 770 5501 atatem
780 5445 827 5501 uni
842 5444 985 5510 medietas,

188 5527 267 5585 alteri
282 5529 375 5599 quinta
388 5546 453 5600 pars
466 5532 609 5588 dimittitur
619 5534 779 5605 simpliciter
785 5540 926 5604 accepturu
937 5533 986 5588 do·

186 5626 238 5687 cet,
255 5618 317 5692 quia
333 5619 423 5674 omnis
438 5620 482 5693 qni
498 5620 677 5694 indigentiam
691 5623 835 5693 cujuslibet
858 5622 985 5694 pauperis

170 5720 333 5770 numerum
350 5710 394 5771 vel
407 5728 442 5772 ex
456 5711 573 5772 dimidia
583 5713 628 5773 vel
642 5730 677 5775 ex
693 5714 791 5791 quinta
812 5721 893 5787 parte
914 5711 993 5770 rale-

1039 4464 1117 4521 quus,
1133 4455 1178 4501 aut
1193 4446 1281 4500 beares
1295 4445 1393 4516 iniqui.
1412 4444 1498 4500 Docet
1512 4459 1581 4514 ergo
1596 4443 1632 4498 de
1656 4443 1766 4499 divitiis
1785 4443 1835 4498 ini·

1040 4535 1149 4609 quitatis
1163 4534 1265 4590 amicos
1279 4532 1380 4599 iacere,
1397 4548 1452 4588 non
1467 4531 1605 4604 quoslibet
1621 4548 1769 4603 pauperes,
1793 4529 1837 4587 sed

1040 4651 1088 4690 eos
1104 4633 1150 4706 qui
1164 4648 1214 4687 nos
1227 4640 1338 4701 possent
1353 4631 1475 4702 recipere
1490 4630 1516 4684 in
1531 4629 1661 4687 ooelestes
1671 4629 1836 4686 mansiones.

1040 4723 1089 4779 Vel
1106 4722 1161 4777 ita:
1179 4720 1321 4776 Faciamus
1341 4719 1445 4775 amieos
1458 4719 1492 4774 de
1506 4716 1599 4788 iniqua
1623 4734 1792 4786 mammona,
1812 4724 1837 4772 nt

1039 4811 1182 4885 largiendo
1197 4809 1362 4882 pauperibus
1381 4808 1541 4882 angelorum
1558 4808 1638 4863 nobis
1666 4817 1837 4865 caeterornru

1039 4907 1261 4975 quesanctorum
1276 4899 1392 4971 gratiam
1406 4900 1612 4968 comparemus.
1641 4898 1710 4954 llaec
1732 4896 1837 4971 quidem

1038 4986 1433 5059 maleintelligendorapiunt,
1461 4993 1492 5042 ut
1518 4985 1598 5057 quasi
1629 4985 1703 5042 bene
1732 4986 1837 5057 dispen

1039 5095 1110 5154 sent,
1125 5087 1174 5143 sed
1186 5094 1332 5159 gravantur
1344 5084 1435 5157 potius
1450 5100 1531 5157 quam
1546 5083 1838 5154 adnominationis

1039 5178 1110 5233 enim
1127 5174 1269 5246 impiorum
1285 5174 1491 5229 abominabiles.
1509 5173 1578 5228 lliuc
1592 5180 1622 5229 et
1643 5189 1696 5245 per
1722 5174 1837 5231 salone

1039 5282 1102 5323 nem
1117 5265 1216 5321 dicitur
1232 5279 1238 5319 :
1257 5284 1267 5309 ·
1286 5260 1337 5331 Qui
1353 5261 1432 5318 offert
1453 5260 1619 5319 sacrificinm
1643 5261 1679 5319 de
1709 5262 1836 5336 snperbia

1039 5354 1179 5428 pauperis,
1196 5366 1228 5408 ec
1242 5351 1264 5408 si
1279 5351 1400 5408 victimet
1413 5349 1497 5406 filium
1521 5350 1550 5406 in
1574 5359 1729 5423 conspeetu
1757 5350 1835 5425 patris

1040 5445 1140 5517 (Decii.
1156 5442 1261 5511 xxxiv).
1275 5472 1297 5481 -
1332 5441 1385 5510 Qui
1404 5439 1493 5495 fidelis
1512 5446 1554 5495 eat
1572 5439 1600 5494 in
1621 5438 1750 5508 minimo,
1772 5439 1834 5497 etin

1039 5532 1138 5604 maiori
1156 5530 1243 5586 fidelia
1257 5538 1308 5585 est.
1326 5531 1359 5584 Et
1373 5531 1420 5603 qui
1434 5530 1461 5584 in
1476 5527 1584 5586 modico
1606 5528 1732 5602 iniquus,
1762 5536 1791 5586 et
1808 5528 1834 5583 in

1039 5622 1138 5693 majori
1151 5619 1263 5693 iniquus
1277 5627 1329 5674 est.
1347 5643 1359 5668 ι
1372 5621 1402 5675 [ιι
1417 5619 1528 5675 minimo
1538 5626 1581 5674 est
1595 5615 1688 5676 tidelis
1701 5616 1835 5692 quilebet

1046 5712 1160 5769 viations
1166 5708 1284 5781 §loteba
1294 5716 1418 5777 etopera
1424 5707 1631 5775 misericodia.
1651 5708 1751 5767 dendo
1768 5706 1834 5767 dot·
