3780 6038
109 203 178 259 tati
572 198 605 255 S.
629 195 779 253 nonsart
798 193 880 252 olto.
902 192 1061 251 etstn‘ttc.
1087 194 1310 253 lt'b'bnTOItts
1718 189 1768 248 test

111 335 155 383 tas
169 340 261 399 perse
276 322 329 379 sibi
344 321 481 379 sufficiens
502 330 528 379 et
548 322 661 388 decore,
683 320 744 377 loco
759 320 907 376 verborum
922 320 950 383 Α
964 320 1036 393 pulis
1055 328 1200 377 eructaret.
1218 321 1270 390 Qui
1296 336 1358 378 euna
1388 326 1468 375 esset
1498 330 1651 372 annorum
1673 314 1770 384 quiade

112 431 168 472 non
183 413 288 485 appetit
302 412 434 478 colorari,
454 428 544 484 neque
564 410 714 466 meretricis
735 409 843 464 lezabel
858 409 909 463 sti·
963 410 1182 475 cim,mundana
1208 411 1297 466 vitans
1325 408 1474 481 contagia.
1509 404 1772 462 totnmsedecrevit

110 504 156 559 bio
169 502 293 575 depingi.
320 501 445 574 Denique
466 502 610 556 Ductorem
622 499 755 571 gentium,
768 497 910 569 ipsiusque
963 501 1080 557 Domino
1094 504 1310 556 consecrandum
1322 519 1329 563 ;
1346 499 1425 554 unde
1440 498 1551 552 liorem
1563 492 1771 567 gratissimaejn·

110 599 241 658 Veritatis
270 599 433 671 discipulum
464 598 575 653 audiant
598 597 746 661 dicentem,
776 595 840 667 qnia
863 611 910 651 re·
964 594 1440 665 uentutisDominooilerens,apud
1466 594 1498 649 S.
1529 593 1656 646 Petrum
1667 590 1701 645 de
1715 590 1771 645 Cella

110 705 196 761 gnum
211 686 262 743 Dei
276 703 330 743 non
345 695 386 744 est
414 687 441 743 in
467 701 606 753 sermone,
633 686 682 741 sed
703 685 731 741 in
747 684 845 740 virtute
859 700 911 757 po·
964 688 1004 758 (3)
1033 686 1152 757 suscepit
1180 685 1305 741 habitum
1333 684 1529 756 regularemt
1556 680 1611 735 nbi
1633 679 1773 750 jejuniisct

110 778 164 835 tius
180 777 206 847 (l
219 778 280 834 Cor.
296 776 347 848 tv).
965 774 1137 830 orationibus
1153 790 1255 831 vacans
1268 780 1349 830 nocte
1363 782 1391 828 et
1405 772 1464 837 die,
1484 779 1610 844 gratum
1638 769 1699 825 Deo
1711 769 1772 825 extri·

374 873 487 931 carot
507 872 656 929 PRIMUM.
966 863 1047 919 bebat
1077 863 1247 935 obsequium,
1277 878 1387 919 carnem
1417 859 1546 932 spiritui,
1577 857 1712 929 spiritum
1723 875 1772 913 rem

113 973 147 1031 S.
164 972 276 1033 liuberti
296 973 420 1036 nctntes,
439 972 606 1028 tirocinium
625 971 691 1026 cite
705 971 854 1042 retiatores,
885 974 913 1026 et
966 960 1114 1029 subjtcicns
1129 960 1264 1016 Creatori.
1290 960 1358 1016 Cum
1383 975 1453 1014 vero
1471 966 1601 1028 tempus
1616 963 1705 1019 esset,
1719 957 1773 1011 utin

343 1046 522 1116 t’rffll'ssssiilm’
536 1042 675 1114 quodum.
966 1065 1049 1106 servo
1073 1065 1122 1104 suo
1147 1048 1347 1121 glorificaretur
1360 1049 1438 1103 Dens
1455 1054 1487 1102 et
1503 1047 1643 1111 lucerna,
1660 1060 1719 1117 qnae
1735 1045 1773 1100 snb

146 1146 175 1200 Ξ.
191 1142 289 1198 Beatus
304 1140 390 1214 igitur
405 1141 541 1197 bobertus
557 1139 591 1195 de
607 1139 765 1210 Campaniae
780 1141 819 1211 (t)
835 1138 914 1211 perti·
966 1138 1058 1194 modio
1073 1138 1199 1206 latuerat,
1226 1153 1309 1208 super
1337 1136 1550 1193 candelabrum
1578 1133 1775 1190 adilluminari·

112 1230 323 1298 humandus»
349 1229 428 1301 quasi
448 1228 557 1299 quidam
586 1229 637 1282 ¹¹⁰⁵
657 1228 744 1298 Campi
773 1229 915 1298 SpeciOStlS
966 1235 1030 1292 darn
1045 1235 1199 1292 Ecclesiam
1214 1242 1376 1313 poneretur:
1393 1234 1451 1300 ille,
1463 1233 1493 1288 in
1508 1232 1602 1303 cujus
1613 1233 1776 1289 manncorda

113 1319 218 1385 enituit,
241 1319 320 1389 cujus
342 1317 469 1372 nimirum
494 1318 576 1373 decor
600 1317 626 1371 in
654 1317 793 1373 honestate
810 1333 915 1373 urorum
968 1323 1335 1392 suotttomtoom,ojosdom
1362 1323 1465 1378 domos
1498 1321 1650 1378 tratribus
1673 1322 1777 1393 inepto.

113 1415 280 1472 intuentibus
297 1424 392 1488 gratus
410 1421 533 1478 erat;et
553 1421 655 1469 sanctae
674 1413 810 1485 opinionis
836 1415 914 1477 odor,
968 1414 1016 1479 vit,
1033 1421 1061 1469 ut
1075 1414 1163 1469 virum
1178 1413 1228 1469 Dei
1241 1413 1392 1468 liebertum
1419 1412 1475 1467 sibi
1505 1412 1658 1483 eligerent
1673 1412 1700 1465 in
1714 1414 1777 1481 prin-

112 1504 197 1578 longe
211 1505 319 1576 lateque
334 1501 459 1570 diffusus,
476 1502 510 1557 ad
526 1503 703 1558 imitationem
726 1503 766 1556 sui
783 1502 917 1572 plurimos
968 1527 1037 1566 rem.
1054 1509 1176 1582 Dignum
1193 1510 1293 1581 quippe
1308 1515 1376 1573 erat,
1393 1514 1423 1562 ut
1437 1507 1488 1578 qui
1503 1507 1584 1562 duce
1601 1505 1694 1578 gratia
1708 1505 1781 1578 longo

112 1593 262 1650 invitabat.
283 1592 466 1647 lluncautem
495 1590 583 1646 virum
612 1599 736 1646 sanctum
755 1600 830 1648 recte
855 1590 916 1646 flori
969 1606 1277 1663 „sudmjcemtenese
1294 1605 1491 1661 moderamina
1514 1605 1586 1660 vpae
1612 1621 1686 1669 suae,
1707 1604 1782 1673 judu

112 1705 158 1745 rue
172 1688 279 1745 aestimo
294 1702 470 1758 comparasse
487 1707 493 1753 ;
511 1687 575 1759 quia
591 1688 624 1742 de
640 1687 741 1743 sanctis
755 1687 820 1743 dicit
835 1688 912 1744 Scri·
928 1677 955 1736 Β
970 1704 998 1751 ot
1023 1695 1182 1750 moderator
1204 1694 1281 1750 tieret
1307 1694 1435 1749 aliorum.
1463 1694 1539 1749 Erat
1564 1702 1639 1749 tnnc
1661 1695 1784 1764 temporis

112 1784 202 1850 iiim·
218 1777 291 1849 (lumi
310 1800 321 1825 ⁴¹
338 1776 478 1832 fl⁰lebl¹¹¹i
491 1775 526 1831 de
542 1776 652 1831 illistam
667 1775 735 1831 ⁵i⁰¹¹¹
751 1776 842 1830 fenum
858 1784 916 1831 iel·
969 1791 997 1848 in
1011 1791 1124 1847 remotis
1150 1807 1294 1846 nemorum
1310 1791 1350 1860 (l)
1364 1789 1483 1846 latebris
1516 1790 1646 1846 eremita
1672 1790 1784 1862 qnidam,

113 1881 152 1922 ¹*ae
168 1865 262 1932 (Puta
278 1870 390 1932 milit
410 1865 495 1919 i‘0ll0
511 1865 577 1936 quia
589 1863 716 1919 ”Oibillai
732 1872 773 1919 ⁰⁵²
789 1864 916 1935 ‘1¹¹aedam
969 1880 1029 1936 lieo
1044 1879 1157 1949 cupiens
1179 1893 1212 1933 eo
1235 1878 1349 1934 liberius
1374 1893 1429 1950 quo
1459 1878 1611 1934 seoretius
1638 1878 1782 1945 deservire,

113 1961 175 2019 ltus
189 1963 346 2034 procedens
359 1978 393 2018 ex
407 1961 516 2016 meritis
546 1960 843 2033 parentum,ttquibus
874 1960 916 2015 vit·
970 1968 1020 2040 qui
1035 1983 1097 2024 cum
1111 1966 1269 2022 assiduitate
1288 1967 1460 2036 jejuniorum
1493 1976 1662 2024 maceraret
1683 1983 1784 2024 urnam

114 2053 211 2109 beatns
227 2052 362 2120 originem
388 2049 508 2120 duxerit,
531 2050 718 2104 ostendemus.
740 2048 916 2120 Paterigitut·
970 2066 996 2113 et
1011 2057 1164 2113 orationum
1178 2055 1305 2111 instantia
1328 2056 1455 2126 spiritum
1477 2057 1650 2125 roboraret,
1675 2057 1786 2128 respexit

115 2142 175 2210 ejus
190 2141 387 2206 Theodericus
402 2146 489 2194 mtttet·
516 2153 582 2194 vero
607 2138 786 2208 Ermegtttdis
801 2137 915 2193 diceba·
970 2146 1103 2201 Dominus
1119 2145 1296 2200 humilitatem
1312 2144 1380 2213 ejus,
1405 2161 1459 2201 nec
1484 2146 1550 2201 sine
1577 2146 1687 2217 grandi
1713 2147 1785 2201 mira·

115 2247 168 2305 tur,
185 2237 267 2292 ambo
282 2237 391 2308 quidem
405 2235 555 2291 secundum
572 2234 664 2290 saeculi
679 2234 839 2306 dignitatem
856 2236 916 2290 cla·
971 2236 1033 2291 culo
1052 2251 1101 2306 per
1112 2235 1204 2305 ipsum
1230 2234 1316 2291 crevit
1337 2234 1526 2291 servientium
1548 2236 1680 2294 Domino
1703 2237 1785 2291 multi·

115 2325 149 2394 ri,
165 2326 214 2382 sed
230 2334 294 2381 ante
309 2326 396 2380 Deum
412 2340 517 2378 morum
534 2325 676 2378 bonestete
691 2322 837 2378 clarissimi
850 2338 856 2391 ;
868 2339 915 2377 re·
971 2324 1050 2380 tudo.

116 2429 260 2470 lumlew
288 2414 379 2483 willan
403 2411 709 2484 (illii³¹¹⁸ief¹ill⁰li¹¹iter
730 2411 916 2479 abundabam·
1008 2434 1196 2490 l.Duoenim
1220 2434 1329 2500 milites,
1361 2432 1460 2490 iratres
1492 2436 1616 2506 quidem
1642 2438 1786 2493 seeundum

117 2511 158 2568 aia
173 2511 328 2575 ulebantttr,
350 2518 378 2565 ul
392 2510 491 2564 summi
513 2507 720 2565 patrisfamilias
733 2510 823 2579 [toallis
838 2509 919 2564 Vida-
975 2524 1092 2592 gap-nem,
1110 2523 1160 2579 sed
1175 2524 1323 2578 secundum
1352 2523 1482 2594 spiritum
1509 2541 1569 2581 non
1598 2525 1701 2583 eadem
1727 2544 1786 2582 gep-

118 2608 214 2657 “imur
228 2599 441 2671 disi‘fflfflii‘lesr
458 2613 540 2671 quum
555 2604 671 2653 ‘eflfflae
686 2596 845 2654 ⁵⁰b⁵i⁸¹¹²iae
854 2614 921 2669 1³⁰⁵·
976 2613 1084 2679 tientes,
1099 2613 1189 2667 studio
1209 2612 1299 2666 innuis
1320 2612 1417 2685 gloriae
1437 2613 1545 2681 dediti,
1578 2616 1621 2670 od
1637 2618 1788 2672 ostentatio·

119 2704 257 2745 sessores.
274 2687 515 2754 Scientesautenr,
541 2687 614 2757 quod
639 2686 778 2741 feneratur
795 2688 920 2758 Domino,
976 2726 1039 2765 nem
1061 2711 1160 2765 ,stium
1185 2727 1305 2777 summ,
1331 2711 1524 2767 exsecrabiles
1550 2715 1707 2781 nundinas,
1731 2732 1791 2787 quas

121 2785 168 2857 ‘lui
183 2783 298 2856 pauperi
314 2784 469 2850 miseretur,
485 2783 627 2854 P⁰¹l⁰l0ffl
644 2791 757 2838 istlt'ffliae
771 2798 921 2838 willelm·
977 2800 1077 2869 vulgus
1092 2808 1283 2854 torneamento
1305 2800 1437 2867 nominat,
1456 2803 1649 2872 expetebant.
1671 2804 1791 2874 Quicum

122 2875 204 2931 tionis
219 2874 274 2946 piiS
291 2872 473 2943 eleemosynis
496 2872 692 2944 abstergebant
708 2889 715 2927 ἶ
742 2873 797 2926 into
817 2873 880 2943 qllia
896 2873 924 2927 iil
979 2904 1029 2959 pes
1043 2905 1149 2952 nemus¹
1166 2887 1192 2943 in
1208 2905 1261 2960 quo
1284 2889 1417 2959 ppaefgtus
1434 2890 1560 2945 eremita
1580 2893 1717 2966 (legeint,
1735 2894 1792 2948 goii.

123 2961 315 3033 carnepositi,
336 2977 390 3017 non
409 2961 561 3017 seeundum
578 2976 689 3015 carnem
708 2960 849 3027 vivebant,
872 2977 925 3017 co·
981 2986 1364 3051 ,arjamvjmmducens'im
1392 2996 1526 3058 agema,
1557 3000 1710 3062 mmmm
1730 2993 1792 3046 ahe-

123 3061 254 3135 Βῗῑθῑῑθῦθ
268 3068 295 3116 ‘³¹
309 3060 438 3115 “idaim
463 3059 489 3114 5¹¹
507 3059 665 3115 ⁰⁰³¹⁰³iibl¹⁵
691 3060 856 3129 babitantes,
873 3076 922 3117 ⁰⁰·
942 3035 1084 3130 Crutrum
1100 3084 1204 3132 secreta
1219 3077 1385 3148 cogitatione
1406 3078 1442 3132 de
1458 3090 1562 3134 mutua
1579 3098 1656 3137 nece
1667 3090 1789 3139 tractare.

125 3165 290 3206 ¹⁰¹¹⁸⁸⁸l¹²⁸
314 3149 443 3204 Vistilium
473 3148 613 3220 ⁰Pelibl¹⁵r
641 3149 719 3221 quusi
745 3150 924 3220 bl0¹i⁰⁸⁰ll¹lss
980 3165 1095 3220 Invidiae
1115 3165 1214 3236 qnippe
1240 3181 1347 3222 veneno
1373 3166 1582 3224 miserabiliter
1613 3172 1791 3237 tabescentes,

125 3237 248 3312 lapidum
264 3238 363 3311 gloria,
380 3239 561 3294 decorabant.
595 3239 659 3294 llaec
682 3237 783 3295 ideirco
798 3239 924 3306 dixerim,
980 3262 1279 3334 ,pudseeoggabam’
1297 3263 1470 3335 quomam
1488 3281 1597 3322 &orum
1614 3268 1791 3334 monuo’ffle

126 3346 157 3393 nt
185 3337 368 3402 ῦδῑθῦἆθῐθῦὶι
394 3351 475 3408 (luam
494 3344 587 3391 ⁵³⁰0¹⁸
617 3335 694 3390 lidii
720 3336 865 3402 exsilielib
892 3335 927 3392 de
982 3353 1027 3423 qrri
1044 3362 1209 3422 superesset,
1235 3353 1263 3408 in
1276 3353 1396 3409 deiunoti
1426 3357 1792 3424 possessionemsuceede·

128 3442 184 3500 qua
212 3426 291 3483 nobis
318 3433 430 3481 sanctus
458 3424 520 3494 iste,
549 3424 627 3495 quasi
651 3424 761 3496 quidam
784 3424 851 3496 ligni
865 3426 928 3482 vitm

127 3515 264 3581 surculus,
280 3515 433 3586 pullulavit.
451 3515 552 3571 Verum
567 3513 681 3587 quiade
697 3515 859 3586 parentibus
868 3516 927 3584 ejus

129 3611 244 3669 lecimus
259 3613 434 3676 mentionem,
463 3613 578 3683 qualiter
596 3615 725 3667 eumdem
750 3614 838 3668 virum
861 3630 928 3668 san·

130 3705 206 3757 ctum
226 3700 343 3771 Spiritus
368 3702 538 3771 praevenerit
565 3709 676 3755 sanctus
695 3702 723 3755 in
739 3702 930 3758 benedictione

131 3787 295 3857 dulcedinis,
326 3788 390 3843 dum
415 3789 505 3844 adbuc
533 3789 629 3843 matris
647 3797 725 3844 utero
749 3790 928 3861 clauderetur,

130 3886 254 3944 breviter
281 3886 470 3943 absolvemus.
499 3886 653 3958 Praegnanti
681 3887 757 3942 enim
779 3888 931 3957 matricjus

133 3976 252 4050 gloriosa
264 3975 315 4032 Dei
328 3975 448 4048 genitrix
466 3974 546 4048 Virgo
576 3976 659 4030 bieria
682 3975 828 4031 insomnis
843 3993 931 4048 appu-

133 4067 197 4133 ruit,
213 4080 329 4122 aureum
344 4064 476 4121 annulum
490 4065 594 4120 babens
617 4064 644 4118 in
668 4080 751 4119 manu
767 4081 829 4134 sna,
846 4065 932 4121 dixit-

135 4179 188 4236 que
201 4164 226 4220 ei
242 4182 249 4219 :
267 4184 278 4214 ι
296 4161 513 4234 OErmegardis,
540 4161 602 4217 volo
632 4159 727 4229 lilium,
745 4178 824 4233 ouem
840 4171 933 4235 gestus

135 4252 164 4308 in
179 4262 265 4318 utero,
282 4267 314 4307 ea
328 4251 382 4306 isto
397 4250 461 4304 mibi
482 4250 584 4305 annulo
598 4250 775 4320 desponsari.
798 4273 809 4299 a
831 4252 860 4305 ln
875 4253 934 4309 brec

136 4342 222 4399 verbe
236 4341 376 4396 mulierem
387 4339 568 4396 dormientem
577 4339 736 4411 relinquens
746 4340 823 4395 beata
837 4341 931 4413 Virgo,

138 4439 291 4509 dispendit
307 4437 354 4492 illa
381 4451 447 4492 vero
470 4437 505 4491 de
533 4452 629 4492 somno
644 4452 825 4509 consurgens,
842 4437 933 4493 unimo

138 4529 223 4599 eoepit
237 4526 380 4583 revolvere
397 4524 541 4580 visionem.
561 4524 669 4593 Adiecit
683 4535 774 4581 nutem
793 4527 868 4582 beata
884 4528 935 4583 Dei

138 4618 258 4692 genitrix
284 4630 418 4688 apparere
446 4615 543 4669 iterum
572 4613 704 4677 mulieri:
734 4616 805 4670 sieut
818 4616 883 4671 olim
898 4617 933 4673 ad

137 4713 352 4773 confirmandam
368 4712 578 4783 promissionem
601 4727 691 4780 suern,
716 4712 848 4768 Dominus
862 4714 934 4788 legi·

138 4813 181 4862 tur
195 4802 356 4876 apparuisse
370 4802 460 4856 denuo
476 4800 610 4857 Samueli.

172 4905 200 4957 3.
228 4899 353 4968 Expletis
381 4898 466 4970 igitur
489 4897 586 4953 diebus
608 4896 707 4953 mulier
722 4899 826 4969 peperit
851 4899 935 4955 filium

137 4992 188 5062 (ἲ),
216 5004 299 5063 qnam
326 4987 488 5044 ablactatum
519 4986 631 5041 tradidit
657 4986 811 5042 litterarum
837 4989 935 5044 studiis

137 5076 317 5137 imbuendum
347 5096 354 5141 ;
374 5076 522 5148 inquibus
548 5090 632 5147 supra
664 5090 760 5132 ornnes
779 5086 935 5133 coaetaneos

140 5193 204 5234 suos
219 5175 375 5248 proficiens,
390 5175 425 5231 de
440 5173 560 5230 lontibus
581 5173 729 5230 salvatoris
743 5191 812 5244 puro
827 5183 935 5245 pectore

139 5266 292 5332 hauriebat,
308 5266 379 5320 unde
393 5262 552 5320 salvationis
566 5262 685 5333 gretiam
700 5265 871 5333 postmodnm
888 5282 935 5338 po·

175 5446 215 5515 (l)
229 5441 370 5513 blanriqne
398 5458 413 5497 e
441 5443 616 5500 Norrnonrtr‘o
639 5440 792 5497 oriundam
814 5442 932 5513 scripsit,

138 5517 266 5592 proxima
279 5512 428 5581 campanica
441 5514 593 5584 provincia.

174 5590 214 5662 (a)
230 5583 311 5641 aedit
326 5581 431 5643 surius,
447 5599 551 5639 vocans
566 5599 630 5638 eum
647 5581 808 5640 liebertum.

175 5665 215 5733 (3)
230 5659 271 5715 tte
286 5655 339 5710 boc
354 5652 519 5709 monasterio
528 5654 555 5708 in
566 5652 696 5711 suburbio
703 5654 868 5725 Tricassino,
885 5671 933 5713 ac·⁸

981 3452 1035 3498 ret.
1056 3443 1109 3497 Sed
1124 3442 1197 3498 Deus
1212 3443 1394 3514 omnipotens,
1409 3444 1457 3514 qui
1468 3445 1584 3501 sciebat
1596 3464 1650 3504 eos
1666 3464 1733 3504 vasa
1745 3448 1791 3502 mi·

982 3539 1139 3595 sericordiae
1155 3556 1215 3597 mox
1232 3541 1347 3606 tuturos,
1373 3557 1429 3596 non
1455 3543 1597 3613 permisit
1621 3546 1686 3601 illos
1705 3544 1793 3602 tentari

982 3644 1064 3700 supra
1079 3645 1158 3701 quam
1174 3637 1315 3700 poterant;
1333 3629 1380 3684 sed
1397 3628 1462 3686 lecit
1477 3646 1547 3687 eum
1566 3636 1724 3691 tentatione
1736 3652 1793 3706 pro·

984 3727 1106 3784 ventum,
1123 3733 1157 3772 ne
1170 3717 1350 3790 iniquitatem,
1362 3735 1444 3791 quem
1460 3734 1676 3794 conceperant,
1695 3723 1793 3780 effectui

984 3814 1182 3885 manciparent.
1200 3816 1240 3872 bd
1255 3817 1305 3872 boo
1317 3823 1410 3871 autem
1433 3819 1569 3887 permisit
1596 3837 1651 3876 eos
1666 3823 1716 3877 Dei
1738 3838 1793 3893 pro

985 3903 1282 3976 videntiatnminiquu
1309 3904 1458 3961 tentatione
1488 3909 1609 3976 vexari,
1637 3919 1670 3965 ut
1686 3920 1791 3982 postne

986 3992 1050 4047 dum
1066 3992 1093 4046 in
1108 3991 1229 4062 proiectu
1252 3993 1380 4048 virtutum
1409 3993 1493 4064 positi
1516 3996 1574 4052 sibi
1595 4001 1724 4071 superbe
1743 4015 1788 4054 uun

987 4091 1139 4146 tribuerent
1154 4092 1225 4162 quod
1242 4091 1384 4160 baberent,
1409 4093 1458 4147 sed
1488 4096 1589 4167 magis
1621 4099 1653 4153 in
1670 4100 1788 4155 illunre·

988 4178 1141 4243 funderent,
1157 4180 1234 4249 cujus
1260 4189 1351 4235 essent
1365 4180 1562 4239 misericordia
1580 4187 1714 4244 liberati.
1737 4188 1794 4243 cun

988 4268 1072 4340 igitur
1087 4269 1195 4336 expleto
1209 4269 1328 4340 negotio,
1343 4269 1377 4325 ad
1394 4271 1465 4343 quod
1482 4272 1593 4340 ierant,
1611 4277 1643 4331 in
1671 4294 1726 4350 quo
1740 4278 1797 4332 satis

948 4370 1263 4450 Detrenuesccundum
1293 4384 1383 4424 mores
1412 4371 1505 4440 gentis
1538 4372 1619 4429 illius
1638 4376 1799 4449 egerantur

990 4465 1106 4519 tentum,
1124 4458 1194 4528 quod
1210 4458 1298 4513 laudis
1310 4459 1436 4513 hnmanae
1467 4458 1594 4518 fructum
1612 4466 1651 4520 nb
1668 4468 1799 4532 omnibus,

989 4546 1035 4617 qni
1051 4547 1202 4612 adfuerant,
1220 4554 1408 4618 reportarent:
1425 4547 1462 4601 ad
1487 4553 1611 4623 propria
1638 4564 1802 4623 remeantes,

988 4645 1022 4698 ad
1038 4643 1137 4709 locum,
1154 4643 1181 4698 in
1196 4660 1250 4717 quo
1266 4645 1301 4699 de
1315 4660 1381 4699 nece
1396 4652 1488 4700 mutua
1505 4658 1623 4705 secreta
1639 4652 1803 4725 cogitatione

989 4740 1193 4797 tractaverunt,
1205 4749 1300 4805 gressu
1313 4748 1445 4804 prospero
1459 4748 1682 4805 pervenerunt;
1700 4741 1747 4803 ibi,
1759 4740 1806 4795 rel·

988 4820 1027 4874 uti
1041 4820 1075 4875 ab
1091 4821 1151 4892 ipso
1165 4821 1226 4877 loco
1240 4821 1378 4885 admoniti,
1395 4820 1464 4893 quin
1487 4825 1588 4893 potins
1605 4828 1706 4884 divine
1721 4829 1805 4900 inspi-

989 4909 1096 4965 ratione
1111 4911 1273 4981 compuncti,
1300 4910 1445 4984 cogitatam
1471 4926 1626 4984 coeperunt
1655 4919 1807 4975 exborrere

989 4999 1151 5070 nequitiam.
1167 5009 1195 5054 et
1210 5000 1236 5054 in
1252 5000 1348 5071 seipsis
1362 4999 1396 5055 de
1411 5010 1555 5071 eeneepto
1583 5004 1721 5064 facinore
1744 5024 1807 5064 con·

989 5089 1102 5145 turbari.
1124 5090 1171 5143 Ad
1199 5089 1360 5145 memoriam
1382 5104 1450 5144 vero
1475 5091 1667 5163 reducentes,
1685 5097 1808 5170 quodie

989 5178 1115 5250 proximo
1131 5185 1190 5233 erat
1204 5178 1339 5250 tugurium
1355 5178 1478 5233 eremitae
1494 5183 1634 5251 superius
1651 5186 1807 5253 memorati,

990 5268 1047 5339 puri
1059 5275 1122 5323 voto
1137 5267 1188 5323 iter
1203 5285 1282 5323 snum
1299 5268 1333 5322 ad
1353 5266 1425 5322 illius
1448 5269 1682 5330 mansiunculam
1699 5277 1808 5333 disere·

989 5452 1045 5500 tum
1061 5453 1101 5500 est
1115 5445 1255 5515 superius.

1025 5517 1064 5587 (l)
1079 5516 1209 5572 Colonum
1227 5517 1254 5571 id
1271 5531 1367 5570 neruus
1388 5514 1549 5589 dicebatur,
1563 5521 1647 5593 iusta
1666 5526 1806 5584 Tornode·

989 5605 1060 5655 rum,
1077 5598 1102 5644 et
1118 5587 1271 5643 nominatur
1286 5587 1354 5643 inire
1368 5603 1444 5644 nem.
1460 5592 1489 5645 8.
