3780 6038
108 212 161 269 Μ

570 213 672 269 eorm
691 212 865 269 utrttoust
887 213 934 269 EX
954 215 1074 271 strunt)
1095 214 1292 271 cltutstluxt
1704 215 1753 269 ”add

108 337 237 409 provisos
250 336 363 402 reniret,
378 336 424 408 qui
439 336 474 393 de
489 338 605 395 tdreotu
622 354 671 393 suu
686 336 761 391 hats-i
777 335 901 404 referret,
915 337 943 398 Α
958 339 1027 409 plius
1043 355 1048 392 :
1066 340 1118 408 Qui
1135 342 1218 397 sarrit
1246 340 1305 413 regi
1330 341 1389 395 sine
1410 339 1529 405 hortuna,
1550 338 1603 394 hoc
1628 336 1754 391 sacratum

110 424 216 481 Civitati
231 425 256 478 in
273 441 325 496 qua
341 424 421 481 irater
435 426 530 481 aderat
544 425 785 498 appropinquavit.
803 424 905 480 Audito

110 512 201 567 fratris
214 513 347 577 aduentu,
362 512 446 569 irater
460 514 575 570 occurrit
597 522 624 569 et
640 512 729 584 hylari
750 514 827 571 vultu
839 512 905 567 satis

109 617 171 657 curn
203 609 330 657 accurate
355 603 485 674 susi-epit.
503 603 664 660 Transactis
683 602 787 674 aliquot
808 602 907 659 diebus

109 688 220 758 proviso
237 696 356 761 tempore
372 699 397 745 et
421 692 481 747 loco
497 692 569 763 regis
591 693 672 746 etiam
688 692 795 745 fratrem
818 706 897 745 suem

110 777 254 833 advenisse
269 780 340 833 iuter
354 789 452 835 caetera
477 798 538 852 quae
559 781 658 834 sciebat
675 781 784 850 placere
805 780 905 834 retulit.

111 865 158 919 Cui
173 882 242 920 rex:
260 866 287 921 Si
302 868 385 924 l'rater
400 874 462 922 tuus
481 876 571 923 tecum
586 866 614 921 in
635 882 697 922 meo
714 883 800 939 regna
815 882 906 921 rema-

110 977 176 1018 nere
197 964 376 1035 acquieverit,
401 964 495 1021 omnic
522 975 612 1020 tecum
638 963 678 1019 illi
705 965 786 1019 etiem
814 979 905 1019 rerum

109 1067 232 1107 mearum
246 1054 400 1111 custodiam
412 1070 583 1111 communem
599 1069 661 1109 esse
675 1053 817 1119 eonced0;
833 1052 906 1123 quod

110 1140 134 1194 si
148 1139 269 1196 laborem
285 1144 413 1207 occurerit,
427 1143 453 1197 in
464 1144 515 1197 bac
523 1142 632 1197 civitate
650 1141 740 1213 largas
753 1142 780 1197 ei
795 1157 907 1211 posses·

110 1228 201 1283 aiones
217 1230 324 1285 donabo
337 1239 364 1284 et
378 1230 591 1287 consuetudines
602 1239 629 1285 et
642 1245 703 1299 qum
713 1230 825 1284 deberet
838 1229 903 1284 mihi

110 1318 201 1372 lacere
219 1318 394 1373 condonabo.
421 1319 449 1373 Si
474 1334 541 1373 nero
566 1318 679 1373 demum
701 1325 788 1373 taetus
811 1332 907 1373 amore

110 1401 209 1455 natalis
223 1402 274 1455 seli
284 1402 437 1471 repatriare
454 1402 581 1470 voluerit,
594 1403 672 1473 plura
681 1402 905 1457 vestimentorum

110 1489 264 1557 titulatoria,
280 1498 308 1545 et
324 1507 502 1563 (quaecumque
518 1491 542 1546 ei
560 1490 658 1546 suerint
684 1490 839 1547 necessaria
854 1491 906 1543 lar·

111 1577 169 1647 gin:
200 1594 262 1633 eum
284 1579 480 1635 habundantia.
505 1579 610 1634 huditis
634 1579 807 1633 sermonibus
833 1578 906 1651 regis

959 427 1049 498 perdit
1071 438 1096 483 et
1116 428 1198 484 aliud.
1221 429 1327 483 Filius:
1348 427 1373 483 Ο
1396 429 1484 493 Pater,
1498 441 1583 498 quare
1604 424 1706 479 oblitus
1729 442 1757 480 es

960 525 1055 581 dicere
1070 526 1208 596 quomodo
1220 525 1302 581 debet
1311 526 1393 583 bomo
1404 524 1548 581 contradere
1556 538 1653 578 coram
1666 537 1731 592 rege
1745 522 1757 573 t

962 616 1058 670 Pater:
1076 615 1135 669 Non
1156 614 1256 669 oblitus
1269 614 1307 669 fui
1323 614 1427 681 dicere,
1443 613 1507 684 quia
1521 612 1596 667 nulla
1622 619 1665 665 est
1679 607 1756 663 diffe-

961 703 1047 758 rentia
1067 704 1212 759 comedere
1239 719 1330 759 coram
1350 719 1417 774 rege
1441 711 1468 757 et
1488 701 1564 757 alibi.
1585 697 1672 755 filius
1688 716 1696 754 :
1712 699 1759 754 llic

960 803 1027 859 ergo
1042 788 1287 858 quomodoubique
1297 787 1412 842 debeam
1425 786 1580 842 comedere.
1589 786 1684 838 Pater:
1694 782 1758 836 Cum

959 876 1082 931 ablueris
1097 893 1195 931 manus
1221 885 1249 930 ut
1263 877 1404 941 eomedas,
1414 876 1480 931 uihil
1497 884 1594 946 tangas
1608 873 1661 927 nisi
1677 888 1758 943 pran-

959 965 1033 1021 dium
1044 965 1136 1021 donec
1149 966 1289 1022 comedas.
1298 967 1339 1020 Na
1354 965 1482 1021 eomedas
1490 979 1589 1035 panem
1600 961 1757 1032 priusquam

958 1054 1052 1108 veniat
1067 1054 1142 1108 eliud
1158 1053 1292 1110 ferculum
1308 1070 1390 1124 super
1404 1067 1579 1115 mensam,oe
1592 1050 1695 1105 dicaris
1710 1048 1758 1102 im·

958 1143 1084 1214 patiens,
1100 1157 1152 1198 nec
1163 1151 1265 1197 tantam
1277 1143 1368 1197 bolum
1379 1144 1467 1197 mittas
1477 1143 1504 1196 in
1517 1156 1566 1196 ore
1582 1149 1629 1195 tuo
1638 1148 1666 1193 ut
1683 1137 1758 1193 mirre

959 1232 1080 1286 ‹letlnaut
1101 1231 1165 1287 iiiuc
1179 1241 1206 1287 et
1229 1230 1302 1295 inde,
1319 1247 1356 1286 ue
1379 1230 1481 1287 dicaris
1502 1231 1591 1301 gluto.
1603 1229 1646 1282 Ne
1661 1226 1758 1299 glutias

959 1315 1050 1369 bolum
1066 1315 1222 1387 priusquam
1239 1313 1320 1369 luertt
1333 1315 1401 1369 bene
1416 1312 1655 1370 commasticatum
1668 1313 1695 1366 in
1709 1319 1753 1365 tuo

959 1420 1015 1469 ore,
1030 1421 1065 1458 ne
1080 1403 1275 1473 stranguleris;
1288 1417 1340 1458 nec
1354 1402 1453 1476 pocula
1470 1416 1564 1456 sumas
1580 1401 1671 1455 donec.
1682 1399 1716 1452 sit
1728 1414 1757 1454 os

958 1507 1082 1556 vacuum,
1099 1508 1136 1547 ne
1152 1491 1253 1548 dicaris
1281 1492 1411 1559 vinosus;
1427 1506 1478 1547 nee
1493 1490 1613 1563 loquaris
1628 1488 1695 1543 dum
1708 1487 1757 1541 ali-

959 1580 1023 1650 quid
1038 1580 1064 1634 in
1085 1595 1131 1636 ore
1147 1580 1278 1645 tenueris,
1295 1596 1329 1637 ne
1345 1580 1447 1651 aliquid
1463 1580 1543 1633 intret
1555 1579 1588 1631 de
1605 1584 1718 1650 gutture
1732 1575 1757 1629 in

111 1664 195 1727 irater
220 1665 327 1721 tratrem
355 1667 494 1734 corrreuit,
519 1676 547 1723 et
569 1675 666 1737 quauta
689 1666 814 1722 domiuus
837 1682 903 1736 pro·
919 1688 945 1747 13
960 1667 1081 1723 intimam
1098 1669 1225 1725 artes-ianr
1237 1685 1270 1723 ne
1286 1668 1319 1722 sit
1330 1668 1380 1722 tibi
1396 1683 1479 1724 carrsa
1494 1666 1602 1721 nrortis.
1613 1665 1642 1720 Si
1657 1662 1758 1720 rideris

111 1753 222 1809 miserat
246 1755 339 1810 ordine
367 1756 529 1812 retractavit.
555 1755 607 1810 Cui
630 1755 737 1811 irater:
762 1755 789 1809 Si
812 1755 854 1807 ris
876 1761 904 1807 ut

112 1850 201 1897 tecum
216 1858 319 1907 morer,
336 1845 450 1900 ostende
478 1844 544 1899 mihi
571 1845 666 1916 quanti
693 1852 755 1898 sunt
782 1842 905 1897 redditos

91 1980 94 1985 ,
111 1930 264 2002 regislpse
279 1947 344 1986 rero
360 1948 456 1987 omnies
464 1932 595 1988 ostendit.
610 1932 717 1987 Deinde
726 1929 905 2001 interrogarit

112 2033 179 2088 quos
194 2034 328 2089 expensas
338 2035 386 2073 rex
403 2019 514 2085 laceret,
527 2020 599 2092 quod
615 2021 674 2091 ipse
684 2018 906 2073 indicavitTnnc

110 2108 171 2177 ipse
185 2107 349 2179 consputat'it
370 2125 430 2164 eum
453 2107 537 2164 fratrc
553 2108 614 2180 quia
630 2117 747 2178 quantus
770 2115 825 2162 erat
839 2103 906 2160 red-

111 2203 184 2258 ditus
201 2212 276 2260 touta
291 2214 350 2259 erat
364 2214 388 2261 et
405 2221 536 2275 exstensa,
554 2214 580 2260 et
604 2205 669 2260 dian
684 2204 759 2259 tratri
778 2223 784 2258 :
800 2203 904 2269 dmice,

112 2293 193 2347 video
209 2302 309 2348 tantam
324 2310 386 2349 esse
399 2293 474 2365 regis
489 2309 638 2363 expensam
653 2302 769 2365 quantus
784 2300 825 2347 est
840 2290 906 2347 red-

110 2381 232 2445 distinet
256 2382 279 2436 si
307 2383 511 2437 consurrexerit
535 2381 636 2436 bellum
661 2382 720 2453 regi
744 2389 846 2446 restro,
863 2379 906 2434 rel

114 2477 217 2549 aliquid
233 2478 296 2540 tale,
314 2478 386 2533 uude
409 2478 564 2549 procurabit
578 2478 637 2549 ipse
660 2477 759 2531 milites
774 2491 847 2542 siros,
864 2475 906 2531 rel

113 2566 185 2621 unde
200 2566 371 2622 inrenieteis
389 2567 640 2621 nummosll'rater
651 2581 657 2621 :
670 2565 769 2636 Aliquo
794 2563 907 2620 consilio

111 2655 294 2726 acquiremus.
313 2654 362 2709 Cui
381 2654 464 2709 irater
475 2673 481 2708 :
493 2654 586 2709 Timeo
610 2670 644 2709 ne
667 2669 766 2709 census
780 2669 857 2707 meus
873 2652 907 2706 sit

112 2757 178 2814 pars
193 2743 274 2813 hujus
289 2743 406 2806 catellii,
430 2752 454 2798 et
468 2742 532 2798 ideo
548 2740 618 2809 rale,
636 2742 696 2813 quia
712 2741 775 2795 mdo
790 2739 908 2811 amplius

113 2846 225 2886 morari.

147 2926 354 2999 Philosophus:
376 2930 433 2985 Rex
455 2936 496 2983 cst
518 2927 614 2982 similis
636 2927 702 2998 igni,
719 2926 761 2982 cui
783 2926 804 2980 si
820 2926 901 2981 nimis

111 3014 239 3071 admotus
255 3016 350 3087 fueris,
362 3017 544 3079 orenraberis;
561 3017 584 3071 si
599 3033 632 3071 ex
642 3024 698 3072 toto
713 3024 841 3080 ternotus,
854 3014 898 3069 iri·
924 3041 949 3104 C

111 3103 201 3176 gobis.
216 3104 299 3159 Filius
313 3106 347 3160 ad
363 3115 467 3176 patrem
485 3123 491 3159 :
508 3105 536 3158 Si
551 3104 694 3160 credidero
710 3103 800 3158 verbis
815 3102 906 3175 philo-

112 3192 202 3263 sophi,
229 3208 379 3265 numquam
404 3191 545 3247 lamiliaris
567 3208 614 3247 ero
634 3191 703 3263 regi.
729 3191 778 3246 Cui
803 3192 906 3246 Pater:

112 3279 171 3345 Fili,
196 3281 304 3353 plaeere
331 3281 388 3355 regi
416 3296 523 3335 sunrrna
549 3280 689 3351 prudentia
718 3287 772 3334 cst.
801 3278 907 3333 Filius:

115 3376 206 3442 Pater,
230 3378 306 3433 erudi
329 3395 373 3434 me
397 3378 548 3450 quomodo,
568 3377 590 3430 si
613 3376 760 3447 oportuerit
784 3392 826 3431 me
851 3376 908 3449 regi

115 3465 229 3531 sarrire,
245 3476 273 3521 ut
289 3468 409 3537 prudens
424 3476 450 3521 et
467 3467 536 3521 bene
551 3466 647 3521 doctus
662 3467 770 3519 valeam
787 3464 907 3536 plaeere.

115 3554 209 3610 Pater:
226 3554 265 3609 nd
295 3554 454 3624 hujusmodi
483 3554 687 3609 instructionem
704 3555 792 3609 multa
819 3562 912 3609 essent

111 3644 266 3699 necessaria
284 3661 345 3715 qun·
358 3644 438 3699 mendo
454 3643 487 3698 ad
504 3642 909 3707 memoriamnorrrnrocamus,

111 3741 137 3785 et
153 3731 274 3788 sortasse
287 3735 309 3786 si
321 3732 563 3803 praescriberentur
577 3730 624 3785 tibi
635 3730 744 3801 pusillo,
762 3730 788 3785 in
800 3729 910 3785 laudium

111 3836 294 3896 verterentur,
312 3829 361 3883 sed
378 3828 412 3883 de
427 3827 518 3882 nutritis
533 3842 622 3897 panea
635 3835 662 3882 et
676 3845 738 3899 quar
749 3828 771 3881 si
787 3827 911 3883 obserua-

112 3916 184 3971 reris
202 3926 280 3971 erum
297 3917 374 3970 utilia
389 3916 547 3971 celeremus.
563 3918 605 3969 td
631 3932 713 3987 quem
738 3915 807 3970 lilius
822 3934 828 3968 :
845 3916 877 3969 lu
888 3915 910 3968 si

112 4004 214 4059 erectis
228 4004 339 4060 auribus
355 4004 436 4059 multa
453 4003 534 4075 cupio
550 4003 684 4075 promissa
697 4004 761 4058 ntibi
778 4002 910 4059 audiendi

111 4102 208 4157 aridus
232 4103 408 4158 vehementer
429 4100 561 4175 efflagito.
591 4102 667 4159 Pater
685 4121 691 4156 :
708 4102 760 4172 eri
783 4101 839 4156 rult
853 4100 912 4174 regi

112 4207 174 4245 esse
186 4190 336 4253 familiaris,
353 4192 434 4247 debet
450 4191 546 4247 ridere
561 4192 634 4246 omui
651 4191 709 4246 risu
725 4190 822 4245 urentis
840 4189 912 4262 qued

113 4303 174 4342 cum
190 4288 294 4342 verterit
307 4289 342 4342 ad
359 4305 450 4359 regern
467 4297 538 4343 stare
561 4290 606 4342 eliu
621 4289 718 4358 possit,
730 4304 779 4343 nec
790 4304 907 4358 unquam

958 1756 1049 1813 bolum
1065 1757 1111 1829 qui
1128 1756 1237 1828 placeat
1257 1756 1305 1810 tibi
1323 1758 1349 1810 in
1375 1755 1521 1827 parapside
1540 1770 1635 1810 coram
1656 1751 1755 1821 sodali,

958 1861 1012 1900 non
1034 1862 1135 1913 suuras,
1158 1862 1193 1900 ue
1212 1845 1318 1901 dicatur
1344 1844 1392 1899 tibi
1416 1860 1501 1916 prava
1524 1842 1674 1898 rusticitas.
1697 1840 1757 1896 Post

959 1934 1102 2005 prandium
1118 1949 1214 1989 manus
1234 1932 1314 1989 ablue
1330 1933 1392 2005 quia
1408 1932 1550 2004 physicum
1575 1939 1617 1986 est
1633 1935 1660 1985 et
1675 1944 1755 1984 cura·

958 2028 1031 2095 hile,
1047 2029 1082 2084 oh
1110 2029 1162 2084 hoc
1181 2028 1252 2082 cuim
1276 2029 1422 2084 multorum
1449 2026 1520 2083 oculi
1560 2025 1757 2081 deteriorantur

959 2118 1068 2189 quando
1083 2125 1142 2189 post
1158 2117 1272 2187 prandia
1284 2116 1409 2172 manibus
1425 2132 1478 2171 oon
1489 2116 1590 2170 ablutis
1601 2122 1755 2187 terguntur.

961 2204 1062 2261 Filius:
1080 2206 1108 2260 Si
1132 2205 1193 2276 quis
1218 2205 1371 2260 irritaverit
1392 2221 1436 2260 me
1459 2204 1493 2259 ad
1512 2205 1672 2277 prandium,
1689 2219 1756 2275 qno-

960 2295 1042 2350 modo
1059 2295 1233 2367 respondebo
1244 2293 1515 2350 ‘lConcedamstatim
1525 2309 1559 2349 an
1570 2293 1647 2349 non?
1659 2294 1737 2346 l‘ater
1750 2309 1756 2344 ε

961 2383 1016 2437 Fae
1032 2382 1103 2438 sicut
1118 2382 1265 2438 auctoritas
1276 2382 1432 2438 ludaeorum
1454 2381 1583 2454 praecepit
1599 2382 1669 2453 ffli·
1692 2379 1758 2434 Dicit

961 2471 1032 2526 enim
1050 2486 1056 2525 :
1076 2470 1103 2525 Si
1124 2471 1185 2543 quis
1208 2470 1362 2526 inuitauerit
1387 2479 1413 2526 te
1432 2470 1466 2525 ad
1489 2469 1647 2541 prandium,
1664 2468 1758 2523 videas

961 2576 1105 2633 personam
1122 2559 1271 2614 invitantis.
1284 2558 1315 2613 Si
1334 2559 1405 2614 enim
1421 2574 1518 2631 magna
1533 2573 1653 2630 persona
1668 2556 1757 2622 luerit,

962 2649 1052 2703 statim
1075 2649 1214 2711 concede:
1232 2648 1273 2703 sin
1302 2657 1403 2713 nartem,
1434 2647 1585 2704 secundum
1609 2646 1683 2719 quod
1700 2645 1758 2712 crit,

963 2738 1084 2792 socianda
1097 2738 1141 2792 rel
1155 2738 1236 2793 tertia
1251 2738 1319 2792 ricc.
1329 2739 1384 2792 lloc
1400 2738 1483 2792 etiam
1500 2736 1617 2792 retertur
1629 2736 1665 2791 de
1681 2735 1760 2789 athra-

963 2829 1035 2882 bam.
1047 2824 1172 2888 Quadam
1182 2829 1254 2881 enim
1268 2827 1311 2881 die
1322 2828 1384 2881 dum
1399 2842 1491 2881 eoram
1507 2840 1556 2878 sira
1568 2833 1652 2879 staret
1664 2824 1758 2893 ianua,

964 2921 1136 2969 transcuntes
1152 2914 1203 2967 sub
1224 2915 1342 2968 humana
1358 2913 1451 2984 specie
1479 2914 1543 2967 vidit
1561 2923 1618 2968 tres
1645 2910 1760 2983 angelus

965 3019 1034 3075 quos
1049 3002 1107 3072 ipse
1120 3018 1197 3056 suam
1214 3003 1323 3056 domum
1339 3003 1438 3056 intrare
1453 3003 1570 3056 honesto
1585 3000 1661 3055 vultu
1677 3014 1761 3073 roga·

965 3094 1012 3154 rit,
1043 3090 1128 3161 pedes
1156 3090 1257 3155 lavare,
1287 3091 1417 3162 cyllarum
1436 3091 1613 3146 relectionem
1641 3104 1758 3150 sumere,

963 3179 1051 3234 lassos
1078 3188 1155 3233 artus
1176 3194 1272 3232 somno
1300 3194 1436 3234 recreare.
1455 3180 1508 3247 lpsi
1538 3176 1756 3246 rer0,quoniam

963 3283 1063 3338 magna
1073 3282 1191 3338 persona
1201 3275 1269 3335 erat,
1281 3269 1478 3339 acquieverunt
1486 3268 1546 3335 ejus
1557 3265 1682 3336 petitioni
1693 3267 1759 3325 (tot.

963 3358 1078 3411 dureris
1097 3355 1262 3410 adsonem:
1283 3356 1350 3409 llum
1367 3356 1492 3410 inritatus
1521 3354 1599 3410 luero
1613 3355 1648 3408 ad
1677 3369 1761 3424 prau-

964 3446 1155 3516 dium,parunr
1171 3445 1213 3499 rel
1227 3445 1308 3498 nimis
1316 3446 1456 3500 comedam
1464 3448 1477 3497 ἰ)
1486 3444 1533 3499 Cui
1547 3460 1633 3499 senex
1644 3463 1651 3498 :
1663 3442 1760 3507 Nimis,

964 3535 1091 3603 quoniam
1109 3534 1130 3587 si
1144 3533 1250 3588 amicus
1275 3544 1337 3588 tuus
1351 3534 1425 3588 luerit
1444 3533 1490 3604 qni
1505 3541 1529 3587 te
1545 3531 1683 3597 invitarit,
1694 3548 1762 3603 gau-

964 3623 1037 3677 debit
1051 3621 1182 3688 multum;
1199 3623 1221 3676 si
1236 3631 1324 3676 autem
1356 3622 1491 3686 inimicus,
1507 3620 1620 3676 dolebit.
1636 3621 1697 3676 Hoc
1714 3637 1761 3674 aa·

964 3712 1020 3766 dito
1046 3711 1105 3765 risit
1127 3711 1251 3782 puer,ad
1280 3728 1360 3782 quem
1385 3728 1486 3765 senex:
1504 3710 1674 3766 recordatus
1702 3724 1760 3763 suto

964 3800 1039 3854 verbi
1053 3802 1124 3871 quod
1138 3799 1230 3854 audiri
1246 3800 1443 3853 delluinrunda
1459 3798 1673 3869 nigroQuidam
1689 3799 1759 3852 eninr

965 3904 1047 3943 senex
1063 3889 1185 3959 ‹qrraesirit
1214 3888 1248 3941 ab
1264 3905 1297 3941 eu
1325 3897 1456 3958 spirantum
1483 3899 1577 3959 posset
1604 3887 1759 3942 comedere.

965 3986 1011 4041 Cui
1027 3985 1104 4054 ipse:
1121 3987 1161 4040 De
1186 3986 1262 4052 errjua
1283 3986 1408 4054 prandio,
1423 3985 1457 4038 de
1476 4000 1538 4038 meo
1560 3982 1601 4038 rel
1623 3983 1760 4037 alteriusl

966 4088 995 4138 tt
1011 4085 1073 4139 ille:
1092 4085 1129 4138 lle
1154 4091 1208 4138 tuo.
1228 4082 1420 4136 hisimundus:
1437 4081 1572 4149 Quantum
1586 4080 1677 4151 magis
1696 4095 1761 4150 pos·

965 4197 1034 4236 strui.
1048 4180 1135 4234 Senex
1149 4195 1155 4232 ε
1171 4180 1209 4233 Tu
1224 4178 1306 4233 nro-do
1334 4178 1488 4232 recordaris
1511 4178 1657 4230 verborum
1671 4177 1761 4244 cujus-

965 4271 1027 4324 dam
1044 4267 1143 4340 gulosi,
1167 4267 1248 4337 pipri,
1271 4266 1354 4328 stulti,
1380 4265 1484 4335 garcirii
1499 4272 1527 4320 et
1544 4265 1712 4337 nugigeruli,
1736 4271 1761 4317 et

114 4376 208 4430 sedeat
221 4375 308 4430 donec
327 4392 372 4430 rex
391 4376 540 4447 tlllt‘clllibl,
560 4392 611 4431 1120
634 4377 761 4447 lthtldlul'
780 4377 830 4429 llis‘l
847 4391 907 4430 cum
922 4394 950 4455 D
966 4364 1092 4437 quicquid
1108 4364 1141 4418 de
1156 4364 1202 4417 ilio
1218 4362 1315 4418 dicitur
1330 4361 1485 4431 ampliusiu
1504 4361 1698 4415 eoiut'euitur.
1713 4362 1760 4413 Jtt·

113 4487 182 4541 opus
196 4470 285 4535 suerit,
302 4487 350 4526 nec
370 4480 490 4526 inuretur
507 4488 571 4527 clim
596 4488 660 4542 rege
676 4473 727 4525 nisi
743 4488 787 4527 rex
804 4487 909 4543 ptttree-
968 4463 1061 4517 t'ettis:
1079 4460 1188 4515 Mullum
1202 4460 1290 4531 placet
1308 4461 1374 4514 mihi
1386 4460 1419 4515 de
1436 4459 1586 4523 reaudire,
1603 4460 1666 4530 quia
1683 4459 1760 4530 quic·

112 4558 646 4631 peritmorari,etlidelitcrcirisiliuan
674 4567 772 4613 taceat.
797 4562 911 4631 Serrtper
965 4560 1077 4631 quidde
1097 4558 1480 4623 eoestderisoriumest,et
1504 4557 1526 4612 si
1549 4557 1616 4628 quid
1648 4557 1683 4612 de
1707 4559 1761 4626 ejrrs

115 4658 149 4712 sit
178 4657 298 4711 intentus
327 4656 421 4711 audire
450 4657 522 4726 quod
553 4673 599 4712 rex
626 4657 709 4720 (licet,
727 4674 761 4711 ue
790 4665 912 4728 oporteat
965 4650 1045 4704 dietis
1063 4648 1104 4702 rel
1117 4648 1195 4703 laetis
1214 4656 1303 4702 mente
1323 4648 1433 4714 retiner,
1452 4647 1592 4719 eloquere,
1606 4654 1633 4703 et
1658 4646 1761 4700 habebo

116 4762 210 4817 regem
225 4745 266 4797 bis
289 4752 456 4814 praeceptaria
479 4756 612 4815 repetere.
627 4744 824 4815 Quodcumque
840 4763 911 4815 pire·
964 4753 1015 4810 [llo
1030 4752 1150 4792 munere·
1168 4737 1267 4791 Senot·

115 4835 186 4905 repit
209 4849 256 4886 rex
287 4833 375 4888 iaciat.
399 4832 496 4886 Caveat
520 4850 554 4887 ue
578 4834 725 4889 mentiatur
750 4833 808 4905 regi
834 4842 859 4886 et
874 4833 912 4887 sic
1238 4844 1371 4898 From
1395 4842 1484 4897 xxv,

116 4925 163 4977 erit
187 4921 211 4974 ei
237 4921 387 4983 obedieos;
403 4937 436 4973 ne.
461 4938 587 4991 rrrrrquum
610 4921 732 5005 arlsuriel
755 4938 784 4976 se
808 4922 910 4976 homiui
1001 4950 1132 5006 nom-mus
1150 4966 1230 5004 sm„
1256 4951 1383 5021 wem
1407 4950 1525 5021 quadam
1541 4957 1622 5004 nocte
1644 4949 1761 5006 megan,

116 5034 197 5091 ‘1⁸⁰⁸‘
214 5032 264 5070 Ἥ
290 5018 351 5072 ΨῙῙΟ
371 5018 490 5073 habebit·
507 5018 572 5073 (ΜΠ
597 5019 654 5072 ¹¹³³ss
673 5017 762 5072 ⁰¹¹¹¹¹5³
787 5026 812 5072 οἵ
828 5019 913 5072 [ΝΜ
965 5039 1042 5093 deret
1055 5041 1183 5107 jarruam:
1200 5040 1257 5105 ipse
1271 5054 1334 5091 rero
1349 5038 1698 5108 desidiapressarssurgere
1710 5053 1760 5091 uon

115 5118 168 5170 alia
187 5114 289 5179 tenero,
307 5114 416 5169 forsitan
434 5116 467 5169 de
488 5133 554 5188 rege
570 5131 622 5169 nort
644 5132 772 5186 maguum
800 5117 913 5170 lrtlnbit
966 5126 1062 5193 potuit,
1078 5132 1103 5178 et
1125 5124 1187 5178 ideo
1202 5123 1269 5176 dixit
1284 5124 1350 5194 quia
1374 5124 1468 5177 clarita
1488 5131 1555 5175 erar,
1571 5123 1650 5175 ,staua
1672 5132 1760 5176 auram

114 5200 700 5274 [1101101111111.191111131Ν11111111Ἢιε1101111111ζῇ
714 5204 814 5257 1101111111
830 5220 911 5277 qrrum
967 5214 1035 5266 sacto
1049 5212 1179 5266 nonninus
1189 5212 1256 5265 dixit
1266 5227 1346 5266 selvo
1357 5229 1363 5265 ς
1375 5211 1536 5269 llairunnde.
1550 5210 1759 5279 apesijanuam,

113 5291 159 5344 diu
179 5285 469 5358 reginerrireetnihil
488 5292 550 5346 linui
569 5292 913 5364 acquierere.l‘ater:lloc
966 5300 1014 5353 Cui
1033 5316 1146 5354 seruus:
1164 5301 1289 5364 Domine,
1307 5299 1429 5353 sciebam
1459 5299 1531 5370 qnod
1560 5298 1675 5355 solebas
1701 5315 1761 5355 etur

112 5375 207 5435 madiis
220 5375 278 5442 llffl
295 5377 384 5429 t'l'ssflil
400 5394 406 5438 t
425 5387 449 5433 el
464 5380 525 5433 ideo
541 5380 670 5450 praecepit
685 5381 862 5451 philosophus
878 5396 912 5439 nc
965 5389 1045 5443 bodie
1057 5404 1119 5442 esse
1132 5397 1300 5458 aperueruut
1308 5390 1372 5444 ideo
1386 5388 1460 5443 nolui
1474 5403 1536 5442 sero
1547 5403 1607 5441 eam
1623 5388 1761 5443 claudere.

109 5474 249 5552 quispiam
277 5470 357 5527 uiuris
379 5482 499 5530 moretur
514 5476 540 5529 in
567 5477 677 5531 seruitio
697 5477 779 5547 repis.
794 5477 912 5534 l'lriloso-
966 5478 1040 5531 Tunc
1054 5477 1180 5548 primum
1194 5479 1326 5548 coruperit
1350 5478 1477 5533 dontinus
1491 5475 1565 5546 quod
1590 5486 1705 5549 propter
1719 5477 1760 5549 pi·

146 5706 204 5773 (etl
219 5705 240 5760 T
242 5704 346 5761 almud·
1000 5710 1057 5763 risit
1071 5707 1173 5763 Genea.
1191 5720 1270 5765 sarrit.
