3780 6038
187 223 253 277 last

753 214 925 271 waurtultr
943 214 1086 270 abusus
1100 214 1134 269 S.
1153 213 1266 270 BLASH
1793 213 1838 271 tut

189 344 366 411 tascamales,
387 358 448 414 quae
463 359 497 399 ex
510 341 583 399 mala
601 339 763 396 conscientia
778 356 825 394 sua
854 350 989 394 merentur
1003 342 1029 401 Α
1044 338 1196 409 ubicunque
1224 355 1274 393 vos
1292 339 1444 394 innomine
1469 336 1597 395 Domini
1623 340 1841 409 congregaveritis

188 432 474 489 animaedetrimenta.
507 432 624 487 Hinoex
651 428 752 482 intimis
763 428 918 499 praecordiis
945 428 990 481 di-

187 520 303 575 cendum
330 520 381 575 erit
408 518 486 574 uobis
503 538 509 573 :
527 541 538 567 a
555 517 610 573 Cor
634 517 764 571 muudum
793 532 855 571 crea
887 516 915 569 iu
934 531 988 583 me,

189 618 261 672 Deus
277 618 368 688 (Psoi.
400 622 461 685 aar).
482 638 493 663 ι
512 616 541 671 Si
561 622 649 669 autem
666 614 786 669 conversi
808 613 919 680 fueritis,
943 628 990 668 re·

188 715 314 776 ctumque
340 721 387 761 cor
415 704 592 775 acquisieritis
619 704 645 757 in
660 702 803 773 praeceptis
831 702 988 769 Dominicis,

189 795 317 851 continuo
332 796 384 850 hcc
398 794 562 865 adimpletur
576 792 604 846 iu
618 791 696 847 vobis
712 809 719 846 :
736 792 814 847 Verle
839 791 946 860 impios,
964 798 992 845 et

190 908 245 948 non
260 899 338 947 erunt
351 891 438 964 impii,
468 898 569 946 etcum
584 889 693 944 demum
721 887 804 943 corda
817 895 906 942 nostra
934 884 990 941 effi-

190 979 296 1036 ciuntur
310 995 389 1044 nova,
422 995 575 1048 novumque
590 976 743 1032 retinebunt
756 976 859 1032 vinum.
882 996 893 1023 a
914 973 990 1028 Eun·

189 1068 316 1123 demente
338 1066 397 1137 ejus
411 1067 440 1121 in
467 1066 605 1121 montibus
618 1064 725 1131 sanctis,
757 1062 845 1135 diligit
859 1062 991 1117 Dominus

189 1164 281 1229 portus
300 1156 366 1211 Sion
381 1173 462 1227 super
484 1154 575 1211 omnia
596 1151 769 1207 tabernacula
783 1151 866 1206 Jacob
894 1152 985 1219 (Prot.

1043 434 1072 479 ut
1085 426 1189 481 beatius
1204 428 1318 481 veniatis
1340 428 1375 483 ad
1394 442 1563 498 supremum
1581 426 1665 480 diem
1696 429 1843 482 resurreetie

1043 513 1094 567 nis.
1111 515 1232 584 Denique
1247 522 1273 569 et
1286 515 1312 569 id
1336 516 1480 585 providete
1496 515 1527 569 iu
1542 514 1844 584 frequentationibusd

1043 612 1109 666 bora
1123 612 1150 666 iu
1166 614 1270 681 borani,
1296 613 1388 669 dedic
1403 614 1430 668 in
1445 613 1524 669 diem
1536 628 1637 683 usque
1654 612 1693 667 ad
1709 628 1804 668 cornua
1823 615 1845 669 ει

1043 701 1115 756 turis.
1131 702 1189 757 Hoc
1203 701 1285 757 altare
1297 709 1336 757 est
1350 703 1408 774 ipse
1433 702 1577 769 Christus,
1604 700 1656 772 qui
1674 702 1704 756 in
1720 718 1793 757 cruce
1814 719 1845 772 pro

1042 788 1121 844 nobis
1132 788 1229 844 obtulit
1255 790 1369 861 pretium
1383 790 1424 846 sui
1452 791 1528 846 sacri
1560 790 1695 846 cruoris.
1715 790 1845 847 Cornuaiu

1042 877 1168 932 manibus
1181 877 1240 947 ejus
1254 880 1365 949 (liobae.
1380 879 1433 950 ru),
1448 880 1550 935 clavos
1567 878 1681 949 quibus
1690 889 1845 936 monosemi

1043 973 1177 1031 transfixa·
1201 975 1384 1048 designantia
1403 977 1494 1033 erucis
1509 977 1665 1049 patibulo.
1699 977 1844 1034 Orationibu

1043 1062 1142 1134 itaque,
1166 1063 1277 1135 jejuniis
1303 1073 1330 1121 et
1343 1066 1474 1133 castitate,
1507 1066 1642 1136 aliisque
1659 1066 1744 1123 bouis
1769 1069 1845 1123 sabba

1042 1150 1069 1206 id
1084 1160 1239 1225 satagamus
1254 1153 1373 1224 quotidie
1387 1170 1452 1227 erpa
1473 1154 1527 1210 Dei
1542 1154 1728 1224 bonitatem,
1755 1165 1782 1210 ut
1804 1173 1844 1211 cun

189 1246 314 1315 cxxxvi).
342 1269 353 1294 ι
382 1244 569 1299 Fundamenta
589 1239 717 1296 Ecclesiae
745 1239 829 1295 sancti
848 1246 910 1293 sunt
927 1255 990 1310 pro-
1041 1239 1103 1294 linis
1116 1241 1219 1297 venerit
1233 1242 1294 1298 vitae
1308 1243 1330 1296 si
1345 1258 1379 1298 ex
1393 1250 1448 1298 toto
1460 1258 1520 1297 uun
1554 1245 1711 1315 possimus
1738 1244 1766 1299 in
1789 1262 1845 1301 eran

190 1335 289 1407 phetae,
309 1332 451 1388 duodecim
466 1331 551 1387 sancti
571 1329 695 1401 apostoli,
712 1344 762 1384 nee
776 1344 830 1384 non
845 1335 872 1382 et
898 1336 991 1384 sancta
1042 1329 1172 1402 pendere,
1188 1331 1282 1385 saltem
1301 1330 1473 1388 inveniamur
1500 1333 1645 1403 suspensi
1676 1334 1771 1389 inuno
1791 1335 1845 1390 clare

189 1432 357 1487 doctrinaex
373 1446 419 1485 ore
443 1445 536 1484 eorum
552 1428 665 1500 prolata.
696 1427 901 1495 Ponaequoque
929 1441 990 1479 san·
1041 1419 1260 1475 culcissacralae·
1289 1420 1330 1475 De
1345 1422 1396 1475 boc
1422 1421 1502 1476 altari
1525 1421 1651 1477 dixerat
1681 1423 1743 1495 ipse
1762 1425 1845 1479 Dete:

190 1527 240 1574 ctae
255 1518 394 1584 Ecclesia,
416 1534 477 1588 qum
501 1517 551 1572 Dei
566 1515 743 1586 omnipotenti
770 1515 905 1569 citeriores
928 1522 990 1568 suut
1043 1530 1055 1554 a
1072 1508 1160 1562 ditare
1175 1507 1208 1562 de
1236 1515 1305 1564 terra
1333 1508 1435 1564 iacietis
1463 1510 1536 1564 mibi
1566 1511 1687 1581 (Exod.
1707 1514 1846 1582 artabe

191 1606 319 1662 omnibus
348 1606 375 1660 in
408 1605 497 1661 lleteri
530 1607 701 1662 Testamenta
725 1602 912 1675 praefiguratis,
928 1609 990 1656 sunt
1041 1603 1124 1650 attare
1139 1599 1271 1652 esthamo
1285 1597 1513 1654 divinusercctus
1538 1616 1578 1654 cx
1598 1602 1694 1656 blavia
1710 1602 1809 1675 virgine
1829 1610 1848 1657 et

187 1706 297 1761 virtutes
313 1712 412 1761 sauctae
441 1704 519 1760 bouis
529 1704 656 1776 operibus
665 1703 795 1767 admistae,
810 1710 902 1758 sancta
929 1685 1433 1759 sci-B⁰Xs⁰gdlisusssi¹a²u⁵⁵fispffl

188 1794 250 1849 licet
263 1793 340 1860 tides,
353 1810 424 1863 spes,
442 1801 468 1848 et
483 1794 599 1849 ebaritas
615 1807 621 1858 ;
637 1801 758 1847 sanctum
785 1807 891 1861 quoque
918 1790 985 1862 bap·

188 1884 276 1939 tisana.
294 1882 345 1952 Qui
361 1892 540 1954 peccaverunt
554 1889 614 1951 post
623 1880 758 1952 baptisma
770 1880 805 1936 ad
820 1882 867 1935 laos
895 1888 985 1952 portas

186 1972 279 2027 salutis
306 1971 442 2039 festinent,
466 1970 591 2026 videlicet
620 1969 654 2024 ad
668 1986 759 2026 veram
786 1969 983 2039 penitentiam,

186 2076 282 2131 puram
311 2059 519 2128 confessionem,
550 2066 765 2130 perseverantem
794 2058 984 2113 continentiam

187 2166 203 2204 a
217 2150 345 2221 peccatis.
361 2149 448 2220 Super
463 2150 532 2203 lruuc
550 2148 639 2217 itaque
653 2147 764 2202 danaum
783 2147 863 2201 bodie
877 2147 984 2218 suppli-

185 2254 279 2292 camus
308 2236 489 2307 omnipotenti
517 2236 586 2307 Dea,
617 2243 747 2304 quatenus
774 2235 904 2305 quidquid
931 2235 983 2290 ali·

185 2333 245 2402 quis
273 2333 414 2389 bominum
442 2332 616 2404 postulaverit
636 2332 679 2385 liic
693 2348 709 2386 a
723 2331 839 2386 Domino
853 2331 928 2400 boni,
956 2332 984 2386 id

186 2428 322 2477 mereatur
335 2421 461 2492 adipisci.
481 2419 567 2476 Hodie
582 2436 689 2490 quoque
706 2420 791 2474 sancti
804 2420 893 2492 auqeli
915 2421 984 2478 visi-

185 2523 242 2572 tant
266 2518 310 2574 bic
345 2533 408 2573 suos
439 2516 574 2586 concives,
608 2516 704 2587 quibus
731 2516 831 2571 dudum
860 2517 984 2591 indigna-

186 2607 293 2677 bantur,
310 2614 337 2663 ct
350 2622 448 2677 corpus
465 2606 579 2661 sumitur
593 2607 663 2661 Jcsu.
689 2606 757 2661 Hine
769 2607 895 2678 scriptum
924 2615 979 2663 est:

188 2718 199 2745 a
216 2694 313 2767 angeli
327 2710 421 2750 eorum
435 2711 542 2766 semper
556 2695 648 2751 vilent
663 2695 760 2750 faciem
775 2695 980 2766 Patris(llottb.

189 2784 282 2854 xviri).
303 2806 315 2832 a
332 2783 381 2839 Hic
395 2784 485 2854 itaque
500 2784 589 2855 angeli
600 2783 684 2837 sancti
699 2800 760 2839 eum
779 2784 871 2839 laetitia
885 2786 982 2857 gravidi

184 2881 315 2938 hodierno
330 2882 478 2937 ascendunt
492 2889 517 2937 et
530 2882 703 2949 descerrduut,
720 2881 894 2937 adventantes
919 2882 980 2937 ani-

183 2987 248 3041 urae,
264 2987 325 3027 cum
342 2971 420 3026 suerit
434 2970 560 3042 sopitaiu
574 2970 747 3040 cunctisque
762 2970 981 3041 percaruemad·

183 3067 331 3116 amaverat.
356 3060 421 3114 llaec
435 3061 526 3114 anima
554 3058 617 3114 vluru
634 3058 764 3128 quieverit
778 3074 794 3113 a
808 3060 877 3113 curis
903 3051 1022 3116 exte-C

1073 1828 1147 1899 Ergo
1165 1851 1176 1877 a
1193 1845 1255 1883 eum
1275 1829 1393 1885 medium
1421 1830 1567 1886 silentium
1602 1840 1736 1892 tenerent
1763 1835 1847 1899 omnia,

1038 1924 1065 1972 et
1078 1932 1132 1972 nox
1143 1916 1171 1970 in
1184 1934 1233 1973 suo
1246 1934 1324 1972 cursu
1339 1918 1389 1974 iter
1405 1919 1532 1988 baberet,
1565 1923 1758 1993 omnipotens
1777 1940 1847 1979 serua

1039 2012 1108 2071 tuus,
1125 2005 1277 2072 Dominae
1292 2007 1428 2079 regalibus
1442 2007 1561 2064 sedibus
1570 2013 1658 2067 venit
1669 2014 1748 2085 (Sap.
1757 2019 1846 2073 xvirat-

1037 2094 1104 2149 Bina
1131 2094 1237 2149 silentia
1267 2096 1437 2167 contigerant
1464 2096 1496 2152 iu
1519 2099 1637 2155 mundo
1675 2120 1682 2156 :
1713 2102 1751 2157 ita
1763 2102 1849 2157 seilicet

1037 2190 1066 2236 ut
1080 2181 1114 2236 de
1129 2183 1186 2237 Deo
1204 2183 1269 2237 nibil
1280 2199 1349 2252 pene
1377 2183 1520 2240 audiretur
1534 2186 1565 2241 in
1583 2189 1719 2247 humano
1747 2206 1844 2264 peren.

1037 2277 1132 2332 Adbuc
1146 2294 1254 2349 quoque
1280 2279 1404 2335 adveniet
1427 2297 1516 2337 unum
1545 2283 1700 2341 silentium
1713 2287 1741 2341 iu
1765 2297 1847 2343 aterna

1037 2367 1136 2436 quiete,
1152 2367 1200 2423 ubi
1213 2368 1305 2422 siletur
1318 2368 1353 2424 ab
1367 2369 1443 2425 omni
1463 2372 1593 2428 tumultu
1610 2383 1642 2429 et
1657 2377 1796 2433 rnuudaua
1816 2377 1846 2430 iu-

1037 2455 1136 2524 quiete,
1152 2472 1205 2526 quo
1219 2463 1246 2511 et
1258 2457 1387 2529 gaudium
1401 2457 1548 2515 habebunt
1562 2461 1719 2521 ineffabile
1732 2466 1798 2521 inter
1808 2480 1845 2520 ce·

1035 2558 1172 2605 vascentes
1185 2565 1360 2620 amoenosque
1388 2552 1511 2623 paradisi
1533 2555 1665 2627 lapides.
1682 2560 1743 2616 linc
1757 2568 1792 2616 est
1807 2568 1846 2615 ter·

1037 2638 1102 2693 tium
1117 2638 1262 2694 silentium.
1279 2640 1397 2695 Primum
1411 2641 1557 2698 silentium
1579 2655 1649 2702 erat
1663 2658 1728 2704 ante
1747 2651 1845 2721 lagena

1036 2725 1086 2781 tria
1101 2726 1186 2782 millia
1199 2735 1226 2783 et
1239 2736 1346 2783 centurn
1361 2744 1498 2785 annorum
1524 2734 1844 2805 perdurans3sccuuduru

1034 2814 1170 2870 silentium
1198 2825 1258 2886 post
1285 2817 1374 2889 legem
1388 2826 1452 2874 ante
1479 2821 1625 2894 gratiam,
1644 2826 1723 2895 quod
1743 2827 1845 2882 malian

1034 2911 1169 2967 silentium
1185 2921 1251 2968 erat.
1275 2915 1306 2969 lu
1329 2914 1417 2985 primo
1431 2916 1546 2974 silentio
1576 2938 1636 2977 nec
1660 2932 1775 2993 peccata
1799 2940 1847 2994 que

1035 3007 1184 3072 gesserant,
1200 3018 1249 3057 uec
1275 3002 1427 3058 diuturnam
1444 3014 1580 3076 mortem,
1600 3026 1670 3081 quae
1686 3014 1727 3068 eis
1752 3014 1846 3087 inpure·

1038 3098 1092 3161 bat,
1118 3114 1287 3168 nequaquam
1309 3111 1480 3172 agnoverunt
1501 3122 1508 3158 :
1527 3104 1590 3163 imo
1614 3109 1762 3167 siluerunt
1790 3113 1847 3167 Date

182 3157 299 3214 rioribus
326 3157 364 3256 in.
378 3156 433 3256 suis
460 3156 669 3256 capitationibus
694 3163 728 3254 ¹et
755 3157 831 3225 quasi
858 3157 981 3257 vigilanti
1037 3202 1100 3241 ,em
1116 3187 1176 3259 pege
1191 3204 1240 3258 per
1253 3189 1372 3258 Momm
1389 3191 1567 3263 ostensisque
1598 3201 1727 3268 peccatis
1764 3216 1846 3273 pm·

185 3245 268 3303 corde
297 3246 378 3302 luerat
400 3262 427 3299 ιι
455 3246 504 3301 Der
528 3245 764 3316 contemplatione,
794 3253 877 3301 sancti
892 3247 981 3318 angeli
1036 3245 1410 3347 ,omssapmemquae'mbanp
1439 3288 1619 3354 ruptumque
1634 3243 1776 3344 suendum
1793 3304 1846 3361 pm.

183 3342 374 3413 proculdubio
388 3343 537 3415 gaudentes
560 3350 702 3398 oceurrunt
726 3343 864 3399 ibicum
891 3354 980 3400 autem
1035 3365 1123 3435 phepae
1137 3365 1351 3433 psaedqfflverum
1379 3367 1453 3422 nasci
1469 3368 1661 3431 palpamen]
1690 3378 1725 3432 de
1753 3379 1844 3451 virgine

182 3448 259 3530 utens
274 3434 393 3487 humana
408 3431 487 3487 fueri!
514 3448 671 3532 rebelssusffl
684 3432 761 3529 Μ
775 3433 895 3502 0⁰fP⁰si⁵
921 3434 980 3488 sm·
1034 3461 1128 3515 blaria.
1144 3462 1265 3531 Cumque
1280 3472 1447 3536 nonagentos
1461 3482 1556 3524 annus
1568 3473 1775 3531 vociferassent
1799 3492 1844 3546 ep·

180 3520 466 3592 E¹¹1iffls⁰b⁸0¹¹ffl¹u¹¹
487 3537 562 3590 (luaffl
586 3537 613 3574 ¹¹¹
631 3521 734 3588 ¹¹¹¹h¹¹⁰2
751 3522 823 3591 ‘1¹¹0d
850 3522 980 3594 silendo·
1034 3548 1115 3604 tando
1127 3549 1235 3604 Domini
1249 3552 1404 3620 adventum,
1421 3554 1498 3610 venit
1513 3557 1652 3617 Christus
1670 3565 1763 3620 :uude
1776 3580 1843 3620 oruue

180 3631 238 3670 ΜΠ
253 3623 389 3688 ΡθῑῬθῑῑῙθ
404 3615 471 3671 Ῑῦὓῑῧ
485 3631 518 3671 ⁰¹
529 3617 575 3670 1¹¹³
585 3616 760 3687 P⁰s¹¹¹fbfliii
789 3619 891 3674 Etcum
913 3619 979 3676 ilem
1034 3636 1105 3707 quod
1119 3637 1147 3692 iu
1162 3646 1231 3693 turra
1245 3648 1302 3695 erat
1315 3640 1396 3709 siluit,
1413 3642 1477 3711 quia
1506 3645 1643 3705 Christus
1657 3652 1778 3709 advenit.
1797 3654 1842 3707 liat

181 3711 303 3774 ternpore
318 3704 472 3759 tentationis
495 3704 619 3759 reciderit
637 3705 663 3758 iu
677 3722 740 3760 suos
754 3708 877 3777 antiquos
904 3710 980 3781 cogi·
1033 3743 1074 3790 es,
1086 3735 1158 3789 enim
1169 3736 1303 3792 ,pennum
1319 3737 1346 3792 jn
1360 3754 1413 3808 quo
1428 3739 1556 3798 Christus
1572 3756 1664 3804 napus
1678 3767 1761 3807 omne
1782 3748 1842 3822 quod

181 3799 259 3859 tatus,
288 3809 320 3848 ac
346 3792 555 3863 reciprocaverit
582 3793 718 3847 mirabiles
747 3796 866 3867 corporis
894 3806 977 3865 actus,
1032 3823 1709 3895 sueratsepemnapumexcpanmmfflisemoe
1728 3840 1831 3895 Domine

180 3881 799 3954 nostriconcivesnosarrsugiunt,etangeliiu
826 3885 979 3941 caelestibus
1033 3912 1173 3968 miserere·
1192 3914 1281 3969 Medio
1305 3931 1421 3985 namque
1443 3916 1557 3976 spemio
1587 3880 1839 3999 1100ῃὶοᾈοΝμᾶ

183 3969 387 4026 ertubescuntde
402 3970 499 4024 nostris
523 3970 676 4025 excessibus
702 3971 728 4024 in
743 3971 798 4026 suis
824 3975 979 4045 egelvinibus
1032 4016 1097 4071 pax,
1125 4002 1210 4071 quie„
1240 4002 1386 4071 mimum
1410 4014 1592 4076 mmmmm
1625 4014 1838 4091 indulgentia&

215 4076 310 4149 igitur,
326 4077 486 4145 cbarissimi,
519 4076 700 4132 conciliamini
737 4078 815 4135 vobis
854 4081 977 4151 spiritum
1032 4088 1150 4146 humano
1164 4091 1258 4162 generi
1273 4108 1322 4163 per
1336 4092 1470 4149 Christum
1503 4097 1626 4156 collatu.
1642 4104 1708 4161 iloc-
1721 4106 1769 4162 Dei
1781 4106 1833 4159 l'er·

179 4165 294 4233 consilii,
310 4166 466 4221 uticensem
488 4173 605 4221 vestram
634 4166 670 4220 ita
698 4168 813 4222 tractetis
827 4170 899 4238 quod
919 4172 977 4227 Deo
1031 4177 1194 4235 buniadbuc
1218 4180 1362 4251 alloquitur
1388 4182 1521 4239 muudum
1540 4204 1548 4242 z
1568 4212 1580 4235 u
1616 4191 1728 4251 Discite
1752 4212 1768 4251 a
1789 4210 1834 4259 ne,

180 4262 320 4334 placeatis,
336 4262 408 4331 quod
418 4262 565 4319 amicitiam
580 4263 737 4335 angulorum
759 4265 889 4335 babeatis,
906 4270 978 4339 quod
1031 4265 1095 4336 quia
1110 4267 1181 4321 milis
1194 4285 1254 4323 sum
1268 4279 1294 4325 ct
1321 4270 1429 4325 humilis
1443 4272 1527 4329 corde
1543 4276 1669 4345 (detta.
1687 4284 1739 4354 ιιι).
1753 4308 1764 4331 υ
1779 4283 1836 4339 Cum

177 4349 432 4422 jusbaerediturium
460 4351 575 4406 liliorum
592 4350 641 4406 Dei
670 4352 838 4422 possideatis.
871 4357 977 4413 Cbun's-
1032 4363 1121 4410 autern
1137 4355 1172 4410 ad
1190 4357 1383 4413 beatitudinem
1410 4361 1543 4418 modales
1571 4373 1767 4439 pervenerint,
1791 4386 1837 4426 nou

178 4438 242 4493 simi
259 4454 341 4494 :eece
365 4438 392 4492 in
420 4437 502 4494 deuio
529 4438 602 4511 regis
629 4439 744 4496 caelestis
769 4445 904 4513 constatis,
934 4446 978 4503 bic
1033 4453 1101 4508 ultra
1116 4453 1233 4511 clamare
1256 4472 1305 4512 uec
1328 4472 1405 4513 crare
1424 4459 1538 4526 babent,
1555 4462 1608 4518 sel
1625 4468 1749 4526 silentet
1773 4471 1837 4540 ‹urit-

179 4543 259 4594 vocat
273 4551 401 4608 sponsam
433 4553 519 4605 suam,
535 4537 654 4593 oninium
682 4537 784 4595 scilicet
810 4543 978 4614 uuiuscujus·
1030 4557 1107 4605 scunt
1121 4567 1137 4605 a
1151 4550 1274 4621 pluribus
1298 4553 1480 4625 gemebundis
1492 4556 1675 4620 clamoribus
1685 4567 1783 4637 quibus
1793 4564 1837 4622 sibi

181 4653 234 4707 que
261 4651 342 4706 quam
359 4635 547 4708 emtam-oprio
562 4653 666 4707 eruore,
693 4654 725 4694 uc
751 4638 849 4697 dicat:
878 4643 975 4718 Surge,
1030 4646 1129 4716 aperiri
1142 4648 1244 4703 coslum
1270 4650 1463 4717 vociferabant,
1479 4653 1562 4724 juxta
1575 4657 1651 4717 illud
1670 4683 1678 4718 :
1696 4687 1709 4713 ι
1739 4664 1837 4722 Con-sd·

179 4726 267 4783 amica
286 4725 547 4793 mea,e1cuterede
566 4727 902 4801 pulvereveterispeecati
923 4751 977 4804 quo
1030 4743 1093 4798 disti
1116 4762 1223 4801 mecum
1263 4763 1354 4804 meum
1381 4757 1408 4805 et
1434 4750 1649 4814 circumdedisti
1680 4779 1727 4819 me
1755 4764 1837 4820 leb'tia

177 4816 266 4915 sopita
278 4815 402 4915 jacebas.
422 4813 550 4913 andorra
564 4814 630 4868 mibi
646 4816 774 4914 templum
783 4818 811 4872 iu
824 4820 905 4877 corde
920 4830 975 4891 tuo,
1032 4833 1122 4901 (Paul.
1137 4835 1231 4905 xxix).
1245 4858 1256 4883 u
1266 4837 1297 4890 ln
1306 4837 1452 4907 illqmedio
1462 4840 1585 4913 silentio,
1596 4855 1630 4902 ut
1641 4852 1835 4921 praefatumerl.

178 4903 321 4977 quiaillud
348 4903 499 4959 inhabitare
528 4903 601 4974 valo,
630 4920 651 4958 ιι
680 4914 790 4974 peecata
816 4908 974 4966 deserueris.
1030 4920 1299 4992 omnipoteossermc
1314 4941 1331 4981 a
1344 4925 1483 4999 regalibus
1499 4930 1619 4989 sedibus
1634 4940 1724 4996 vessit·
1751 4940 1836 5011 0⁰5⁸?

176 4994 244 5050 Post
268 5008 362 5048 omnes
384 4991 599 5048 abominationes
627 4999 684 5048 tuas
710 5003 844 5052 revertere
858 4998 892 5053 ad
920 5017 974 5071 me,
1029 5017 1218 5089 Dcit'erbum,
1249 5021 1332 5078 Filius
1350 5023 1409 5092 Dei,
1424 5024 1483 5080 Rex
1497 5026 1703 5109 Filiusllegis,
1728 5037 1836 5095 Unde?

178 5099 204 5147 et
218 5097 403 5163 egorovertur
430 5088 465 5144 ad
495 5097 520 5145 te
534 5090 753 5164 (accusemus.)
779 5094 850 5165 lam,
869 5097 975 5152 cbaris-
1028 5109 1194 5165 Aeonceesu
1221 5110 1262 5166 sui
1277 5111 1370 5167 Patris.
1390 5111 1545 5181 Quodam
1560 5122 1723 5191 patibulem
1746 5133 1835 5183 sanem

179 5190 251 5260 simi,
266 5199 337 5248 recte
353 5191 420 5247 festu
435 5190 561 5247 Ecclesiae
581 5191 673 5247 colunt
686 5193 732 5264 qui
745 5210 774 5249 se
787 5193 857 5252 filios
885 5199 976 5256 Eccle·
1027 5204 1124 5271 crucis,
1147 5206 1244 5264 usede
1258 5209 1344 5279 regali
1358 5208 1392 5265 ad
1405 5210 1552 5269 textrinam
1568 5222 1703 5279 mortalis
1729 5224 1834 5297 me,

178 5286 226 5341 sia·¹
246 5296 421 5360 cognoscunt.
438 5288 536 5344 Sancta
561 5289 680 5345 Ecclesia
703 5299 745 5347 est
772 5302 857 5350 mater
874 5305 972 5354 vestra.
1027 5300 1200 5372 asplendore
1214 5304 1276 5359 coeli
1301 5304 1335 5360 ad
1363 5306 1487 5363 tenebras
1504 5308 1672 5373 internum
1696 5319 1834 5377 ideoare
1880 5336 1882 5341 ·

178 5382 257 5454 Quod
271 5384 293 5438 si
308 5393 335 5439 et
347 5400 396 5443 vos
418 5384 546 5441 Ecclesiae
559 5384 607 5440 lilii
635 5387 747 5455 fueritis,
772 5390 840 5447 festa
867 5393 974 5451 dedica-
1026 5398 1133 5471 palibus
1147 5401 1314 5457 nouebuna
1327 5402 1391 5459 sede
1404 5404 1501 5477 regali,
1519 5410 1589 5479 quia
1603 5413 1633 5469 ht
1650 5417 1701 5487 qui
1723 5418 1833 5477 empse,
1880 5400 1882 5409 '

177 5481 340 5538 tionisreete
355 5482 534 5537 celebrabitis.
566 5483 681 5540 Proinde
697 5509 708 5536 a
721 5488 872 5546 constituite
900 5493 973 5550 diem
1026 5515 1088 5554 curu
1102 5501 1195 5557 labore
1208 5504 1344 5572 patierint,
1360 5506 1457 5562 horum
1480 5507 1601 5581 quisque
1615 5518 1737 5589 Μοίριος
1760 5534 1831 5577 0010.

173 5581 322 5636 solemnem
364 5577 392 5631 in
418 5578 560 5633 condensis
594 5583 736 5651 usquead
772 5602 856 5643 cornu
882 5591 973 5648 altaris
1025 5612 1089 5652 narn
1104 5598 1166 5655 vitae
1192 5600 1306 5674 singulis
1319 5602 1469 5675 quibusque
1497 5606 1627 5682 singalas
1640 5630 1762 5675 eom„
1785 5618 1830 5674 ῃ.

172 5679 261 5749 (Paul.
281 5676 383 5748 axau).
404 5698 415 5724 ι
432 5674 519 5732 Hodie
533 5677 623 5750 itaque
641 5679 782 5740 vobiscum
811 5696 971 5758 pertractate
1024 5694 1150 5754 bentibus
1177 5706 1204 5757 et
1225 5716 1287 5757 cum
1301 5700 1379 5759 Patre
1403 5717 1454 5761 sue
1480 5710 1670 5781 regnantem
1698 5716 1729 5775 in
1752 5730 1829 5793 W
