3780 6038
183 242 234 306 tte
691 238 857 298 corrulo!
879 238 1023 298 sostris
1043 235 1316 298 VINDOCINENSlS
1787 238 1840 301 tot

182 367 352 440 respuendus
366 373 438 422 esset
453 375 478 421 ct
494 364 682 430 detestandus,
698 372 728 420 ut
748 363 792 420 vel
821 363 861 421 sic
884 366 978 436 posset
991 362 1019 425 Α
1034 361 1214 441 dignoscitur,
1230 384 1286 426 non
1299 364 1468 437 contradico,
1485 360 1534 424 sed
1549 359 1671 424 concedo
1687 374 1724 436 ei,
1744 378 1838 441 ques*

181 471 333 529 agnoscere
348 470 429 526 quam
445 469 530 525 grave
545 454 579 508 sit
595 452 622 506 in
635 468 696 508 enm
712 451 759 524 qui
775 450 827 508 soli
841 452 912 509 coelo
935 453 979 508 in·
1032 455 1079 511 diu
1095 456 1195 525 vixero,
1207 456 1292 513 velint
1305 456 1391 512 nolint
1416 453 1508 527 angeli
1536 455 1745 524 discordiarum,
1776 454 1840 513 dili-

181 544 334 602 noccntiam
349 543 432 598 debet
448 558 480 598 os
494 557 608 612 ponere.
627 543 679 611 97
693 540 774 599 Novit
791 550 979 613 praetoresve·
1032 552 1129 617 genter
1142 545 1305 601 observabo.
1322 544 1455 614 injustum
1481 551 1523 600 est
1550 541 1623 601 enim
1650 553 1678 600 ct
1707 544 1835 616 impium,

182 641 239 688 stru
253 631 364 688 dilectio
378 629 442 702 quid
454 629 585 701 magistro
596 628 729 695 debentis,
753 636 779 685 et
799 629 865 702 qnid
892 629 978 686 disci·
1033 632 1105 705 quod
1117 633 1190 702 justa
1201 640 1228 689 et
1241 634 1288 704 pia
1301 631 1484 704 dispositione
1494 630 1628 689 bonorum
1642 633 1835 705 predecesso-

181 720 257 793 pulo.
272 721 342 776 Nam
354 717 505 775 secundnm
518 716 666 773 salvatoris
689 717 873 772 testimouium
891 736 897 772 :
919 719 979 775 Non
1032 736 1093 775 rum
1109 728 1262 777 vestrorum
1278 726 1307 776 et
1322 719 1495 776 laudatorum
1505 721 1666 777 monasterii
1678 720 1768 778 nostri
1783 722 1839 792 99

183 807 979 882 estdiscipelessupromagistrumtllcttlsm,sitneque
1033 807 1133 865 iactum
1149 816 1176 865 et
1191 824 1240 880 per
1267 807 1342 880 ipsos
1363 808 1556 866 irretractabili
1575 807 1735 882 apostolicae
1763 808 1840 864 sedis

182 897 321 969 apostolus
336 898 421 966 major
433 910 466 951 eo
480 895 526 967 qni
542 894 613 948 misit
628 893 718 950 illum.
735 894 763 950 Si
778 910 845 950 vero
859 910 911 966 pro
925 894 979 950 do·
1032 896 1191 954 auctoritato
1206 895 1342 952 firmatum
1356 898 1493 964 novimus,
1508 896 1624 953 violare.
1648 897 1690 954 Ea
1718 912 1780 970 quse
1801 897 1837 953 ab

182 985 250 1041 mini
265 1000 344 1057 papae
362 983 517 1039 obedientia
539 982 605 1037 mibi
630 981 727 1051 injuria
753 982 884 1048 redditur,
902 980 980 1038 laetor
1033 985 1255 1042 antecessoribus
1269 985 1368 1041 vestris
1384 985 1465 1042 nobis
1479 993 1542 1040 sunt
1556 986 1670 1057 scripta,
1686 986 1766 1042 vobis
1779 986 1840 1041 An-

185 1090 240 1130 non
255 1072 429 1130 mediocriter
442 1078 469 1127 et
482 1071 604 1127 delector
617 1085 668 1142 pro
683 1078 760 1126 tanto
774 1070 885 1126 domino
906 1070 980 1141 inju-
1034 1073 1149 1147 degavis
1163 1081 1338 1131 monastrare
1352 1073 1436 1140 volui,
1452 1073 1500 1129 sed
1510 1089 1559 1129 ros
1569 1089 1625 1130 non
1635 1073 1771 1130 habuistis
1779 1089 1841 1145 spa-

184 1158 255 1232 met,
271 1177 321 1234 pro
336 1174 391 1234 quo
405 1175 460 1215 non
474 1159 566 1216 solum
580 1158 730 1229 quamlibet
744 1159 872 1229 injuriam
894 1158 980 1215 susti·
1033 1162 1102 1218 tium
1117 1161 1238 1219 videndi.
1251 1162 1291 1217 lbi
1304 1163 1378 1219 enim
1392 1171 1531 1233 precepta
1559 1170 1588 1218 et
1616 1161 1764 1234 privilegia
1781 1163 1840 1230 jam

183 1264 261 1320 nere,
276 1250 324 1305 scd
340 1247 421 1303 etium
437 1261 485 1317 pro
506 1248 570 1319 ipso
596 1263 706 1303 crucem
730 1254 840 1317 portare
868 1254 979 1318 paratus
1032 1254 1151 1322 perires
1173 1265 1263 1307 annos
1292 1257 1479 1321 reservantur,
1498 1258 1612 1323 propter
1634 1250 1839 1321 superfluitates

184 1354 245 1394 sum
261 1355 268 1403 ;
284 1352 300 1392 a
315 1337 393 1406 cuius
408 1343 503 1392 sancta
517 1333 672 1391 obedientia
692 1342 719 1390 et
745 1333 875 1390 fidelitate
898 1349 979 1391 nemo
1031 1355 1174 1411 aquarum,
1189 1355 1251 1412 quse
1268 1338 1385 1394 armaria
1400 1347 1506 1407 nostra,
1523 1355 1584 1410 quae
1599 1346 1662 1394 sunt
1676 1338 1839 1407 vindocini,

184 1441 304 1498 unquam
318 1424 408 1479 vivum
423 1423 466 1481 tel
479 1432 615 1480 mortuum
642 1437 686 1479 me
712 1422 815 1494 poterit
833 1438 974 1494 separare.
1032 1427 1102 1484 adeo
1116 1427 1314 1483 inundaverunt
1324 1435 1351 1484 et
1368 1442 1470 1499 aquosa
1490 1427 1669 1500 reliquemnt,
1700 1427 1774 1498 quod
1804 1443 1837 1483 es

185 1514 253 1571 Cum
267 1513 401 1570 Nivelone
410 1527 586 1570 concausam
596 1512 730 1584 agendam
739 1512 810 1584 apud
820 1511 976 1579 Carnotum,
1031 1524 1107 1588 parte
1116 1515 1180 1571 libri
1196 1515 1294 1583 nostri,
1309 1515 1357 1589 qui
1370 1515 1407 1571 ibi
1421 1514 1538 1584 fuerant,
1556 1514 1709 1586 perierunt.
1720 1516 1756 1571 lte
1769 1531 1835 1588 qiso

184 1602 233 1659 sed
248 1603 391 1659 terminum
406 1600 550 1658 audientiae
565 1600 600 1656 de
613 1599 783 1667 investitura,
798 1608 891 1657 vestro
913 1615 978 1657 con·
1031 1602 1104 1659 niam
1123 1602 1294 1675 adpraesens
1308 1602 1409 1675 partim
1420 1602 1547 1673 corporis
1572 1601 1736 1668 infirmitate,
1764 1618 1832 1674 par·

185 1691 247 1747 silio
262 1690 398 1757 inductus,
414 1706 470 1746 nou
484 1698 577 1745 nostra
591 1690 689 1745 ductus
699 1688 835 1745 voluntate
846 1689 974 1760 suscepit,
990 1713 1018 1774 B
1033 1691 1081 1747 tim
1105 1691 1264 1747 monasterii
1289 1691 1455 1748 necessitate
1482 1690 1617 1758 detentus,
1656 1689 1839 1747 Vindocinum

183 1780 256 1851 quod
269 1786 355 1836 totum
368 1777 511 1835 messione
520 1785 609 1834 vestra
623 1776 728 1833 credidi
743 1784 770 1832 et
794 1776 879 1834 credo
901 1793 975 1848 prse-
1030 1780 1154 1837 fortassis
1168 1779 1263 1837 venire
1277 1795 1332 1836 non
1347 1787 1452 1851 potero,
1467 1793 1538 1854 rogo
1552 1778 1714 1850 suppliciter
1728 1787 1760 1834 ut
1784 1778 1837 1835 do-

183 1866 300 1924 teriisse.
316 1867 385 1922 Nam
396 1866 461 1922 dum
476 1866 567 1923 adhue
580 1866 653 1936 apud
664 1864 867 1920 bonamvallem
887 1881 978 1922 essem
1030 1869 1132 1924 minum
1149 1868 1326 1935 bernardum,
1339 1876 1366 1924 et
1380 1869 1510 1925 domnum
1523 1866 1704 1935 lisinas-dum,
1720 1867 1767 1924 vel
1785 1883 1835 1924 eo-

183 1955 334 2023 vobiscum,
345 1954 461 2024 dixistis,
476 1954 550 2026 quod
563 1953 711 2012 Carnorum
727 1969 771 2010 me
786 1953 897 2009 minime
907 1968 977 2010 con-
1031 1973 1093 2013 rum
1106 1957 1223 2013 alienam
1237 1957 1273 2013 sd
1287 1973 1339 2013 nos
1356 1956 1479 2025 mittatis,
1489 1964 1576 2028 etego
1590 1971 1652 2012 enm
1662 1971 1678 2011 a
1687 1955 1841 2013 vindocino

183 2043 285 2101 ducere
300 2043 445 2115 poteratis,
462 2050 490 2098 et
503 2042 566 2099 ideo
574 2041 649 2108 utile,
663 2041 718 2099 imo
726 2041 980 2098 necessariomerat
1032 2061 1120 2118 usque
1133 2044 1309 2118 Andagavim
1324 2044 1440 2102 conduci
1455 2043 1554 2101 iselam
1567 2051 1594 2100 et
1608 2043 1644 2100 ad
1669 2058 1718 2100 vos
1740 2043 1837 2101 reduci

182 2138 212 2186 ut
227 2131 371 2187 terminum
386 2130 528 2186 mutaretis
543 2131 680 2197 etlocum,
697 2130 773 2186 sicut
787 2128 902 2186 lecistis.
929 2131 979 2186 l’er
1033 2133 1080 2206 qui
1095 2142 1187 2191 nostra
1200 2132 1292 2190 videet
1305 2133 1417 2205 scripte,
1434 2140 1460 2188 et
1475 2133 1509 2189 sd
1524 2148 1584 2199 vos,
1599 2132 1622 2187 si
1634 2131 1734 2203 placet,
1746 2147 1841 2205 repor-

182 2220 324 2291 llugonem
339 2220 439 2276 etenim
449 2220 581 2276 decanum
590 2228 711 2274 vestrum
723 2220 797 2289 (teo)
809 2218 875 2273 mibi
885 2226 979 2290 postes
1032 2229 1071 2278 tet
1085 2221 1254 2295 transcripta.
1271 2221 1356 2278 Vobis
1369 2222 1478 2288 iterum,
1495 2220 1518 2277 si
1532 2219 1705 2293 quaesieritis,
1729 2221 1841 2293 quando

180 2307 330 2363 mandastis
344 2324 379 2363 ne
392 2307 509 2364 termino
521 2307 593 2363 inter
606 2322 651 2362 me
663 2314 691 2362 et
704 2306 867 2363 Nivelonem
879 2314 980 2363 statuto
1033 2309 1214 2368 Vindocinum
1231 2309 1398 2378 venerimus,
1414 2324 1448 2366 es
1468 2308 1584 2365 libenter
1612 2308 1840 2366 monstrabimus.

181 2398 330 2454 carnotum
345 2396 477 2464 venirem,
495 2396 613 2469 quirilli
632 2396 731 2453 adesse
761 2411 816 2452 non
843 2396 975 2468 possetis.
1034 2398 1084 2466 lbi,
1102 2400 1158 2456 Deo
1181 2398 1339 2469 auxiliante,
1352 2397 1480 2455 videbitis
1508 2398 1580 2453 unde
1601 2397 1715 2468 reprimi
1742 2397 1844 2459 debeat

181 2486 318 2542 Praeterea
332 2500 383 2556 per
394 2486 496 2541 tratres
508 2487 619 2540 nostros
634 2485 774 2557 Paganum
786 2494 812 2540 et
830 2484 980 2542 Galterium
1033 2485 1187 2560 importuna
1200 2487 1352 2560 loquacitas
1366 2484 1526 2544 aemulorum
1552 2484 1609 2558 qui,
1638 2500 1750 2543 suorum
1774 2500 1844 2541 ven-

182 2574 318 2647 usquead
333 2573 503 2646 liogationes
519 2574 616 2631 vosud
641 2581 733 2643 partes
759 2581 866 2630 nostras
886 2581 980 2630 ventu·
1034 2574 1144 2633 tositate
1159 2575 1318 2643 verborum,
1339 2581 1529 2646 tempestatem
1552 2573 1688 2631 suscitare
1709 2581 1844 2631 conantur

181 2679 241 2719 rum
252 2660 439 2736 significastis,
454 2661 501 2718 ubi
517 2678 614 2718 secare
629 2669 656 2717 et
669 2669 745 2719 certo
758 2661 804 2718 die
817 2662 853 2719 de
868 2661 982 2717 investi·
1034 2663 1062 2719 in
1079 2663 1233 2737 tranquilla
1246 2673 1337 2721 mente
1355 2664 1503 2719 bonorum.

181 2758 244 2806 tura
256 2757 445 2817 tractaremus,
460 2763 486 2806 es
499 2750 607 2806 interim
621 2749 791 2817 Nivelonem,
803 2759 831 2806 nt
845 2765 896 2806 nos
907 2749 982 2807 inve-

182 2839 268 2906 stiret,
280 2838 428 2910 rogaretis.
448 2839 674 2910 Exspectavimus
687 2838 801 2911 quidem
824 2838 980 2907 terminum,
1235 2868 1320 2939 100
1334 2862 1505 2922 EPISTOLA
1519 2864 1640 2920 mm·

180 2926 229 2982 sed
243 2941 335 2999 neque
347 2941 395 2983 vos
410 2941 498 2999 neque
512 2925 632 2998 aliquem
646 2941 680 2981 ex
697 2933 791 2998 partes
802 2934 892 2982 vestra
912 2926 982 2982 vidi·

180 3030 252 3082 mus,
268 3022 295 3070 et
307 3016 396 3072 adhuc
405 3013 557 3086 exspoliati,
569 3023 596 3070 et
607 3015 661 3085 98
671 3012 829 3087 multiplicis
847 3012 983 3070 dilationis
1038 3009 1209 3066 Dulcissimo
1223 3008 1539 3067 dominoctomicorum
1551 3005 1842 3080 proectpuo,Gossrido

179 3103 302 3175 pondere
315 3101 486 3176 praegravati,
502 3110 529 3158 ut
547 3102 737 3169 investiamur,
749 3109 775 3158 et
789 3100 891 3157 domini
905 3117 984 3174 pspae
1075 3098 1243 3154 venerabilis
1257 3098 1323 3152 vitre
1332 3097 1469 3168 episcopo,
1482 3098 1575 3167 trater
1586 3093 1739 3167 Gestridtss
1748 3097 1843 3152 dietas

180 3199 348 3264 preceptum
361 3190 533 3255 observetur,
557 3189 706 3262 diligenter
739 3205 887 3262 rogamus.
911 3189 985 3246 Alio·
1072 3185 1165 3252 obbas,
1181 3191 1210 3242 et
1224 3185 1503 3256 mariscoepregotio
1515 3183 1727 3241 lindocinensis
1737 3199 1841 3240 mosso-

182 3279 257 3352 quim
272 3294 332 3334 cum
344 3277 455 3334 Nabcth
466 3276 599 3343 israelita,
616 3286 643 3334 et
656 3277 737 3349 plebe
760 3277 908 3334 israelitica
930 3279 983 3334 ad·
1072 3275 1164 3342 sterit,
1178 3274 1251 3348 good
1259 3277 1388 3347 possset,
1409 3271 1480 3344 qaod
1494 3273 1622 3344 sapiam,
1634 3277 1665 3329 et
1677 3274 1797 3346 seipsos.

183 3369 308 3420 vocatum
317 3361 352 3417 de
364 3361 446 3428 eoelo,
458 3369 488 3418 ut
500 3360 580 3417 nobis
602 3360 756 3428 subveniat,
781 3360 978 3433 imploramus.
1169 3424 1176 3436 .
1299 3423 1305 3435 ·
1444 3422 1489 3435 Ι,

1071 3424 1537 3498 liene,smo,opt1me,cbsrrss1me
1553 3423 1648 3489 Pater,
1673 3420 1709 3478 de
1735 3431 1842 3492 Justrtss

428 3550 601 3609 EPISTOLA
620 3552 725 3609 xm·
1035 3513 1116 3569 nobis
1130 3512 1253 3569 iacienda
1267 3511 1400 3585 precepit
1413 3519 1504 3567 vestra
1531 3509 1666 3578 dilecti03
1694 3510 1744 3567 sed
1770 3509 1843 3584 quod

1036 3601 1107 3659 bene
1120 3609 1288 3674 praeseptum
1303 3609 1356 3666 est,
1372 3615 1427 3655 non
1443 3607 1484 3656 est
1498 3599 1569 3655 bene
1590 3605 1743 3656 servatum.
1754 3599 1843 3656 'ibeo-

181 3689 371 3747 Dilectissimo
386 3691 472 3747 Petri
486 3695 517 3747 et
530 3690 644 3747 domino
661 3690 792 3763 doffrido,
811 3688 982 3748 honorabilis
1036 3689 1134 3746 baldus
1144 3687 1217 3745 anim
1237 3688 1273 3746 dc
1301 3687 1403 3744 Gravia
1429 3686 1555 3744 homines
1581 3687 1843 3755 excommunicatos,

219 3793 285 3849 ottoe
294 3794 429 3865 episcopo,
444 3795 537 3864 [roten
551 3791 701 3865 (inssi-idos
714 3808 795 3866 pom
818 3792 983 3851 mucrona
1037 3795 1106 3851 quos
1121 3795 1186 3837 suos
1201 3792 1263 3834 esse
1277 3776 1404 3850 negabat,
1423 3792 1517 3833 secum
1531 3774 1613 3833 babet
1626 3776 1661 3831 sd
1678 3792 1802 3832 menam
1818 3791 1846 3843 et

217 3895 359 3965 aspectum
371 3896 522 3969 Μανῆ
535 3897 683 3966 emaum·
1037 3866 1066 3923 in
1080 3865 1193 3924 servitio
1207 3881 1279 3921 suo:
1301 3864 1373 3937 quod
1400 3867 1539 3921 noverunt
1567 3862 1656 3932 multi,
1683 3873 1711 3921 et
1738 3862 1844 3921 fortas·

1037 3955 1076 4012 sis
1085 3954 1202 4011 domnus
1216 3953 1338 4011 decanus
1352 3968 1406 4009 non
1417 3952 1535 4025 ignorat.
1549 3951 1714 4008 Praeterists
1724 3952 1846 4010 etmnlte

216 4047 317 4105 Nescio
331 4048 411 4122 cujus
422 4048 602 4124 suggestione
616 4058 643 4106 et
652 4047 765 4106 oonsilio
787 4046 853 4104 mini
880 4047 981 4121 sepius
1037 4043 1091 4099 alia
1105 4044 1202 4100 damna
1217 4041 1468 4098 domnustoanues
1492 4039 1565 4096 fliius
1592 4040 1700 4098 comitis
1730 4040 1843 4097 Vende·

180 4135 289 4193 dixistis
303 4136 331 4193 in
346 4139 573 4212 inconsonum
588 4137 719 4197 Ecclesia
728 4145 828 4193 vestre
838 4151 894 4194 non
906 4136 982 4193 tolle·
1038 4132 1159 4190 cinensis
1172 4132 1247 4202 (teo)
1265 4140 1368 4186 etcum
1382 4144 1415 4186 eo
1436 4128 1548 4201 quidam
1576 4144 1738 4186 vavassores
1766 4129 1845 4200 (set)

181 4227 324 4299 remquod
337 4226 443 4294 habuit,
458 4235 485 4282 et
498 4225 733 4283 baberedebetin
747 4225 915 4283 monasterio
931 4240 985 4280 no·
1038 4220 1139 4277 milites
1167 4219 1203 4276 de
1232 4220 1326 4275 Castro
1354 4216 1508 4283 vindocini,
1538 4217 1686 4290 quamdam
1713 4216 1846 4289 optimam

183 4323 248 4371 stro.
263 4315 297 4370 lit
313 4330 366 4388 ego
381 4314 461 4372 vobis
472 4315 529 4384 jam
543 4314 609 4377 dixi,
623 4321 650 4370 et
665 4313 767 4386 scripto
780 4312 908 4385 praesenti
932 4312 984 4368 ed·
1038 4308 1223 4367 obedientiam
1239 4315 1360 4364 nostram
1376 4306 1447 4362 adeo
1461 4305 1612 4377 depredati
1626 4313 1689 4361 aunt
1704 4313 1730 4362 et
1756 4306 1845 4362 dass·

181 4405 318 4472 huodico,
330 4403 403 4477 quod
413 4401 544 4460 Ecclesiae
556 4410 654 4459 vestre
667 4402 817 4475 quidquam
828 4401 925 4458 tollere
934 4416 1026 4479 nch
1041 4404 1184 4454 auserunt
1199 4395 1272 4469 qirod
1287 4409 1401 4452 necesse
1416 4402 1458 4449 est
1471 4395 1633 4463 monachos,
1649 4393 1696 4466 qui
1710 4409 1774 4451 eam
1801 4394 1847 4450 in·

181 4507 304 4565 possum,
319 4508 370 4548 nec
384 4491 446 4547 volo
462 4509 469 4558 ;
485 4490 541 4546 imo
556 4490 640 4557 illam,
652 4496 680 4545 ct
698 4489 727 4545 in
742 4497 865 4561 tempore
891 4493 985 4546 vestro
1039 4484 1208 4553 babitabant,
1224 4491 1250 4540 et
1265 4483 1385 4539 cultores
1399 4482 1457 4552 ejus
1470 4481 1625 4550 discedere,
1641 4482 1797 4556 eamquein
1807 4496 1847 4539 ao

182 4580 309 4648 maxime,
327 4578 443 4653 diligero
458 4586 484 4635 et
504 4579 640 4635 honorare
655 4585 712 4634 toto
737 4577 822 4635 eorde
845 4576 984 4646 desidem,
1038 4573 1178 4630 litudinem
1191 4572 1291 4644 redigi.
1311 4572 1369 4627 lloc
1384 4570 1460 4627 norit
1472 4570 1591 4626 domnus
1606 4571 1728 4627 deosum
1741 4579 1845 4629 vester.

182 4667 206 4725 si
221 4668 378 4743 malignitas
393 4665 548 4723 invidorum
562 4665 735 4736 permiserit3
753 4664 776 4721 si
791 4680 845 4722 non
856 4664 984 4737 amplius,
1039 4662 1157 4719 Locutus
1170 4667 1212 4718 est
1225 4659 1289 4715 inde
1305 4674 1367 4715 cum
1380 4658 1493 4729 comite,
1517 4667 1611 4716 nostra
1640 4659 1841 4717 admonitione.

182 4765 342 4814 nontamen
357 4755 447 4811 minus
461 4770 543 4827 quam
556 4753 669 4826 quilibet
683 4754 913 4825 predecessorum
936 4767 985 4809 no·
1039 4747 1094 4807 Sed
1110 4765 1205 4806 comes
1220 4747 1289 4805 nihil
1299 4747 1408 4818 penitus
1432 4744 1496 4803 lecit
1510 4747 1583 4819 quod
1597 4748 1680 4804 nobis
1706 4748 1743 4803 sit
1766 4748 1844 4805 utile.

183 4854 303 4904 atrorum
317 4853 380 4903 ante
393 4859 438 4901 me
452 4842 555 4900 iecerit.
573 4844 605 4897 lit
632 4842 765 4915 quidquid
787 4841 910 4898 Ecclesia
939 4856 986 4900 ve·
1038 4847 1116 4905 Unde
1131 4845 1272 4905 dilectioni
1296 4853 1393 4903 vestre
1420 4843 1560 4901 humiliter
1589 4844 1790 4917 supplicamns,
1816 4853 1846 4902 nt

184 4953 241 5001 strs
255 4943 435 5002 inescatione
450 4939 611 4999 monasterii
626 4937 777 4997 nostrisibi
792 4938 820 4993 in
850 4937 911 5011 ipso
939 4953 985 4994 re·
1039 4936 1113 5009 quod
1127 4941 1224 4993 eontra
1237 4942 1387 4991 nosactum
1402 4940 1453 5000 cst,
1469 4940 1496 4989 et
1511 4933 1633 5006 qnondie
1654 4934 1776 5006 pessime
1789 4934 1848 5006 agi·

184 5033 312 5100 servavit,
328 5032 371 5090 vel
381 5031 511 5102 deinceps
522 5030 596 5101 juste
617 5035 643 5085 et
663 5026 835 5101 regulariter
856 5025 986 5083 babuisse
1040 5031 1095 5096 tur,
1116 5025 1157 5081 sic
1179 5021 1332 5095 corrigatis,
1362 5029 1500 5094 quatenus
1525 5020 1721 5080 metetectores
1746 5023 1847 5090 nostri,

222 5205 449 5279 (reomensem
463 5205 600 5262 &canem
611 5209 746 5263 cestrum
755 5203 867 5261 llrnaldi
878 5218 985 5263 succes·
1074 5202 1151 5274 (iti)
1168 5201 1341 5257 lecessores.
1353 5197 1469 5254 Vassali.
1482 5199 1556 5255 lnter
1565 5179 1696 5269 epistolas
1713 5199 1843 5274 Sugarii:

193 5292 297 5333 sorem.
1038 5273 1154 5344 Superis
1164 5271 1258 5328 abbati
1272 5270 1386 5326 ιιοιιιιιιο
1396 5283 1447 5325 esso
1456 5269 1498 5334 6.,
1509 5271 1613 5339 maior,
1625 5275 1654 5326 et
1669 5287 1846 5339 enumeres,

221 5347 557 5420 (immurmurantem
568 5345 647 5415 filios
658 5346 770 5403 comitis
786 5343 982 5402 wodorense-
1039 5351 1069 5403 et
1081 5347 1140 5400 tote
1150 5343 1244 5398 eoacti
1258 5341 1383 5397 neberti
1401 5341 1574 5396 communio.
1587 5339 1667 5408 Quod
1678 5341 1764 5399 bodie
1778 5341 1848 5399 dioi-

186 5414 985 5491 sls.l)equodictumestudepist.13lib.1.comesiuitpost
1038 5410 1848 5534 mus,nobilesetqueirscoloeopptdtalicujus.Valvasores

188 5489 309 5559 Patrem,
319 5488 474 5559 bellumque
484 5487 572 5577 gessit
582 5502 644 5540 cum
662 5487 777 5557 Sulpitio
792 5486 983 5542 dominoAm·
1037 5483 1157 5557 appellat
1171 5481 1292 5538 obertus
1307 5481 1354 5562 lib.
1366 5497 1387 5535 ιι
1401 5480 1436 5562 de
1464 5481 1553 5562 endis,
1564 5488 1605 5537 tu.
1615 5482 1650 5537 ιι
1664 5497 1847 5556 oosqnepro·

187 5558 279 5626 basiae,
295 5574 356 5617 cum
367 5574 421 5631 quo
436 5566 464 5613 et
478 5555 618 5613 soffridus
637 5556 748 5612 loannis
775 5573 875 5629 parens
902 5565 983 5613 autes
1037 5557 1096 5629 prie
1110 5553 1164 5610 dici
1177 5553 1257 5609 docet
1272 5568 1316 5624 qur
1332 5567 1347 5606 a
1362 5560 1516 5622 capitaneis
1530 5551 1641 5607 tendam
1667 5560 1783 5625 tanent;
1798 5553 1847 5628 qni

187 5627 382 5758 ξιίιιιιιιιιιιὲιὲ1
398 5644 432 5685 ue
439 5626 541 5684 infelici
550 5627 635 5695 exitu,
652 5634 681 5684 ut
692 5636 781 5683 namet
796 5636 876 5685 vetus
887 5635 983 5686 auetm
1036 5642 1104 5686 vero
1118 5640 1135 5682 s
1148 5622 1325 5683 vavasoribus
1335 5623 1446 5694 habent,
1463 5621 1623 5681 valvssinos
1635 5624 1811 5699 asmonpsri.

215 5699 317 5759 istorio
433 5698 532 5756 ieonis.
604 5704 607 5713 “
