3780 6038
165 228 218 286 319

654 228 833 289 l'lllOl'ItlDl
859 229 1005 289 nnnttts
1032 228 1321 290 uttenutchttsts

1767 222 1821 281 stt

166 370 207 423 ιιι,
224 357 281 425 56),
296 369 347 426 pra
362 353 474 411 modulo
497 354 662 413 infirmitatis
690 363 799 423 nostrae.
823 371 965 422 conemur,
981 359 1008 420 Α
1022 355 1091 411 nihil
1105 360 1157 412 est.
1173 355 1231 425 (ιι)
1250 351 1335 421 Nihil,
1350 361 1379 411 et
1394 352 1567 410 transitivum
1582 348 1655 421 apud
1670 364 1732 415 nos,
1747 360 1821 420 quo-

167 451 194 500 st
207 444 241 499 sd
256 443 334 513 cujus
354 442 463 499 laudem
487 461 537 515 per
551 453 675 501 naturam
695 446 832 514 trahimur,
855 445 965 517 propria

166 532 316 598 voluntate,
333 547 365 587 ac
385 532 579 589 ardentissimo
594 534 693 590 mentis
715 533 860 601 desiderio,
876 535 965 603 eonfi-

168 621 769 695 teornurnomiuisunctoejrssetptoriernur
776 623 807 678 in
815 623 899 680 laude
906 624 965 695 ejus

167 710 254 780 (Psoi.
275 724 319 776 cv,
337 711 391 777 li),
409 710 497 766 Corde
514 720 540 767 et
555 727 612 768 ore·
629 712 752 769 dicamus
770 712 888 767 Domino
909 713 965 768 Deo

167 797 277 853 salutari
293 805 403 854 nostro:
419 797 508 869 Quam
524 801 666 868 terribilia,
683 818 768 875 quam
784 801 965 873 mnpnificata

167 890 235 943 sunt
245 902 329 959 opera
342 891 402 954 tua,
411 890 527 945 Domine
537 892 625 946 ninris
638 891 788 963 profundae
798 893 883 961 [cette
896 893 966 946 sunt

168 977 354 1046 cogitationes
364 981 422 1033 tuae
436 978 524 1049 (Psnt.
534 994 591 1044 xci,
606 978 646 1045 6),
662 979 725 1049 quia
740 994 821 1051 quem
831 980 966 1035 terribilis

167 1065 248 1120 estin
258 1066 563 1139 conmliissuperfilios
575 1066 818 1139 bominum(Psat.
833 1082 896 1134 cxv,
914 1070 942 1134 5)
957 1085 964 1131 ;

168 1159 206 1220 et,
222 1153 286 1208 lieet
306 1170 424 1226 magnus
443 1156 470 1209 in
486 1156 603 1227 magnis,
626 1157 683 1227 (25)
707 1155 855 1229 gloriosius
874 1163 966 1211 tamen

168 1236 298 1292 mirabilia
314 1247 443 1308 operatur
458 1240 483 1293 in
500 1240 629 1294 minimis.
642 1241 712 1295 Nam
727 1240 791 1313 qnid
807 1242 896 1295 nrinns
909 1240 966 1295 dis·

167 1326 257 1381 soluto
277 1326 392 1382 cineret
407 1327 470 1399 quid
496 1328 609 1383 brevius
623 1337 665 1384 est
689 1328 829 1384 transitivo
845 1329 964 1395 nomine,

167 1414 225 1485 (id)
248 1414 324 1483 eujus
346 1430 408 1470 esse
431 1416 596 1472 transeundo
621 1425 663 1472 est
688 1420 772 1473 esse‘l
788 1418 846 1473 Sed
867 1417 966 1472 divinae

1020 461 1080 500 rum
1096 461 1158 501 esse
1172 460 1206 499 ex
1221 444 1315 510 nihilo,
1336 450 1364 498 et
1390 443 1416 498 in
1432 440 1549 498 transitu
1562 448 1613 510 est,
1632 438 1659 493 in
1671 442 1822 508 conspectu

1020 534 1078 604 ejus
1094 533 1141 606 qni
1155 532 1231 589 solus
1245 539 1296 598 est,
1313 531 1483 588 intransitive
1498 546 1530 587 ac
1544 544 1608 586 vere
1623 535 1664 583 est
1679 545 1688 593 ;
1705 533 1732 581 et
1745 525 1822 598 qnod

1019 635 1121 679 nostrae
1142 621 1299 677 mortalitati
1319 629 1463 689 mortuum,
1486 620 1545 688 eius
1569 615 1764 672 immortalitati
1779 616 1823 670 est

1021 710 1122 776 virum,
1139 718 1166 766 et
1190 710 1263 782 quod
1292 709 1372 765 nobis
1394 724 1467 776 esse,
1485 708 1523 763 illi
1547 712 1655 764 canstat
1675 718 1730 759 non
1746 717 1820 758 esse.

1023 802 1112 873 litque
1122 799 1455 871 utinnisibitiaipsius,ac
1464 796 1639 869 sempiterna
1648 792 1821 863 virtusejus,

1019 892 1049 944 et
1067 888 1204 944 diuinitas
1217 887 1297 941 altius
1314 887 1464 943 intellecto
1477 884 1693 954 conspiciantur
1707 880 1822 951 (Roma,

1019 977 1076 1046 20),
1085 975 1245 1048 operosiore
1259 976 1286 1029 iu
1303 973 1427 1045 hisque
1440 981 1501 1029 orta
1514 989 1547 1028 ex
1557 970 1651 1035 nihilo,
1664 968 1770 1025 redisse
1779 967 1822 1022 ri-

1020 1065 1119 1121 dentur
1128 1064 1155 1119 in
1165 1064 1288 1132 nihilum,
1299 1063 1420 1134 potentia
1430 1068 1571 1133 operatur.
1582 1060 1615 1114 ttt
1624 1074 1687 1115 cum
1697 1057 1755 1128 (2⁹)
1764 1072 1825 1111 san·

1021 1153 1066 1220 eli,
1077 1152 1169 1209 divina
1183 1161 1210 1209 et
1224 1152 1347 1210 eoelestia
1362 1150 1498 1220 animalia,
1509 1152 1571 1221 post
1579 1147 1702 1221 pumina
1713 1146 1825 1219 Babylo·

1019 1244 1241 1316 niqrnperqure
1254 1241 1390 1299 sederunt
1405 1244 1434 1296 et
1448 1241 1589 1311 steterunt
1604 1238 1672 1294 dum
1688 1233 1824 1292 recorda-

1020 1338 1125 1388 rentur
1132 1331 1199 1388 Sion
1207 1333 1282 1401 ql’sa.
1295 1344 1415 1396 cunnrr,
1426 1329 1466 1399 t);
1482 1330 1540 1400 (30)
1552 1334 1612 1398 post
1627 1340 1742 1399 gravem
1757 1340 1825 1394 gur-

1019 1419 1404 1490 praemonstratensem
1421 1418 1476 1487 lli),
1487 1415 1670 1471 habitaverint
1681 1414 1709 1468 iu
1726 1413 1825 1469 Hieru-

168 1502 415 1571 majestatisrirtus
434 1503 731 1575 incomprehensibilis,
748 1504 893 1561 ineffabilis
910 1507 967 1561 sic·
1020 1507 1107 1564 salem
1128 1507 1246 1564 Ciuitate
1269 1508 1383 1564 Domini
1399 1507 1542 1563 uirtutum
1570 1504 1657 1575 (Psal.
1677 1516 1766 1567 xnvrr,
1783 1503 1822 1569 ⁹),

169 1600 198 1647 ut
212 1598 312 1646 terram
327 1591 475 1649 intormem
488 1592 615 1650 formavit
628 1596 659 1650 in
677 1598 806 1652 animiam
823 1597 967 1652 uiuentem
1020 1605 1047 1653 et
1061 1597 1221 1652 haereditate
1234 1594 1414 1667 acquisierint
1428 1610 1512 1651 enm:
1530 1596 1695 1650 terrestrem
1712 1589 1824 1646 illorum

170 1680 251 1747 (Gen.
277 1695 306 1747 ιι,
326 1682 373 1751 Ἱ);
394 1681 433 1739 sie
457 1690 555 1738 terram
578 1684 690 1754 corpori
710 1684 884 1740 humanitatis
910 1699 966 1739 suec
981 1721 1007 1782 B
1021 1686 1134 1741 domum
1145 1684 1329 1741 habitationis
1338 1685 1424 1746 liuius
1439 1683 1607 1740 dissatutom
1622 1678 1733 1752 (licor.
1742 1695 1769 1734 r.
1782 1680 1821 1750 i),

169 1767 338 1824 conformem
354 1770 380 1824 in
395 1777 499 1826 terram
513 1778 538 1826 et
552 1773 697 1845 puluerem
720 1788 863 1829 reversam
885 1773 965 1843 (Gen.
1022 1790 1083 1831 cum
1099 1773 1226 1829 omuibus
1240 1772 1416 1844 appenditiis,
1426 1771 1483 1826 suis
1498 1780 1551 1826 tam
1568 1769 1670 1824 intimis
1680 1783 1762 1841 quam
1777 1782 1824 1823 en·

169 1871 210 1911 ιιι.
226 1860 278 1926 tt),
295 1858 323 1911 in
337 1857 480 1929 pulverem
494 1860 541 1915 dat
556 1861 696 1916 mirabilus
710 1861 803 1917 virere
818 1876 867 1932 per
880 1862 970 1934 Spiri-
1022 1863 1104 1930 timis,
1130 1870 1206 1916 tanta
1229 1869 1344 1917 exornat
1362 1860 1474 1934 gloria;
1500 1867 1529 1914 ut
1549 1867 1604 1913 tum
1629 1857 1740 1913 demum
1760 1855 1824 1927 jure

170 1950 231 2001 tum
254 1947 443 2016 vivificantem
466 1949 563 2020 (16ον.
585 1965 625 2004 xv
644 1951 710 2021 ts),
728 1958 755 2006 et
774 1951 861 2021 quiex
885 1949 970 2005 nihilo
1022 1952 1168 2008 credantur
1189 1966 1261 2016 esse,
1285 1951 1395 2021 quaudo
1416 1946 1589 2003 mortalitatis
1612 1945 1780 2015 conditione,
1795 1944 1825 1998 iu

169 2049 261 2089 rerum
273 2035 394 2092 condidit
408 2038 614 2093 universitatem
630 2056 636 2105 ;
651 2039 823 2103 intransitivi,
839 2053 872 2094 ac
887 2047 968 2094 aeter-
1022 2040 1157 2113 originem
1173 2054 1251 2093 suam
1276 2038 1393 2103 redisse,
1415 2053 1448 2093 sc
1461 2036 1526 2091 nihil
1551 2034 1721 2092 aestimantur
1735 2047 1798 2089 esse
1815 2049 1823 2097 ;

168 2122 197 2177 ni
211 2124 328 2179 nominis
341 2126 382 2180 sui
398 2127 524 2183 uirtutem
535 2127 679 2183 declarare
689 2127 820 2200 dignatur
835 2128 862 2182 in
877 2130 969 2198 putre·
1021 2135 1080 2183 tnm
1100 2128 1210 2184 demum
1230 2127 1360 2184 exaltetur
1378 2126 1482 2199 lignum
1505 2124 1615 2187 humile,
1633 2131 1660 2178 et
1681 2137 1715 2177 ea
1744 2121 1824 2176 arido

171 2209 210 2265 ris
224 2214 343 2280 nomine,
358 2214 414 2284 (tl)
436 2215 516 2286 cujus
532 2215 604 2270 nulla
626 2216 838 2271 substantialiter
857 2225 899 2272 est
918 2231 969 2270 na·
1022 2215 1068 2271 fiat
1083 2216 1177 2283 viride,
1185 2216 1293 2288 qnando
1302 2215 1431 2271 senuerit
1445 2214 1477 2269 in
1488 2216 1567 2269 terro
1576 2211 1663 2268 radia
1674 2210 1746 2282 ejus,
1754 2213 1783 2266 et
1792 2209 1825 2264 in

172 2304 233 2354 lura
256 2302 382 2358 essentiae
396 2304 467 2375 quod
487 2312 633 2377 antequam
655 2305 772 2370 dicatur,
789 2305 854 2360 nihil
874 2313 924 2371 est,
942 2304 969 2359 in
1019 2305 1371 2380 pulueremortnusluerit
1387 2306 1507 2359 truncus
1518 2300 1722 2372 siusilobxtx,
1738 2301 1766 2363 a,
1779 2297 1820 2363 9).

170 2387 287 2445 dicendo
300 2390 390 2455 nihil,
415 2402 559 2464 postquam
583 2393 693 2461 dicitur,
707 2402 810 2450 remota
825 2383 902 2450 omui
920 2410 968 2449 so·
1022 2395 1063 2450 td
1073 2395 1272 2450 odoremeuim
1285 2409 1375 2466 aque,
1384 2392 1418 2446 ad
1432 2389 1663 2463 gloriliaattonem
1678 2385 1825 2459 glorificati

170 2475 294 2548 pbistioae
318 2480 547 2551 augmentationis
568 2483 690 2553 stropha,
708 2490 839 2554 qnantum
863 2483 899 2538 ad
926 2498 968 2548 se,
1023 2482 1146 2555 Spiritus,
1171 2480 1245 2537 linita
1265 2480 1318 2535 line
1342 2477 1447 2535 infinito
1474 2478 1594 2544 nomina,
1620 2473 1824 2532 clarescentis

206 2681 263 2763 (ιδ)
274 2682 414 2740 Gloriosus
431 2685 607 2751 inminimis,
621 2685 711 2739 Verba
722 2685 967 2757 suntepigraphes,
1058 2687 1114 2757 (tt)
1121 2686 1207 2758 Cujus
1218 2686 1302 2742 nulla
1309 2684 1543 2741 substantialiter
1552 2686 1596 2739 est
1609 2685 1823 2761 noturaessen·

171 2759 198 2806 et
212 2760 296 2808 totius
312 2754 409 2824 eapitis
422 2755 597 2810 breviarium.
609 2756 831 2826 Perpetuumhoc
840 2758 968 2812 est'lhio-
1023 2760 1080 2814 tiae.
1094 2758 1140 2812 Vel
1153 2757 1301 2827 lrrperbole
1312 2765 1431 2821 esurum
1446 2753 1511 2810 nibil
1527 2769 1588 2810 esse
1602 2753 1689 2823 possit
1704 2768 1765 2808 stne
1779 2767 1823 2807 es·

171 2821 250 2903 iride,
267 2825 367 2880 diserte
391 2828 552 2881 sententiam
574 2827 693 2899 aliquam
715 2829 851 2899 cujusque
871 2830 968 2899 cupitis
1022 2828 1107 2884 sentia
1119 2846 1126 2891 ;
1139 2815 1181 2883 rel
1196 2836 1334 2897 comparat
1344 2826 1466 2896 pulverra
1479 2825 1624 2881 essentiam
1635 2823 1821 2903 cumediviua3

170 2893 247 2949 mitio
262 2911 445 2970 ponerequae
461 2905 545 2952 totum
559 2900 654 2969 paucis
670 2899 764 2954 verbis¹
776 2909 967 2969 argtrrrrentum
1021 2898 1153 2971 rel.quod
1163 2898 1248 2971 magis
1259 2913 1395 2961 censeam,
1407 2896 1518 2962 indicat,
1529 2897 1672 2966 pulverem
1680 2896 1747 2949 nrhrl
1758 2910 1820 2950 ceu·

169 2966 316 3021 contiueat.
332 2966 385 3036 Qui
401 2970 523 3032 attendit,
540 2970 618 3024 lacile
633 2969 896 3032 auimadre1·tit,lroc
911 2971 967 3039 pri·
1021 2971 1084 3037 seri,
1097 2986 1158 3026 cum
1169 2985 1222 3025 non
1236 2969 1271 3023 sit
1289 2968 1472 3040 erisquorum
1485 2966 1719 3039 eliquababeatur
1731 2966 1819 3031 ratior

169 3051 244 3090 mnm
259 3047 350 3108 capnt,
363 3054 417 3093 non
437 3048 541 3095 tantum
556 3056 617 3096 esse
631 3042 711 3096 totius
722 3041 819 3109 Operis
831 3040 966 3096 Praelatio-
981 3056 1006 3120 Ο
1021 3057 1084 3107 ιιοιι,
1100 3042 1223 3112 iuquam,
1240 3041 1330 3105 lromo,
1347 3054 1402 3094 uon
1426 3038 1528 3093 animal
1551 3037 1634 3107 aliud,
1653 3051 1710 3092 non
1724 3036 1818 3103 arbor,

169 3121 241 3171 nem,
258 3110 307 3163 sed
323 3111 385 3163 item
401 3112 540 3166 continere
556 3112 660 3181 paucis,
678 3112 751 3182 qnod
767 3112 890 3181 pluribus
905 3122 962 3167 tra-
1019 3112 1098 3182 lapis,
1119 3122 1172 3167 etc.

168 3185 256 3233 statur
272 3180 334 3234 totis
351 3189 467 3250 quatuor
481 3181 569 3236 libris.
584 3183 625 3238 Eo
644 3182 715 3236 eninr
730 3186 823 3237 omnia
838 3184 961 3247 redeunt,
1053 3183 1208 3254 (saluauit,
1225 3184 1253 3237 et
1271 3181 1458 3237 transitivum
1472 3180 1548 3252 apud
1564 3196 1624 3243 rios,
1637 3185 1693 3234 eto.
1714 3177 1818 3233 Sensus

170 3257 198 3303 ut
220 3250 381 3305 ostendatur
395 3252 481 3306 Deum
505 3253 658 3307 mirabilem
682 3269 755 3318 essa,
782 3268 834 3308 non
859 3262 962 3308 tanturn
1016 3264 1068 3318 est,
1086 3255 1172 3309 Deum
1196 3267 1245 3307 sua
1264 3251 1453 3308 benevolentia
1467 3260 1492 3308 et
1516 3250 1633 3320 potentia
1648 3247 1675 3304 id
1698 3247 1818 3315 efficere,

169 3317 311 3376 instructis
332 3321 399 3387 suis,
416 3322 507 3377 sedet
530 3325 557 3376 in
576 3334 736 3380 sanctorum
758 3324 901 3396 quibusvis
917 3340 963 3379 re·
1016 3334 1045 3381 ut
1068 3325 1171 3396 aliquid
1194 3333 1347 3388 censeatur,
1372 3331 1454 3394 atque
1482 3322 1551 3377 adeo
1576 3336 1716 3392 magnum,
1739 3320 1817 3392 quod

170 3388 326 3457 bus,etiam
337 3392 464 3446 minimis.
485 3392 563 3455 Quod
581 3394 686 3448 adrem
706 3395 854 3454 altimetra
877 3400 963 3451 natu·
1017 3396 1116 3467 alloqui
1142 3394 1291 3466 pronihilo
1315 3394 1467 3464 putabatur.
1489 3393 1534 3447 Sic
1562 3401 1684 3463 genuum
1712 3391 1817 3446 Ductor

169 3462 276 3541 ratibus
304 3478 413 3533 quoque
426 3481 520 3518 vorum
536 3464 651 3531 ridetur,
667 3473 694 3519 ut
714 3465 774 3535 plus
788 3465 963 3520 admirabili·
1017 3472 1099 3523 vocat
1112 3483 1145 3523 eo
1162 3483 1222 3538 quae
1241 3482 1299 3522 non
1313 3469 1538 3536 suut,tanqunm
1555 3479 1588 3518 eo
1603 3479 1665 3537 quae
1676 3465 1746 3518 sunt
1756 3463 1817 3530 (llo

169 3537 229 3586 tatis
250 3533 286 3586 sit
307 3532 334 3586 in
355 3535 446 3602 parnis
465 3538 545 3590 rebus
564 3552 642 3605 equam
668 3537 786 3609 magnis.
802 3538 862 3592 Non
881 3538 964 3593 tacuit
1016 3552 1142 3599 manti,
1162 3538 1214 3605 tt).
1231 3537 1264 3591 Et
1278 3536 1409 3606 magister
1424 3537 1486 3590 vitae
1500 3536 1636 3602 (Lucu,
1651 3534 1697 3602 38)
1715 3534 1816 3590 Omnes

167 3601 219 3657 hoc
234 3602 386 3674 Scriptura.
405 3605 529 3672 Quutuor
548 3611 615 3662 sunt
632 3608 753 3663 suintino
768 3611 853 3664 terrra
867 3608 964 3679 (iuquit
1016 3611 1115 3666 uiuunt
1127 3610 1166 3664 ei.
1186 3607 1225 3662 lix
1242 3604 1433 3662 huchriolridi
1446 3605 1516 3670 luco,
1528 3603 1643 3677 aliaque
1657 3603 1815 3675 colligimus

168 3674 961 3751 Pr·overb.xnx,lt)etipsasuntsapientiorasapientibns.

166 3744 235 3799 Tam
246 3747 367 3800 nominat
373 3749 520 3827 tetanicos,
531 3749 698 3820 lepusculos,
708 3751 840 3813 locustas,
851 3751 962 3806 stellio·

166 3831 226 3872 nes.
243 3815 301 3873 Nea
323 3815 389 3888 lugrt
405 3818 497 3873 arsedi
517 3819 664 3888 sapientes,
680 3829 707 3875 et
728 3822 845 3876 solertes
860 3829 963 3876 rnaturae

166 3896 341 3952 scrutatores,
358 3896 386 3943 ut
401 3891 491 3944 Patres
506 3904 522 3943 a
538 3891 596 3946 Deo
620 3891 768 3962 inspiratos
783 3891 887 3947 sileam.
906 3891 962 3946 Pli-

165 3957 226 4013 nius
239 3958 347 4015 cuidem
360 3959 419 4025 (lib.
443 3960 599 4025 undecimo,
616 3977 678 4033 cap.
705 3965 742 4028 ι.)
761 3969 787 4017 et
808 3970 916 4018 acutum
932 3978 962 4017 se

165 4029 262 4084 horum
291 4040 473 4100 spectatorem
500 4032 628 4096 ostendit,
644 4042 670 4088 et
697 4033 806 4088 exbibet
832 4034 961 4088 disertum

163 4099 511 4171 descriptoremllestant,
524 4103 620 4174 inquit,
632 4105 779 4161 imnrensae
792 4105 963 4161 subtilitatis

164 4173 314 4227 anirnatin.
332 4173 372 4227 De
389 4173 480 4243 paruis
504 4175 632 4246 loquitur.
658 4177 758 4230 lterum
778 4175 813 4230 de
840 4175 962 4230 iisdem:

164 4240 307 4315 Nusquam
322 4244 391 4299 aliti
401 4246 569 4315 spectatiore
580 4250 693 4302 naturae
710 4263 808 4303 rerum
824 4246 960 4313 artifieio.

165 4310 231 4382 Cup.
242 4330 300 4385 seq.
310 4313 340 4368 ln
351 4318 464 4385 meanis
472 4318 641 4388 corporibus,
649 4322 700 4372 aut
711 4322 787 4374 certe
799 4317 961 4387 majoribus,

164 4384 259 4451 facilis
270 4384 396 4454 officinm,
408 4389 520 4457 sequaci
528 4388 650 4443 materia
661 4388 728 4458 (uit.
738 4388 767 4443 ln
776 4389 819 4443 tris
830 4392 889 4443 tom
901 4404 961 4459 pnr-

163 4453 213 4537 uis,
233 4457 319 4536 atque
336 4459 395 4509 reru
407 4457 509 4516 nuliis,
525 4474 587 4527 quse
598 4459 671 4513 ratio
689 4463 797 4528 quarata
812 4461 864 4522 uis,
876 4476 959 4530 quam

164 4525 376 4580 ineatrreatilis
384 4528 542 4596 perfectio?
563 4530 960 4587 Ubitotsensuseollocanitin

164 4596 276 4651 aulice?
289 4600 395 4651 etsunt
403 4597 463 4652 alia
478 4597 558 4655 dictu
569 4599 690 4656 minora.
703 4600 761 4655 Sed
772 4602 818 4655 ubi
829 4602 919 4655 uisum
930 4602 961 4655 in

164 4667 961 4741 eoprretendittnbipustntumapplicanit?ntiodorutnns

1017 3680 1153 3751 theologia
1187 3677 1360 3744 scholastica,
1391 3691 1474 3748 qnam
1511 3690 1651 3735 vocamus,
1681 3674 1816 3731 imbutum

1017 3749 1101 3805 luisse
1116 3750 1181 3818 (non
1197 3751 1279 3804 modo
1294 3748 1475 3820 philosophia)
1498 3746 1581 3818 idque
1596 3761 1649 3801 non
1664 3745 1815 3818 magistro-

1017 3837 1075 3875 rum
1090 3835 1228 3884 sermone,
1239 3827 1286 3873 ant
1299 3818 1378 3873 libris
1387 3819 1444 3891 (qni
1459 3818 1606 3873 nihildum
1621 3832 1653 3872 ea
1667 3823 1747 3873 aetate
1762 3815 1815 3874 vul-

1017 3894 1159 3965 gaverunt)
1175 3891 1223 3946 sed
1244 3890 1348 3960 ingenii
1368 3889 1536 3961 praestantia,
1551 3895 1578 3943 et
1597 3885 1680 3943 studii
1695 3886 1815 3943 assidui-

1016 3963 1192 4033 mitellaque
1215 3960 1280 4015 nihil
1307 3976 1411 4023 rerear,
1427 3962 1516 4031 ipsum
1538 3959 1609 4014 inter
1623 3973 1672 4014 eos
1697 3958 1815 4023 reterre,

1017 4034 1063 4105 qul
1087 4049 1145 4089 eam
1168 4032 1339 4103 disciplinam
1367 4031 1410 4087 vel
1438 4029 1600 4102 repererint,
1624 4030 1667 4085 sel
1690 4028 1815 4085 illustra·

1016 4106 1082 4159 rint.

1052 4176 1110 4244 (ti)
1127 4174 1236 4239 Sancti,
1245 4173 1352 4241 diuina,
1364 4176 1393 4228 et
1402 4172 1527 4229 coemstia
1536 4171 1687 4228 animatia.
1706 4170 1761 4227 Cur
1774 4170 1816 4226 sie

1016 4260 1063 4302 aas
1078 4246 1131 4301 boc
1146 4245 1206 4300 loeo
1220 4254 1307 4309 vocet,
1321 4260 1374 4299 nnn
1398 4260 1542 4314 assequor,
1558 4242 1610 4298 nisi
1635 4250 1664 4297 ut
1677 4242 1813 4307 ostendat,

1016 4332 1070 4373 non
1086 4317 1190 4372 redisse
1204 4317 1235 4371 in
1257 4317 1392 4380 nihilum,
1410 4329 1439 4369 ut
1454 4315 1538 4370 videri
1554 4313 1663 4370 dicebat
1679 4327 1686 4367 ε
1704 4313 1754 4367 sed
1771 4329 1815 4368 re-

1016 4389 1098 4443 diisse
1110 4388 1141 4441 iu
1156 4388 1267 4453 caetum,
1283 4386 1367 4452 unde,
1384 4393 1412 4439 ut
1428 4400 1490 4440 mon
1505 4384 1658 4456 subjungit,
1677 4385 1815 4455 ortqinem

1018 4462 1180 4514 tacuerunt.
1190 4457 1292 4512 Tamen
1307 4466 1419 4528 propter
1430 4458 1499 4511 harre
1512 4456 1651 4512 calestem
1668 4456 1812 4525 originem,

1016 4531 1085 4584 torte
1099 4528 1193 4583 alludit
1200 4529 1235 4583 ad
1245 4539 1359 4600 quatuor
1372 4528 1510 4593 animalia,
1520 4543 1581 4598 quse
1595 4525 1731 4581 Ezechieli
1737 4526 1814 4594 justa

1015 4600 1126 4656 flurium
1140 4600 1249 4654 Chobar
1262 4607 1455 4669 apparuerunt.
1466 4599 1505 4653 lle
1516 4613 1570 4668 quo
1585 4596 1670 4652 lluvio
1685 4613 1759 4653 mon.

1051 4673 1108 4741 (30)
1124 4673 1189 4751 lffost
1206 4686 1319 4742 grauem
1333 4671 1474 4740 purqitem
1491 4668 1605 4724 Gtrobar.
1618 4668 1659 4722 Ad
1675 4669 1747 4723 birnc
1762 4666 1814 4721 ssu-

163 4737 310 4793 inseruit?
327 4739 371 4793 ubi
387 4754 449 4795 vero
469 4741 665 4796 truculentam
682 4742 775 4805 illone,
789 4747 816 4797 et
832 4743 961 4813 portione
1016 4742 1088 4798 vium
1102 4757 1170 4795 mira
1181 4750 1291 4795 ostensa
1301 4749 1362 4795 sunt
1372 4728 1517 4802 Ezechieli,
1528 4740 1588 4809 ipso
1603 4746 1672 4794 teste
1683 4753 1745 4810 cap.
1760 4753 1778 4803 ι,
1789 4745 1815 4793 et

163 4810 323 4864 marianam
330 4812 846 4884 troeeminqenerauittqursubtilitate
851 4828 961 4894 persnas
1016 4813 1094 4867 alibi.
1113 4813 1182 4867 lissa
1196 4813 1287 4881 ipsum
1300 4811 1554 4878 Euphratem,bons
1565 4818 1592 4864 et
1605 4810 1740 4865 lionorum
1754 4825 1816 4864 auc-

163 4881 309 4935 anneuuit
321 4882 332 4935 l
344 4880 409 4936 l'ide
426 4882 503 4951 plura
523 4883 569 4946 ibi,
586 4892 611 4936 et
626 4884 755 4953 deinceps
778 4885 811 4937 de
826 4884 886 4937 altis
899 4884 960 4938 ani-
1017 4891 1107 4938 torum
1122 4883 1255 4937 sententia
1269 4890 1319 4937 est.
1334 4884 1449 4938 Grauern
1465 4891 1544 4937 roem
1558 4881 1725 4946 Tlriolridus,
1741 4879 1814 5005 quod

163 4950 301 5013 malentis,
313 4953 429 5007 inanime
445 4953 480 5008 de
494 4954 591 5024 apibus
601 4952 794 5026 somnicisque.
807 4955 961 5010 Concludu·
1016 4956 1050 5009 ad
1064 4955 1138 5008 illum
1155 4953 1308 5008 babitarent
1324 4953 1425 5022 captivi
1440 4953 1581 5010 lsraelitae.
1598 4951 1700 5008 Ezecb.
1715 4965 1734 5018 1,
1766 4993 1773 5016 ,
1789 4959 1815 5005 et

164 5036 225 5074 mus
239 5021 361 5088 ejusdem
377 5023 478 5089 rer-bis,
488 5025 635 5095 cumjusta
645 5026 735 5096 aliqua
750 5024 960 5093 indignatione:
1016 5025 1126 5090 clarius,
1142 5040 1203 5094 cap.
1220 5039 1261 5089 ιιι,
1277 5027 1312 5078 lt>
1329 5042 1336 5089 3
1352 5024 1401 5078 sed
1415 5039 1465 5078 cnr
1479 5024 1551 5078 huuc
1566 5023 1678 5078 lluvium
1695 5023 1817 5077 nominat

165 5090 961 5167 Sedturriqeroselephantorum›ruiramurttumeroatau-
1017 5096 1087 5150 inter
1105 5102 1145 5151 tot
1159 5096 1270 5149 llurniua
1291 5094 1510 5166 Babylonicum
1535 5093 1665 5150 sederunt
1679 5102 1707 5148 et
1729 5092 1815 5148 llere·

165 5175 316 5231 rerumque
324 5164 444 5229 solimet
455 5169 549 5223 truces
560 5168 716 5224 insublime
722 5168 830 5235 jactus,
842 5167 960 5237 tigrium
1013 5167 1102 5222 runt?
1115 5172 1167 5231 nn,
1176 5166 1250 5239 quud
1265 5166 1345 5232 hujus
1357 5181 1465 5221 tromem
1478 5174 1569 5220 notum
1581 5164 1752 5231 est,nliornm
1762 5178 1817 5219 nou

165 5231 294 5302 rapinas,
306 5233 808 5304 teanumjubas,cumrer·umnatura
820 5254 961 5310 nusquam
1015 5237 1079 5293 est‘l
1092 5253 1126 5291 an
1141 5238 1176 5292 ob
1190 5237 1310 5307 etymolo
1332 5236 1383 5290 iani
1400 5236 1529 5301 nominis,
1541 5253 1623 5309 quam
1638 5237 1732 5291 solens
1747 5250 1817 5292 con·

164 5303 266 5373 magis,
275 5318 366 5427 guam
380 5306 412 5359 lu
426 5308 565 5370 minimis,
579 5312 638 5364 tota
652 5310 700 5364 sit.
1016 5310 1157 5364 sectatur?
1172 5308 1240 5362 Nam
1257 5253 1372 5369 cusiri,
1385 5314 1413 5362 ut
1427 5307 1495 5362 alios
1511 5306 1681 5375 significatus
1696 5316 1816 5369 taceam,

201 5372 259 5442 (ib)
295 5374 359 5443 ujus
377 5390 436 5431 esse
455 5378 629 5435 transeundo
646 5384 688 5435 est
707 5395 777 5435 esse.
797 5378 961 5433 Transimus
1015 5379 1042 5434 in
1057 5378 1223 5435 Ecclesiaste
1237 5394 1298 5448 cap.
1315 5396 1335 5443 r,
1353 5381 1396 5441 to,
1413 5378 1559 5442 valentin,
1575 5387 1711 5451 quatenus
1735 5392 1816 5432 usar·

164 5443 238 5500 enirn
261 5459 326 5499 cum
342 5449 467 5518 ternpore
490 5449 516 5501 in
533 5465 587 5519 quo
611 5466 715 5513 surmus,
733 5459 757 5505 et
781 5465 873 5521 aquo,
892 5451 962 5505 veli·
1017 5458 1095 5521 pstur
1109 5449 1136 5502 in
1155 5451 1236 5505 rebus
1253 5450 1407 5519 praeteritis.
1423 5451 1479 5505 latr
1496 5450 1654 5522 precessit,
1675 5446 1775 5520 inquit,
1789 5446 1818 5502 iu

165 5530 226 5571 mus
241 5513 368 5595 nolimus,
393 5516 577 5599 rapimur,·ut,
595 5536 731 5591 utinquam
753 5521 835 5577 iidem
850 5522 936 5576 simus
953 5539 961 5588 3
1016 5521 1208 5593 secutisque
1221 5525 1342 5592 luerunt
1357 5525 1426 5577 rente
1443 5520 1558 5577 nessia
1572 5520 1732 5579 censebitur
1740 5517 1818 5647 ruffi}-

165 5594 192 5642 et
208 5585 338 5655 tollimur,
347 5595 377 5643 ut
392 5603 425 5643 ne
441 5604 479 5645 src
489 5589 610 5715 quidem,
620 5590 665 5646 diu
681 5591 775 5647 simus.
787 5594 825 5648 De
840 5601 963 5662 tempore
1017 5591 1131 5646 dissime
1145 5608 1195 5647 suo
1209 5608 1290 5648 cursu
1306 5608 1358 5648 nos
1372 5608 1467 5648 secum
1484 5606 1592 5663 rapere,
1607 5590 1681 5665 qnod
1694 5591 1766 5647 Thio
1803 5619 1815 5631 ·

165 5658 278 5740 ejusque
293 5656 376 5725 lluxu,
395 5658 478 5714 multa

512 5659 626 5716 irinitus
641 5661 689 5716 lib.
706 5677 735 5716 ιι.
757 5662 883 5719 Coniess.
899 5662 963 5735 plu·
1017 5662 1069 5719 dus
1088 5662 1194 5727 asserit,
1209 5664 1273 5718 dnm
1285 5663 1331 5729 ait,
1348 5679 1398 5718 noa
1414 5670 1548 5736 perpetuo
1562 5661 1688 5720 transire.
1706 5660 1820 5717 Lubens

164 5729 240 5787 ribus
253 5743 331 5802 capp.
343 5732 376 5788 l).
392 5732 465 5805 Aug.

1018 5733 1126 5791 audiam
1140 5734 1258 5792 aliorum
1269 5734 1383 5804 judicis.
