3780 6038
55 234 125 291 tals

523 223 813 284 nunnontntortns
828 225 876 281 SS.
892 224 1046 285 struunt.
1061 256 1096 267 -
1110 226 1177 283 LlD.
1194 228 1232 284 ll.

1637 230 1704 287 tall

57 358 135 425 hant,
152 362 215 411 sunt
230 353 284 410 duo
298 349 426 408 infideles
439 349 544 423 pepuli,
558 349 688 406 ludamus
698 356 725 405 et
734 349 855 423 gentilis,
870 349 899 411 Α
913 346 995 417 teum,
1011 356 1054 407 est
1066 350 1256 408 Antichristus
1279 352 1325 424 qui
1344 352 1447 425 populo
1474 350 1594 407 fidelium
1610 352 1705 409 indicit

56 446 104 518 qui
133 443 269 501 Christum
298 456 394 514 regem
420 439 509 496 occidi
540 435 684 496 consilium
705 439 850 495 dederant.

55 536 131 605 Quos
146 532 335 589 llardoehaeus
349 535 472 597 accusat,
490 528 554 602 qnia
569 526 742 584 Christianus
765 543 856 600 popu-

55 636 99 691 lus
113 648 199 705 opera
214 647 310 687 corum
336 629 483 700 improbat.
517 627 559 681 llli
574 642 589 681 a
605 643 672 700 rege
693 635 854 695 enecantur,

56 731 83 781 et
97 723 142 779 isti
156 739 172 778 a
187 720 295 777 Christo
306 718 482 775 damnantur.
501 716 689 772 llardcehrsus
699 732 820 787 purpura
829 722 856 771 et

55 828 157 870 corona
174 808 331 883 insignitur,
348 816 374 863 et
397 806 570 863 Christianus
592 805 710 876 populus
725 804 854 878 martyrio

56 915 82 964 et
96 914 197 964 aeterna
211 903 304 978 gloria
318 902 443 958 vestitur.
466 902 543 973 Equo
558 900 633 974 regio
657 917 705 971 per
719 900 855 957 civitatem

55 996 172 1063 ducitur,
189 994 254 1069 quia
269 991 441 1048 Christianus
454 989 575 1062 populus
598 1004 614 1045 a
635 989 794 1045 doctoribus
808 1004 857 1060 per

55 1093 140 1143 totum
154 1083 285 1139 mundum
312 1080 422 1138 entitur.
456 1078 531 1135 Ordo
558 1092 679 1151 namque
694 1076 855 1150 predicato-

56 1198 119 1239 rum
142 1195 229 1253 equus
255 1176 354 1234 Christi
382 1176 456 1248 regis
483 1174 590 1242 dicitur,
616 1174 643 1229 in
665 1190 719 1246 quo
733 1174 856 1247 ipseper

56 1270 152 1329 orbem
167 1268 285 1325 vehitur.
305 1268 393 1323 ltman
409 1281 471 1322 cum
486 1263 616 1320 militibus
636 1264 732 1320 laudes
747 1264 772 1321 ei
787 1279 857 1321 con-

57 1367 147 1426 sonat,
164 1358 227 1432 quia
241 1356 372 1412 iudaicus
397 1354 513 1426 populus
532 1369 592 1410 cum
616 1353 775 1428 gentilibus,
792 1353 857 1409 velit

58 1448 135 1511 nolit,
152 1444 306 1501 Christiani
320 1442 415 1515 popull
439 1442 578 1513 praeconia
602 1440 734 1498 celebrat.
751 1441 857 1510 Regina

59 1560 155 1618 regem
172 1542 207 1599 ad
221 1540 377 1599 convivium
392 1545 484 1605 uocat,
501 1539 563 1611 quia
574 1537 704 1594 Ecelesia
718 1536 857 1593 Christum

57 1632 92 1689 ad
108 1631 242 1687 solemnia
256 1628 301 1685 sui
315 1626 440 1700 eorporis
455 1627 557 1682 inritat.
569 1630 655 1682 hman
666 1626 747 1681 etiam
758 1624 858 1681 adesso

908 438 1007 494 mortis
1021 438 1199 512 supplicium.
1219 440 1272 510 Qui
1282 440 1380 497 eedem
1390 441 1507 514 equulco
1517 440 1705 514 suspenditur,

910 526 973 599 quia
991 534 1018 583 et
1038 529 1096 601 ipsc
1115 530 1208 585 mortis
1227 530 1362 602 supplicio
1385 530 1567 586 interimitur.
1594 532 1705 586 ilarde-

909 626 1001 682 chaus
1015 642 1031 681 a
1044 643 1110 701 rege
1124 627 1253 699 princeps
1267 626 1423 700 praetteitur,
1440 628 1505 701 quia
1520 627 1609 683 tidelis
1624 644 1707 699 popu·

910 715 952 769 lus
966 722 1078 784 peracto
1090 716 1192 784 judicio
1208 734 1291 789 snper
1312 718 1405 773 omniu
1426 716 1498 773 bona
1514 717 1623 773 Domini
1638 732 1706 771 con·

910 802 1041 857 stituitur.
1075 804 1179 861 Semen
1207 806 1297 861 elman
1327 805 1537 871 exterminatur,
1567 805 1708 877 quiatunc

910 901 1052 975 genoratio
1067 903 1202 959 malorum
1216 905 1369 961 damnatur.
1396 902 1518 977 Populus
1531 914 1624 961 autem
1639 903 1709 973 regi-

911 1007 953 1046 nm
968 990 1111 1057 liberatur,
1128 999 1155 1047 et
1169 992 1279 1049 tristitia
1293 994 1352 1064 eJus
1375 992 1402 1048 iu
1431 993 1562 1066 gaudium
1583 1008 1708 1048 eommu-

910 1087 991 1147 tetur,
1008 1080 1071 1152 quia
1085 1081 1225 1153 genoratio
1249 1089 1387 1139 rectorum
1408 1082 1595 1147 benedicetur,
1618 1081 1709 1137 laetitia

911 1185 938 1234 et
952 1178 1136 1234 exsultatione
1159 1180 1328 1251 perfruetur.
1356 1182 1445 1247 Nune,
1468 1179 1634 1248 charissimi,
1650 1186 1707 1234 toto
1751 1208 1754 1213 ·

909 1266 993 1323 eorde
1008 1266 1059 1322 Dei
1072 1267 1250 1323 obsecramus
1265 1267 1440 1324 elementiam
1458 1268 1505 1343 ‹pri
1531 1268 1608 1324 scdet
1624 1283 1708 1339 snper

912 1356 1040 1411 threnum
1055 1362 1082 1410 et
1094 1356 1198 1425 judicat
1213 1357 1376 1429 aequitatem,
1390 1355 1634 1428 laciensjudicium
1650 1372 1708 1411 om·

911 1442 990 1499 nibus
1004 1442 1130 1513 injuriam
1145 1444 1322 1516 patientibus,
1345 1454 1375 1502 ut
1399 1461 1449 1502 nos
1473 1444 1580 1501 illudis
1596 1446 1631 1499 ab
1646 1444 1708 1498 infr-

910 1538 966 1594 deli
981 1540 1082 1612 populo
1093 1550 1231 1615 segreget,
1252 1540 1325 1598 fideli
1340 1549 1430 1598 antem
1450 1540 1478 1596 iu
1493 1556 1544 1596 suo
1558 1557 1645 1613 regno
1661 1558 1707 1595 us-

912 1628 1006 1695 societ,
1029 1628 1076 1685 ubi
1095 1628 1191 1686 oculus
1214 1636 1270 1686 non
1287 1629 1365 1698 vidit,
1395 1645 1447 1687 nec
1469 1630 1543 1686 auris
1562 1630 1663 1685 audivit
1686 1629 1710 1699 (l

53 1722 143 1793 jubet,
159 1721 222 1793 quia
237 1716 340 1774 infideli
353 1716 455 1789 populo
478 1731 542 1771 suas
565 1714 660 1786 epulas
682 1714 856 1787 praedicando
870 1710 897 1771 Β
913 1717 977 1774 Cor.
997 1718 1039 1787 u).

57 1810 175 1883 praebet.
194 1809 283 1864 Amen
299 1823 409 1882 queque
424 1807 470 1877 qni
485 1804 659 1861 ltlardoehaur
673 1802 757 1877 erigit
771 1819 858 1877 equu-

417 2109 728 2216 DOlllNlCA
765 2109 1067 2217 VlGESlllll
1110 2115 1364 2220 TERTIA.

679 2328 876 2394 Secundum
890 2328 1073 2399 loannem.

99 2542 110 2570 ι
131 2519 199 2574 Cum
215 2517 387 2573 sublevasset
407 2515 502 2571 oculos
523 2516 607 2570 lesus
621 2521 648 2570 et
663 2514 777 2570 vidisset
793 2514 860 2586 quia
915 2517 1004 2575 rideat
1018 2520 1132 2594 gloriam
1148 2524 1209 2580 Dei.
1224 2526 1257 2582 lit
1271 2526 1343 2601 ignis
1356 2527 1384 2584 in
1399 2535 1532 2586 aetornum
1547 2528 1712 2586 cruciandos

61 2609 204 2665 multitude
218 2608 337 2662 maxima
352 2606 427 2661 venit
450 2605 485 2660 ad
508 2619 571 2659 eum
587 2602 681 2674 (dean.
697 2606 746 2673 stt.
761 2626 773 2653 ι
791 2602 862 2672 Quia
915 2606 1045 2676 involvet,
1063 2612 1127 2683 quia
1147 2614 1251 2670 termis
1266 2632 1361 2673 eorum
1386 2634 1442 2675 non
1456 2619 1580 2685 moritur,
1597 2626 1626 2671 nt
1639 2618 1712 2689 ignis

60 2698 120 2754 hace
135 2697 216 2753 lectio
231 2695 392 2768 evangeliea
408 2694 560 2749 seeundum
576 2692 798 2749 Ecclesiasticum
812 2706 861 2747 or·
915 2710 969 2752 non
980 2698 1146 2771 extinguitur
1156 2703 1235 2771 (lsai.
1253 2710 1325 2763 nxrrt
1336 2730 1347 2755 s
1360 2707 1450 2775 llojus
1461 2706 1713 2779 ergojudiciifrgu-

60 2798 151 2852 dinem
166 2796 247 2851 debet
263 2795 292 2849 in
308 2792 400 2849 medio
415 2790 643 2863 Quadragesimcr.
653 2789 776 2856 recitari,
793 2789 863 2846 libet
917 2811 973 2851 ram
989 2812 1071 2854 arcus
1084 2799 1130 2855 ille
1144 2801 1171 2855 in
1184 2802 1302 2859 nubibus
1317 2813 1508 2875 representat,
1530 2804 1575 2877 qui
1586 2820 1617 2860 ex
1634 2812 1714 2874 parte

60 2902 133 2942 nunc
149 2885 176 2940 in
191 2882 402 2955 praesentiarum
417 2879 668 2951 supersederemus
682 2878 860 2950 expositioni,
915 2886 1056 2956 caeruleus,
1074 2896 1101 2943 ct
1115 2905 1148 2945 ex
1169 2899 1246 2961 parte
1269 2892 1381 2949 videtur
1394 2894 1502 2963 igneus,
1519 2900 1550 2948 ut
1572 2892 1713 2963 utriusque

60 2984 87 3031 et
101 2973 153 3030 alia
167 2974 229 3029 huie
246 2971 406 3036 Dominicis.
424 2986 484 3041 cue
499 2968 651 3024 intitulatur
662 2986 670 3023 ε
680 2966 782 3036 Quinta
797 2975 861 3024 anta
913 2974 1012 3045 judicii
1025 2976 1102 3033 testis
1116 2978 1150 3033 sit
1166 2997 1172 3034 :
1188 2979 1268 3035 unius
1283 2980 1416 3038 videlicet
1436 2982 1495 3055 jam
1510 2981 1582 3051 tacti,
1598 2981 1710 3051 quando

62 3072 157 3129 Natale
184 3071 302 3136 Domini,
327 3068 507 3141 eongmentia
534 3068 568 3122 ed
582 3066 733 3139 proiectum
748 3066 862 3123 audien·
916 3090 994 3146 aqaar
1007 3073 1102 3131 diluvii
1115 3085 1193 3133 erant
1206 3094 1289 3148 super
1302 3088 1421 3149 terram;
1445 3080 1654 3136 alteriusadhue
1669 3078 1713 3133 tu-

62 3163 128 3219 tium
142 3178 191 3217 scu
207 3160 357 3233 legentium
371 3172 497 3214 exarare.
915 3163 1013 3232 ciendi,
1030 3165 1141 3232 quando
1152 3166 1286 3235 judicabit
1300 3170 1374 3224 Deus
1389 3169 1521 3225 saeculnm
1537 3184 1587 3240 per
1602 3168 1707 3237 ignem.

96 3260 183 3314 Nemo
210 3258 301 3328 itaque
328 3263 459 3319 vestrum,
490 3252 658 3321 charissimi,
672 3253 778 3309 dubitet
792 3253 861 3307 ditos
916 3252 1132 3323 Contremiseite,
1147 3255 1257 3320 tratres,
1275 3266 1410 3313 aterrore
1434 3258 1502 3312 tanti
1526 3256 1640 3327 judicis,
1656 3264 1717 3311 uta

61 3364 123 3403 essa
138 3346 223 3403 nostri
239 3343 578 3415 Redemptorisedrentus
590 3361 596 3397 :
609 3358 725 3413 quorum
743 3342 861 3412 primum
876 3365 902 3430 c
917 3349 984 3406 lucie
1003 3366 1083 3407 arcus
1101 3352 1211 3421 fugiatis
1228 3369 1235 3407 ε
1254 3376 1265 3403 r
1282 3356 1381 3409 Areum
1403 3369 1483 3409 suum
1508 3352 1630 3409 tetendit¹
1654 3359 1710 3407 ete.

58 3438 117 3507 jam
134 3437 323 3507 praecessisse,
340 3433 455 3488 alterum
469 3432 559 3487 adhue
574 3432 692 3486 laturum
708 3446 771 3486 esse
786 3439 863 3486 certa

62 3526 116 3581 tras
148 3523 352 3595 cognoscimus.
388 3523 539 3590 Utrumque
571 3530 670 3575 vestrm
702 3518 863 3574 fraternitati

61 3624 231 3696 distinguere
247 3619 471 3693 operaepretium
486 3626 538 3684 est,
554 3626 581 3673 ut
596 3632 630 3673 ex
650 3615 737 3672 altero
751 3616 862 3672 miseri-

61 3713 183 3769 cordiam
207 3726 330 3782 sperare,
357 3715 385 3764 et
412 3724 445 3763 ex
469 3706 554 3762 altero
566 3705 700 3775 judicium
715 3704 862 3760 formidare

62 3802 161 3869 sciatis,
180 3808 313 3874 quatenus
342 3805 434 3852 restra
459 3794 615 3851 sollicitudo
639 3794 710 3849 inter
734 3808 812 3864 spem
836 3800 863 3848 et

61 3909 162 3955 metum
178 3899 267 3969 posita
295 3896 443 3969 diligenter
470 3892 605 3965 invigilet,
631 3899 659 3948 et
675 3892 746 3946 mala
761 3906 861 3948 casare

63 4006 126 4061 qum
136 3987 240 4057 judicio
254 3986 412 4057 puniantur,
423 3991 450 4037 ct
465 3986 537 4039 hona
548 3981 696 4052 providere
711 3996 773 4053 qnae
782 3980 861 4036 mise

62 4076 182 4132 ricordia
197 4082 420 4130 remunerentur.
437 4072 525 4128 l‘rimo
540 4072 658 4127 adventu
673 4086 724 4125 suo
739 4070 861 4127 neuen-

61 4175 124 4239 ptor
138 4173 230 4220 noster
243 4164 271 4219 in
286 4163 403 4219 formam
418 4170 522 4218 nostras
537 4160 713 4215 humanitatis
730 4174 862 4214 mansue-

61 4271 104 4317 tus
119 4269 145 4315 et
155 4258 277 4324 humilis,
291 4259 362 4315 inter
378 4257 502 4313 hemines
518 4258 600 4313 homo
616 4270 711 4315 uerus,
723 4253 860 4325 apparuit.

63 4347 189 4404 Secundo
202 4347 231 4402 in
245 4347 333 4415 gloria
346 4362 403 4401 cute
418 4344 572 4415 majestatis
594 4343 720 4399 excelsus
735 4349 761 4397 et
777 4342 861 4397 terri-

62 4437 135 4501 hilis,
150 4435 361 4507 superaugelos
384 4436 457 4489 Deus
484 4434 567 4489 bomo
592 4431 745 4503 apparebit.
771 4430 861 4485 Primo

62 4537 180 4591 adventu
208 4549 259 4604 pro
286 4532 367 4588 nobis
392 4531 539 4599 judicatus.
568 4528 743 4585 maledictum
771 4526 861 4584 crucis

60 4625 184 4697 pendens
199 4624 225 4677 in
242 4622 317 4693 ligno
349 4620 440 4678 erneis
458 4618 606 4681 sustinuit:
625 4617 757 4685 secundo,
771 4624 857 4673 totum

917 3442 1004 3510 (Prot,
1020 3440 1080 3510 nn).
1099 3461 1110 3490 r
1128 3441 1182 3497 Sed
1196 3441 1261 3499 ideo
1275 3441 1415 3513 paululum
1431 3449 1553 3498 moratur
1562 3457 1612 3497 rus
1622 3440 1713 3510 ferire,

916 3534 948 3584 ut
961 3528 1154 3585 festinemusa
1178 3530 1249 3587 facie
1274 3539 1355 3587 tantoe
1379 3530 1632 3587 animadversionis
1643 3528 1714 3586 effu·

915 3641 1024 3699 geres
1047 3626 1153 3683 Dedisti
1176 3628 1250 3684 enim
1274 3630 1458 3685 metuentibus
1483 3636 1509 3684 te
1531 3627 1714 3700 significatio-

916 3731 990 3784 nem,
1017 3723 1070 3772 ete.
1093 3717 1205 3788 (illd).
1232 3742 1244 3767 ι
1264 3718 1319 3774 Sed
1340 3739 1352 3770 r
1373 3726 1469 3776 cavete
1487 3734 1523 3773 ne
1540 3717 1605 3790 luga
1625 3726 1715 3773 restra

916 3803 1005 3860 hieme
1018 3804 1061 3860 rel
1076 3806 1197 3862 Sabbato
1211 3806 1381 3873 hatlllctth.
1396 3808 1485 3878 xxiv).
1506 3830 1517 3854 r
1531 3806 1627 3861 llieroe
1643 3805 1715 3860 enim

916 3903 986 3975 legit
1001 3903 1044 3958 eui
1059 3904 1179 3960 charitas
1190 3904 1375 3977 refrigescens
1387 3905 1644 3974 bonorumoperum
1654 3918 1716 3958 eur·

916 4008 965 4047 sus
994 3992 1115 4063 impedit.
1146 3992 1297 4048 Sabbatum
1328 4007 1436 4065 qunque
1463 3992 1660 4053 interveniens,
1685 3988 1713 4043 id

916 4088 960 4136 est
980 4081 1111 4136 terminus
1126 4081 1189 4135 vitm
1202 4080 1317 4135 aetionis
1331 4081 1411 4136 bonae
1426 4080 1584 4136 exercitium
1599 4077 1715 4134 interci-

916 4168 955 4223 dit
968 4167 1146 4223 tardantibus.

952 4264 980 4320 si
995 4280 1074 4336 ergo,
1091 4263 1201 4330 iratres,
1226 4265 1261 4320 ah
1284 4264 1330 4321 illo
1353 4265 1436 4321 vultis
1451 4264 1557 4340 lugere,
1574 4264 1714 4335 adipsum

916 4352 1011 4425 lugite.
1027 4352 1056 4408 Si
1075 4354 1224 4409 adventum
1250 4354 1346 4424 judicii
1374 4354 1577 4426 pertimescitis,
1607 4355 1641 4409 ad
1666 4354 1715 4409 ad·

916 4452 1032 4498 rentum
1063 4442 1260 4499 misericordiae
1283 4444 1425 4515 respicite,
1455 4452 1483 4500 et
1497 4444 1524 4499 in
1539 4445 1590 4500 hac
1605 4444 1714 4499 hebdo-

914 4532 1004 4598 mada,
1022 4548 1082 4603 qum
1109 4540 1150 4588 est
1179 4532 1271 4604 quinta
1298 4542 1360 4589 ante
1388 4533 1568 4589 nativitatem
1595 4532 1713 4598 Domini,

915 4629 942 4677 ct
955 4621 983 4675 in
1007 4621 1141 4693 sequenti,
1163 4637 1225 4693 qnoe
1243 4630 1336 4693 quana
1357 4622 1409 4679 erit
1428 4630 1492 4679 ante
1511 4622 1634 4678 Natalem
1655 4622 1713 4676 Do-

61 4714 192 4769 mundum
205 4712 373 4782 judicaturus
399 4709 540 4765 manitesta
563 4724 621 4763 sum
641 4706 778 4778 passionis
801 4706 859 4763 vir·
873 4725 901 4786 D
916 4709 993 4771 mini.
1009 4710 1137 4767 inchoate
1148 4711 1375 4782 preparationem
1391 4712 1527 4768 adventus
1541 4710 1593 4767 sui.
1610 4710 1716 4765 Dicitur

62 4820 121 4865 tute
134 4810 235 4881 impios
250 4807 459 4865 condemnabit.
489 4806 579 4861 Primo
593 4805 711 4860 adventu
726 4804 814 4859 lateus
829 4803 859 4857 in

62 4915 146 4957 carne
161 4901 238 4970 quasi
252 4898 315 4953 ovis
339 4913 430 4963 eoram
457 4896 587 4952 tondente
611 4909 641 4949 se
655 4893 695 4949 sie
710 4892 861 4960 obmutuit;

63 4988 194 5051 secundo,
215 4988 292 5059 quasi
314 4988 391 5043 Deus
413 4984 559 5041 manitesto
582 4983 672 5039 veniet
686 4989 778 5037 etnon
794 4980 860 5035 sile-

62 5087 113 5141 hit.
134 5087 224 5143 Primo
244 5087 318 5143 euim
336 5085 454 5141 udvcntu
473 5083 546 5138 siluit
565 5096 580 5133 a
598 5079 711 5150 judicio,
738 5079 789 5135 scd
805 5094 859 5135 non

60 5175 137 5230 siluit
150 5192 165 5229 a
179 5184 316 5247 praecepte
332 5189 340 5243 ;
361 5173 483 5230 seeundo
505 5171 584 5242 quasi
596 5168 750 5239 parturiens
765 5168 853 5239 loqui·

59 5271 113 5331 tur,
122 5262 189 5335 quia
199 5264 269 5321 sicut
278 5264 317 5319 ait
327 5261 430 5317 lsaias:
445 5284 457 5309 a
470 5256 850 5325 Vecilerabiluretclamabit,

61 5370 84 5418 et
100 5376 184 5433 super
195 5361 322 5419 inimicos
336 5376 400 5415 suos
423 5356 622 5415 contortahitur
641 5356 724 5426 (lsai.
742 5357 821 5425 χιιι).
841 5378 854 5405 n

59 5460 149 5515 Orox
164 5458 221 5515 diei
241 5458 350 5515 Domini
378 5472 482 5520 amara,
508 5454 681 5511 tribulabitur
699 5453 737 5509 ibi
760 5452 852 5509 tortis.

57 5550 129 5605 Nam
144 5549 213 5604 sieut
227 5549 391 5603 aitsanctus
413 5545 501 5601 David
519 5564 525 5601 :
544 5564 556 5595 c
573 5544 649 5619 lgnis
662 5542 691 5599 in
705 5548 856 5611 conspeetu

58 5639 117 5705 eius
153 5636 326 5701 exardescet,
354 5641 408 5701 etc.
428 5634 515 5705 (Prot.
535 5632 622 5701 xus).
643 5652 655 5679 r
694 5631 856 5701 Tempestas

58 5726 103 5783 illa
124 5724 225 5799 impios
251 5724 346 5799 procul
371 5720 465 5797 pallet,
491 5720 555 5795 quia
574 5718 685 5779 tolletur
703 5718 803 5792 impius
817 5734 853 5779 na

917 4800 990 4855 enim
1005 4800 1064 4855 haee
1076 4799 1220 4856 Dominica
1232 4801 1407 4871 praeparatio,
1423 4802 1487 4874 qnia
1503 4799 1538 4855 ab
1552 4800 1616 4854 hinc
1625 4813 1711 4870 usque

916 4898 950 4953 ad
965 4898 1063 4953 Natale
1077 4898 1184 4954 Domini
1199 4897 1280 4955 debet
1296 4898 1411 4971 quisque
1426 4898 1598 4954 Christianus
1613 4896 1715 4953 sanctis

915 4986 1027 5042 studere
1055 4988 1135 5043 honis
1163 4987 1301 5058 operibus,
1331 4994 1362 5042 ut
1389 4987 1473 5059 digne
1502 4986 1666 5057 suscipiatur
1679 4986 1715 5041 ab

915 5090 948 5131 eo
963 5075 1086 5132 Christus
1108 5083 1201 5131 natus.
1231 5076 1296 5132 llaec
1319 5075 1404 5150 igitur
1422 5075 1596 5130 hebdomada
1620 5076 1714 5145 quinta

914 5180 979 5229 ante
993 5173 1092 5229 Notata
1112 5173 1222 5229 Domini
1236 5172 1264 5228 in
1284 5174 1403 5244 antiquis
1417 5172 1564 5229 ciliciolum
1579 5172 1656 5227 lihris
1674 5172 1714 5228 in·

913 5262 1046 5329 titulatur,
1062 5261 1157 5334 sieque
1172 5278 1291 5333 sequens
1306 5261 1480 5318 hebdomada
1494 5268 1590 5333 quarta
1603 5261 1714 5318 denota·

913 5358 967 5408 tur.
982 5350 1037 5407 Sed
1052 5351 1106 5406 hoe
1119 5366 1175 5407 nen
1189 5358 1268 5407 vacat
1282 5366 1299 5405 a
1322 5350 1454 5423 mysterio
1467 5357 1570 5407 nostra
1581 5350 1713 5422 spiritalis

911 5440 1130 5513 preparatioais.
1147 5439 1176 5496 ln
1188 5438 1283 5512 quinta
1290 5439 1364 5495 enim
1374 5438 1546 5495 hebdomada
1553 5454 1713 5512 preparare

911 5530 958 5587 vel
972 5530 1079 5587 initiare
1094 5546 1148 5586 nos
1174 5528 1312 5585 debemus
1338 5536 1454 5601 propter
1482 5528 1712 5602 quinquenarius

909 5628 1018 5691 mundi,
1033 5628 1060 5683 in
1075 5626 1175 5698 quihus
1198 5625 1308 5684 luerunt
1332 5626 1402 5683 tales
1425 5625 1505 5683 electi
1520 5626 1567 5699 qui
1580 5624 1711 5679 err-dide·

909 5725 984 5789 rtrnt,
1008 5724 1037 5775 at
1062 5724 1250 5791 sperarentur,
1265 5718 1294 5775 at
1307 5714 1462 5775 dilexerunt
1487 5715 1634 5775 adrentum
1649 5712 1709 5767 Do·
