3780 6038
119 232 172 289 989

579 227 877 292 bartoaaatoa'as
901 226 952 286 SS.
984 222 1137 283 Pittautt.
1154 253 1191 267 ··
1204 222 1268 279 ata.
1283 222 1305 279 1.

1716 218 1771 276 aaa

119 369 166 418 ter
178 358 268 435 attigit
283 368 309 418 et
321 358 440 419 Trinitas
454 361 489 419 ad
503 376 565 419 enm
591 358 692 428 reniet,
707 353 914 414 etmansionem
929 351 957 414 Α
971 351 1082 407 rismata
1101 348 1142 407 eis
1161 347 1283 404 deussit.
1302 348 1367 404 llaec
1394 345 1556 404 festivitates
1575 352 1601 401 et
1617 343 1724 418 angelis
1742 354 1770 404 ct

119 450 192 521 apud
207 466 268 505 eum
283 450 369 508 saciet.

156 539 232 606 ldco,
249 540 411 606 charissimi,
428 541 574 613 diligamus
589 540 675 595 Deum
693 557 699 603 ;
715 533 841 590 mandata
857 533 917 602 ejus

118 628 265 694 servando,
290 636 320 683 ut
351 629 411 700 ipse
430 630 525 703 diligat
543 644 594 685 nos
614 626 780 681 mansionem
801 622 850 676 sibi
889 620 915 672 in

117 724 199 780 nohis
217 728 459 798 praeparandoDe
473 726 591 799 hospitio
605 724 696 780 cordis
712 722 794 777 nostri
810 729 917 775 stercus

118 822 318 885 pcccatorum:
351 816 510 887 paenitentia
542 824 568 870 ct
586 813 757 870 consessione
786 819 917 881 exterga-

118 919 190 969 mus,
204 903 333 976 lacrymis
364 905 461 961 sordes
488 904 635 970 diluamus,
656 901 917 957 northmannorum

118 1016 233 1072 operum
249 1016 350 1058 ornare
366 1003 534 1068 studeamus,
551 1009 578 1057 ut
594 1002 711 1072 Spiritus
726 1007 836 1054 sanctas
865 998 917 1051 dc-

118 1089 243 1160 signetur
255 1091 413 1151 adventare.
430 1098 456 1146 et
472 1090 584 1163 dignum
599 1088 784 1145 habitaculum
800 1086 851 1140 sibi
889 1086 915 1141 in

117 1179 198 1233 nobis
214 1194 383 1249 preparare.
400 1181 449 1235 llic
465 1180 546 1234 ctiam
563 1194 645 1249 super
660 1178 803 1232 Dominam
820 1177 847 1229 ia
868 1190 916 1231 co-

119 1265 219 1321 lumba.
235 1269 356 1338 speciem
368 1269 519 1332 descendit,
531 1268 662 1340 quiscum
674 1268 821 1321 immunem
833 1280 916 1330 apec-

118 1364 185 1419 catis
195 1366 323 1421 ostendit.
343 1366 431 1436 Super
447 1366 596 1437 discipulos
613 1374 701 1421 autem
714 1365 739 1419 in
752 1365 815 1436 igne
831 1363 914 1429 venit,

118 1453 182 1524 quia
197 1461 308 1524 peccata
324 1455 350 1508 in
367 1455 406 1509 eis
433 1470 610 1519 consumens,
630 1454 839 1523 chirographum
851 1467 915 1522 pcc·

117 1542 172 1597 cati
187 1543 297 1599 delevit.
318 1544 397 1599 Unde
417 1554 442 1598 et
471 1544 542 1617 ignis
572 1542 640 1599 filios
662 1542 745 1598 lsrael
763 1541 915 1613 praecessit,

118 1649 145 1695 et
164 1640 204 1696 eis
219 1640 272 1696 iter
287 1641 320 1695 acl
337 1642 452 1712 patriam
468 1643 616 1714 suggessit,
634 1641 697 1713 qtria
712 1640 784 1713 ignis
799 1639 914 1709 Spiritus

970 439 1127 494 hominihus
1142 446 1205 493 sunt
1228 436 1412 505 venerabiles,
1433 435 1496 506 quia
1522 434 1574 505 ipsi
1595 435 1655 489 Deo
1673 443 1770 491 nostro

971 536 1033 583 sunt
1048 528 1185 583 celebres.
1209 525 1332 595 Denique
1347 525 1373 579 iu
1390 525 1527 579 nativitate
1542 523 1661 587 Domini,
1677 522 1771 578 Domi·

970 643 1022 681 nus
1037 625 1187 694 majestatis
1201 624 1235 681 de
1260 625 1329 681 solio
1358 623 1452 695 gloriae
1480 638 1536 677 sure¹
1552 621 1679 683 surrexit,
1695 635 1770 675 arma

971 714 1071 770 bellica
1094 713 1192 781 induit,
1209 729 1258 783 pro
1287 712 1367 767 uobis
1386 719 1557 784 puguaturus
1585 711 1614 764 in
1641 708 1768 766 exsilium

968 803 1044 857 alriit.
1065 804 1215 858 Parascerc
1230 810 1320 857 autem
1335 801 1394 857 dies
1409 800 1472 856 belli
1488 807 1569 870 atquc
1584 798 1705 855 uictoria>
1719 815 1770 853 cx-

970 886 1046 953 stitit,
1062 904 1123 943 eum
1139 886 1270 943 Dominus
1286 886 1362 940 sortis
1380 893 1405 940 et
1427 885 1567 957 potensin
1582 882 1677 956 praelio
1692 882 1768 954 priu-

970 985 1060 1054 cipem
1075 983 1168 1039 mundi
1183 983 1320 1038 diabolum
1336 998 1397 1038 cum
1429 981 1484 1037 suis
1500 980 1666 1037 satellitibus
1687 980 1769 1037 devi-

970 1074 1015 1140 cit,
1029 1072 1225 1145 victoriamque
1239 1078 1363 1143 potenter
1377 1070 1503 1126 obtinuit.
1540 1070 1605 1125 Dies
1624 1084 1690 1124 rere
1709 1069 1767 1124 Do-

970 1161 1078 1218 minicae
1093 1160 1305 1217 resurrectionis
1325 1166 1367 1215 est
1393 1159 1452 1214 dies
1480 1174 1533 1231 qua
1556 1166 1668 1230 peracto
1696 1157 1769 1214 belle

969 1275 1084 1330 regnum
1100 1259 1203 1332 tyranni
1220 1258 1345 1321 vastarit,
1360 1256 1542 1327 captivitatem
1558 1255 1593 1309 ab
1609 1271 1642 1310 co
1657 1264 1766 1326 captam

968 1350 1004 1404 ad
1020 1364 1049 1403 se
1065 1347 1254 1420 congregarit.
1271 1345 1336 1400 Dies
1351 1354 1440 1399 autem
1456 1342 1624 1400 ascensionis
1644 1337 1685 1397 cst
1697 1342 1765 1412 heo,

969 1437 995 1491 in
1011 1453 1065 1508 qua
1081 1453 1140 1492 cum
1156 1436 1240 1491 nobili
1256 1450 1354 1506 pompa
1371 1433 1502 1489 Dominus
1515 1433 1640 1486 virtutum
1656 1447 1767 1504 regres-

968 1542 1014 1581 sus
1025 1525 1210 1597 triumpharit,
1227 1531 1307 1596 atque
1329 1539 1391 1580 cum
1407 1522 1513 1595 angelis
1528 1521 1607 1576 malis
1622 1528 1767 1590 susceptus

967 1638 1077 1679 carnem
1092 1631 1213 1679 nostram
1229 1638 1311 1691 snper
1342 1622 1445 1676 aethera
1473 1619 1608 1675 exaltarit.
1630 1619 1768 1674 llodierna

118 1729 418 1801 53„„,00,p,ae00dj„
435 1739 461 1785 e,
479 1730 593 1801 impe,
622 1731 777 1800 50,.p„„„.,s
806 1730 840 1784 ,p
869 1709 1040 1800 I„,‚Bt'ero
1054 1708 1113 1762 dies
1129 1716 1173 1762 est
1195 1723 1247 1778 qua
1262 1705 1392 1760 militibus
1420 1705 1506 1775 spolia
1527 1704 1672 1766 distribuit,
1701 1703 1766 1757 dura

116 1817 198 1871 triam
212 1819 331 1889 paradisi
346 1820 473 1875 ostendit.
491 1820 555 1874 lrleo
571 1836 642 1876 nunc
667 1819 802 1890 baptisma
815 1818 914 1890 agitur,

118 1906 181 1978 quia
194 1923 243 1978 per
256 1908 381 1979 Spiritum
397 1916 520 1965 sanctmu
536 1908 668 1982 originale
683 1909 786 1964 crimea
819 1907 915 1963 remit·

118 2003 191 2060 titur.
222 2005 384 2062 ldeoetiam
412 2006 573 2062 hisdiebus
599 2006 700 2076 jejunia
729 2006 914 2077 celebramus,

117 2092 180 2164 quia
199 2109 249 2164 per
264 2094 391 2165 Spiritum
407 2103 529 2152 sanetum
545 2094 652 2151 veniam
679 2095 806 2166 accipere
822 2110 916 2166 spera-

117 2197 189 2237 mus.
228 2181 280 2252 Qui
295 2184 424 2254 Spiritum
440 2193 561 2239 sanctum
584 2184 820 2255 blasphemaverit,
859 2199 913 2239 non

117 2280 318 2346 remitteturei,
335 2298 423 2353 neque
439 2283 465 2336 in
479 2284 531 2338 hoc
546 2283 656 2347 saeculo,
671 2298 758 2354 neque
771 2282 797 2336 in
813 2281 913 2337 tuturo.

116 2368 171 2423 Per
186 2368 316 2440 Spiritum
342 2378 465 2426 sanctum
481 2371 560 2427 datur
581 2370 706 2426 remissio
722 2379 909 2442 peccatorum.

116 2454 170 2525 Qui
185 2458 219 2511 dar
235 2458 315 2514 venia
330 2460 468 2531 desperat,
498 2460 543 2515 hic
558 2459 687 2530 Spiritum
702 2467 822 2515 sanctum
839 2460 913 2514 blas·

117 2555 254 2625 sphemat,
285 2565 366 2629 atque
387 2555 577 2614 irremissibile
597 2565 738 2628 peccatum
763 2566 909 2629 perpetrat.

120 2649 367 2721 Quemadmodum,
397 2655 559 2724 charissimi,
586 2665 629 2709 cst
650 2655 784 2711 Nativitas
806 2650 913 2709 Domini

114 2741 244 2819 celebris,
262 2743 301 2800 sic
317 2748 343 2799 et
359 2743 409 2799 ista
424 2743 557 2800 festivitas
578 2744 703 2800 omnibus
724 2742 849 2797 fidelihus
867 2742 914 2798 dc·

116 2829 163 2885 bet
177 2847 239 2886 esse
254 2830 395 2901 solemnis,
421 2833 481 2905 quia
505 2832 574 2889 sicut
588 2833 614 2887 in
631 2832 677 2887 illa
700 2833 773 2888 Deus
788 2831 815 2887 ia
831 2847 913 2887 carne

116 2926 234 2999 ueniens
249 2929 374 2986 homines
389 2930 517 2997 visitavit,
535 2931 574 2986 sic
588 2928 615 2984 iu
631 2930 681 2984 ista
697 2930 769 2985 Deus
783 2929 812 2984 in
848 2928 913 3001 igne

113 3023 275 3094 adveniens,
290 3042 305 3081 a
320 3028 440 3100 pcccatis
455 3028 579 3087 hemines
594 3044 728 3104 purgans,
745 3028 828 3085 multa
843 3029 912 3087 aba·

971 1797 1099 1852 lldclibus
1113 1796 1188 1850 varia
1203 1796 1275 1849 dona
1288 1794 1404 1864 Spiritus
1423 1794 1508 1848 sancti
1525 1792 1647 1847 contulit.
1667 1791 1767 1847 Adhuc

969 1900 1055 1948 restat
1069 1908 1122 1947 una
1136 1892 1196 1948 dics
1211 1907 1265 1964 qua
1279 1906 1408 1963 sponsam
1423 1906 1498 1945 suam
1509 1890 1542 1944 dc
1557 1889 1609 1944 hac
1620 1887 1767 1960 babylonia

969 1982 1164 2047 estducturus,
1183 1979 1333 2053 quandoin
1367 1979 1461 2033 ultima
1490 1977 1534 2033 die
1559 1976 1710 2033 Ecclesiam
1739 1977 1767 2031 in

968 2071 1071 2128 caelesti
1096 2070 1261 2125 llicrusalem
1277 2072 1320 2125 cst
1342 2068 1530 2125 collocaturus.
1547 2066 1652 2136 Nempe
1666 2065 1701 2121 de
1723 2064 1767 2120 hia

968 2160 1067 2215 diebus
1094 2157 1236 2230 praecinuit
1266 2174 1316 2228 per
1343 2165 1428 2212 totum
1446 2155 1614 2210 Psaltarium
1650 2152 1765 2226 Spiritus

968 2264 1088 2313 sanctus.
1105 2257 1221 2326 insuper
1234 2254 1279 2310 lex
1296 2263 1322 2310 et
1337 2269 1432 2308 omnes
1443 2252 1584 2324 propbetas
1598 2249 1766 2324 persultare-

968 2352 1032 2400 ruut
1059 2346 1117 2401 baec
1141 2359 1261 2400 consona
1279 2358 1360 2399 soce.
1373 2342 1466 2412 igitur,
1478 2338 1640 2405 charissimi,
1656 2354 1767 2409 conspe

968 2433 1022 2489 ctui
1038 2433 1095 2502 ejus
1109 2432 1135 2488 iu
1150 2431 1254 2501 lustitia
1270 2446 1340 2486 nnnc
1375 2445 1568 2501 appareamus,
1584 2435 1622 2489 ut,
1639 2443 1700 2483 cum
1715 2443 1766 2498 ap·

968 2521 1089 2592 paruerit
1108 2519 1199 2594 gloria
1212 2521 1281 2589 ejus,
1301 2520 1327 2574 in
1343 2519 1445 2589 nuptiis
1473 2518 1532 2588 ejus
1561 2515 1651 2571 satiari
1670 2516 1766 2571 valea·

967 2634 1029 2673 mers
1047 2619 1082 2674 ad
1099 2617 1243 2673 videndum
1258 2616 1284 2671 in
1301 2616 1419 2672 bonitate
1433 2615 1580 2672 electorum
1596 2629 1718 2682 atrorum,
1731 2612 1767 2668 ad

967 2706 1112 2763 laetandum
1128 2705 1155 2760 in
1171 2704 1261 2760 laetitia
1276 2705 1366 2776 gentis
1381 2720 1447 2769 suae,
1482 2702 1509 2757 in
1524 2702 1690 2774 plenitudine
1704 2716 1766 2756 orn-

967 2796 1044 2850 nium
1059 2795 1194 2850 honorum
1210 2794 1294 2854 ll’scl.
1309 2794 1361 2855 cv).
1377 2791 1444 2862 Qum
1459 2792 1552 2847 oculus
1568 2805 1622 2847 nou
1643 2789 1718 2857 croit,
1739 2794 1767 2845 et

967 2892 1042 2950 auris
1057 2908 1111 2949 non
1126 2891 1231 2948 audivit
1245 2890 1270 2963 (1
1283 2890 1343 2947 Cer.
1360 2894 1401 2962 u).

615 3360 839 3469 allata
893 3362 1265 3475 SECUNDA.

734 3556 930 3623 Secundum
963 3559 1147 3630 ioannem.

155 3748 166 3772 o
184 3722 228 3781 Sic
244 3724 316 3779 enim
330 3722 426 3779 dilexit
441 3724 514 3779 Deus
529 3723 669 3789 mnndum,
686 3731 715 3778 ut
727 3723 822 3779 Filium
834 3740 913 3779 suum
929 3716 954 3781 C
968 3728 1055 3784 eredit
1072 3746 1126 3786 nnn
1141 3732 1230 3789 veniet
1245 3733 1271 3789 in
1285 3734 1428 3803 judicium,
1445 3736 1473 3788 et
1487 3730 1533 3787 ille
1549 3729 1593 3804 qui
1609 3746 1663 3785 non
1680 3725 1768 3785 credit

115 3812 287 3884 unigenitum
300 3813 388 3873 daret.
414 3821 442 3867 ut
454 3811 542 3867 omnis
566 3812 611 3884 (μή
641 3813 727 3868 credit
742 3813 769 3866 in
785 3829 845 3868 eum
861 3829 915 3868 nen

115 3910 223 3970 pereat,
243 3902 408 3956 scdbabeat
436 3901 518 3956 vitam
546 3908 677 3956 aeternnm
702 3902 794 3965 ticon.
824 3902 912 3967 urb·

117 3989 212 4060 Aperit
226 4006 339 4046 cansam
354 3991 482 4045 humanm
497 3990 601 4055 salutis,
618 3990 791 4045 dilectionem
811 3990 915 4047 scilicet

117 4078 169 4134 Dei
188 4079 270 4134 Patris
285 4095 316 4133 ex
329 4094 384 4150 quo
398 4087 440 4134 eat
454 4080 544 4134 omnis
576 4079 734 4135 restaumtio
749 4077 791 4133 rcl
805 4079 914 4134 institu-

120 4176 159 4232 tio
174 4192 224 4246 per
238 4176 334 4231 Filium
351 4192 429 4231 suarm
458 4176 483 4231 in
515 4176 616 4248 Spiritu
633 4185 739 4231 sancto.
759 4176 833 4232 ltlem
850 4175 916 4232 dicit

119 4290 155 4330 ex
170 4273 238 4329 Filio
254 4272 302 4328 Dei
318 4274 392 4347 quod
408 4291 532 4345 supracr
549 4272 604 4329 irtio
623 4274 741 4328 hominis
761 4274 914 4340 credentes,

119 4363 260 4435 consequi,
284 4368 312 4418 ut
336 4378 385 4434 per
410 4378 492 4433 quem
515 4363 542 4417 in
563 4362 663 4418 deitate
685 4360 786 4419 conditi
822 4378 916 4417 sumus

118 4476 170 4535 per
184 4460 309 4515 eumdem
321 4458 348 4514 ia
365 4459 475 4515 tramine
492 4466 691 4515 restauremur.

158 4548 242 4603 «Nou
258 4548 329 4603 enirn
346 4548 419 4603 mistt
440 4547 512 4603 Deus
528 4547 625 4603 Filium
640 4564 717 4603 suum
739 4549 766 4604 in
787 4546 915 4604 mundum

115 4638 148 4696 'ut
168 4637 276 4711 judicet
302 4638 444 4704 mundum,
468 4638 516 4692 scd
539 4646 567 4693 ut
587 4637 705 4692 mundus
725 4637 845 4694 salvetur
868 4654 917 4710 per

118 4727 221 4799 ipsum.
238 4750 248 4775 ι
264 4727 345 4783 Venit
365 4726 497 4794 Salvator,
522 4734 550 4780 ut
573 4726 669 4794 salvet,
693 4742 747 4782 non
764 4726 913 4799 utjudicet,

117 4823 205 4879 idest
229 4822 350 4889 damnet,
376 4822 425 4878 sed
448 4823 471 4877 ai
490 4822 626 4893 judicatur
644 4823 737 4891 bomo,
757 4839 791 4879 ex
814 4841 843 4879 se
869 4825 917 4879 ha-

118 4911 187 4976 buit,
206 4911 269 4983 quia
284 4910 409 4967 credidit.

158 5023 170 5049 a
188 4998 239 5069 Qui
253 4998 340 5055 credit
355 4998 383 5053 ia
404 5016 477 5066 cum,
501 5014 554 5055 non
571 5000 736 5070 judicatum
762 4999 808 5073 qai
825 5009 914 5058 autem

965 3817 1178 3887 Jamjudicatus
1199 3832 1250 3887 est,
1277 3822 1325 3878 uhi
1350 3830 1415 3878 sant
1438 3838 1507 3893 epiros
1529 3819 1700 3887 judicaturus
1726 3822 1768 3871 cst

969 3905 1102 3961 Dominus·
1116 3908 1142 3963 in
1158 3909 1202 3965 die
1210 3911 1307 3982 judicii
1319 3913 1333 3965 ‘l
1346 3912 1407 3967 Non
1423 3910 1582 3981 inlelligiur
1605 3899 1767 3976 praeteritam

970 4000 1080 4065 tempus
1095 3998 1159 4067 poni
1175 4015 1223 4068 pro
1240 3999 1339 4055 laturo.
1355 4000 1423 4053 Nam
1436 3998 1575 4068 judicatus
1589 4001 1638 4060 est,
1665 3992 1768 4048 dicitur

969 4092 1114 4148 damnatus
1129 4103 1170 4150 cst
1185 4096 1235 4152 Dei
1250 4096 1430 4168 praescientia,
1448 4096 1493 4167 qui
1509 4092 1659 4166 novitquid
1682 4090 1768 4146 immi·

969 4189 1032 4235 neat
1048 4198 1101 4237 non
1126 4184 1321 4249 crerlentibus;
1342 4185 1424 4240 ctubi
1443 4184 1529 4238 dicit:
1553 4198 1606 4236 non
1632 4165 1768 4236 veuiet'ad

967 4267 1113 4339 judicium,
1132 4272 1166 4326 ita
1184 4271 1390 4346 intelligendum
1407 4280 1465 4329 cst:
1483 4288 1537 4327 una
1553 4270 1627 4327 teuit
1637 4268 1672 4325 ad
1687 4268 1766 4323 dam-

969 4358 1117 4428 nationem,

1008 4470 1019 4495 s
1036 4448 1093 4503 lloc
1109 4457 1149 4504 est
1165 4456 1255 4506 autem
1269 4450 1413 4522 judicium,
1430 4450 1493 4523 quia
1506 4450 1552 4506 lux
1565 4450 1637 4506 venit
1652 4450 1677 4505 in
1694 4464 1767 4503 mun·

969 4536 1033 4591 dum
1050 4555 1057 4591 :
1074 4544 1099 4592 et
1114 4538 1269 4595 dilexerunt
1285 4540 1408 4596 homines
1431 4540 1519 4612 magis
1534 4540 1661 4595 tenebras
1683 4554 1767 4611 quam

969 4626 1071 4682 lucem.
1089 4628 1170 4682 lirant
1187 4629 1258 4683 enim
1275 4644 1367 4684 corum
1382 4644 1464 4701 opem
1477 4630 1557 4684 mala.
1582 4627 1678 4684 Omnis
1694 4627 1767 4682 enirn

970 4725 1019 4799 qui
1034 4725 1105 4781 male
1126 4726 1183 4798 agit
1197 4726 1255 4783 odit
1269 4727 1376 4791 lucem;
1393 4735 1481 4783 etnon
1491 4727 1567 4783 venit
1580 4727 1614 4780 ad
1624 4725 1723 4789 locem,
1739 4733 1767 4779 ut

971 4830 1025 4870 non
1039 4823 1189 4887 arguantur
1199 4831 1286 4887 opera
1300 4832 1369 4884 erus.
1387 4836 1399 4865 r
1415 4816 1553 4872 iudicium
1564 4814 1766 4870 dicite-eternam

970 4903 1184 4969 damnationem,
1201 4904 1273 4975 qarod
1288 4904 1339 4960 erit
1354 4920 1408 4959 non
1420 4903 1699 4977 cr=gooacercDeam,
1714 4901 1768 4957 sic·

972 4999 1012 5054 uti
1026 5007 1126 5055 aeterna
1142 4999 1196 5055 vita
1211 5008 1252 5055 est
1266 5015 1435 5071 cognoscere
1449 5015 1523 5055 eum.
1539 4998 1610 5067 Quia
1625 4997 1673 5053 lux
1684 4998 1766 5065 renit,

110 5090 175 5156 ¹nou
190 5097 286 5165 credit,
304 5100 361 5167 jam
373 5096 509 5167 judicatus
535 5104 587 5164 est,
614 5098 677 5171 quia
699 5114 753 5153 non
780 5100 868 5156 creati
887 5101 914 5157 ῑῃ
930 5066 958 5130 D
976 5087 1093 5145 Verbum
1107 5088 1213 5145 scilicet
1226 5088 1253 5143 in
1268 5104 1360 5153 earne,
1376 5095 1404 5144 et
1417 5087 1514 5144 excitat
1538 5096 1565 5143 et
1580 5095 1672 5143 menet
1687 5087 1771 5144 homi·

118 5187 228 5245 nornine
242 5186 374 5261 unigeniti
392 5186 443 5241 atti
454 5186 514 5242 Dei.
537 5210 549 5235 ι
574 5187 702 5243 Nondum
724 5190 850 5261 apparuit
870 5194 917 5261 ju·
969 5191 1020 5232 ¹¹0⁸
1034 5190 1267 5248 ⁰⁰d¹¹⁰⁸⁰0¹⁸⁵¹¹⁸
1292 5177 1374 5245 ’Μὴν
1405 5176 1432 5231 1⁰
1446 5177 1547 5249 quibua
1573 5183 1767 5253 0¹¹¹¹¹⁰⁸⁸¹¹¹¹⁸t

117 5275 230 5342 dicium,
246 5274 294 5331 aad
304 5275 359 5346 jam
376 5272 548 5331 factumest.
567 5300 578 5325 a
594 5276 677 5333 Nerit
691 5275 763 5332 enirn
784 5278 916 5336 Dominus
960 5272 1090 5346 prolecto
1103 5273 1304 5344 illiludiaantur
1318 5274 1364 5346 qui
1377 5273 1496 5330 oderunt
1518 5272 1767 5331 admonentemlu-

116 5364 166 5439 qul
181 5369 244 5420 aunt
257 5363 316 5434 ejus
327 5362 365 5437 (ll
379 5363 506 5435 limnas).
525 5386 536 5413 e
554 5364 638 5420 Novit
656 5366 729 5420 enim
745 5367 790 5439 qui
805 5382 917 5440 perma·
967 5387 1037 5440 cem,
1050 5380 1080 5428 at
1093 5370 1186 5445 lugent
1201 5388 1238 5428 ne
1252 5379 1403 5445 arguantur
1410 5372 1483 5430 rnala
1498 5388 1593 5430 aeram
1614 5390 1676 5446 qna
1701 5380 1767 5432 aaut

116 5468 202 5520 neant
215 5460 249 5520 ad
264 5474 404 5530 ceronam,
421 5463 467 5535 qui
479 5461 514 5517 ad
529 5461 676 5518 hammam.
696 5462 779 5520 Novit
798 5464 825 5520 ia
849 5480 915 5522 arca
968 5465 1104 5537 impietas,
1115 5466 1300 5533 incaututiras,
1313 5466 1407 5521 otium
1417 5466 1622 5533 atamalucis,
1639 5475 1667 5524 at
1691 5466 1766 5523 nella

100 5565 169 5609 'ana
182 5550 311 5619 addeum,
326 5551 403 5607 novit
416 5551 534 5623 paleam,
551 5552 626 5608 norit
639 5560 772 5625 segetem,
782 5554 861 5610 novit
883 5555 917 5611 ai·
967 5570 1028 5611 eam
1042 5555 1175 5626 aspicere,
1191 5556 1243 5611 sed
1259 5556 1332 5613 selle
1345 5554 1504 5612 intenebris
1518 5565 1698 5627 peccatorum
1719 5570 1765 5611 re·

117 5640 212 5698 arata·
226 5640 290 5697 Non
303 5654 354 5696 aas
374 5639 517 5696 audiamus
542 5642 590 5714 qui
608 5650 711 5715 negant
729 5658 764 5699 aa
784 5642 915 5699 hocloco
968 5659 1093 5700 manem.
1109 5643 1210 5719 titique
1223 5645 1317 5702 amaia
1328 5644 1380 5718 uui
1400 5640 1793 5699 maiaxsmasssssmas

115 5726 299 5799 dlamladiaii
313 5726 445 5785 tatarum.
463 5726 564 5786 Dicant
577 5728 651 5787 anim
666 5729 720 5789 :Si
744 5738 772 5791 at
798 5730 847 5791 illa
870 5732 918 5809 qui
973 5752 1039 5799 cnm
1063 5732 1393 5811 amministranda
1419 5734 1577 5799 ananius
1607 5720 1676 5773 Q
1700 5716 1824 5766 m*
