3780 6038
55 228 110 285 tes

628 226 737 281 Et‘tsr.
759 226 804 282 ,th
824 225 943 281 tutans
965 224 1109 281 tabelias

1648 230 1700 285 teu

55 370 114 407 mes
128 373 137 419 ς
153 356 318 411 benonim-s
329 362 356 410 et
368 354 484 409 universi
503 352 639 409 orientalis
653 350 771 406 Saxonia
786 366 847 404 ma-
862 350 889 409 Α
904 356 956 403 cat.
972 348 1041 418 Quia
1057 350 1131 404 lbrtis
1149 366 1207 405 snm
1218 368 1280 423 ego,
1310 352 1436 422 quoniam
1465 352 1596 407 Dominus
1618 353 1698 409 sorti-

53 440 130 510 J'cres
144 444 310 511 ctminores‚
340 445 523 497 linarsntnuo
551 439 697 495 venerabili
725 440 853 509 episeopo

57 532 270 587 halberstetensi
300 533 512 600 ,Ennmtnnnro
554 528 709 583 tlorbeiensi
750 526 852 593 abbati,

55 621 195 675 ilcrsnrco
209 620 450 681 Padurbrunnensi,
467 620 501 673 N.
531 617 672 682 hliadensi,
703 618 853 671 Farnamcc

56 710 260 780 archiepiscopo
275 708 439 776 Coloniensi,
458 709 492 761 N.
522 706 647 776 aquensi,
663 705 687 760 Ο
701 704 853 769 Leodiensi,

56 798 90 853 G.
121 798 328 869 tauringorum
356 797 427 863 duci,
465 797 632 850 llroraenro
659 792 854 866 gloriosissimo

59 886 311 957 Ftaartringensiam
349 885 451 949 comiti,
481 886 629 939 Leuctram
654 883 853 947 archidiacono,

57 974 238 1028 iicmenocoo
262 974 531 1044 circumspectissimo
545 971 701 1043 praeposito,
725 978 752 1024 ct
778 971 854 1024 Tan-

58 1078 170 1117 cnnano
184 1063 283 1135 insigni
309 1062 479 1133 philosopho,
495 1069 522 1115 et
536 1060 662 1115 omnibus
675 1058 771 1114 tlrristi
785 1054 854 1113 litle-

58 1150 138 1219 libus,
154 1152 298 1223 episcopis,
319 1150 471 1215 abbatibus,
488 1149 636 1216 nicrurchis,
665 1147 793 1213 eremitis,
810 1163 854 1200 re·

57 1241 148 1305 elusis,
179 1239 339 1311 praepositis,
365 1238 507 1305 canonicis,
538 1237 651 1304 clericis,
677 1235 853 1307 principibus,

58 1329 199 1395 militibus,
233 1328 460 1391 ministerialibus,
484 1326 635 1394 clientibus,
677 1324 855 1393 omnibusque

58 1418 209 1488 majoribus
223 1425 248 1471 et
264 1417 422 1485 minoribus,
443 1416 624 1479 dilectionem,
654 1414 813 1481 orationem,
829 1419 855 1466 et

55 1507 85 1560 in
102 1506 219 1577 idipsum
234 1507 357 1560 salutem.

91 1635 259 1690 Multimodis
283 1650 449 1707 paganarum
467 1631 686 1704 oppressionibus
700 1639 727 1685 et
740 1628 855 1685 calami-

55 1726 157 1781 tatibus
171 1724 319 1779 diutissime
338 1723 468 1794 oppressi,
498 1723 531 1777 ad
546 1731 661 1777 vestram
690 1719 855 1791 suspiramus

55 1814 279 1881 misericordiam,
307 1820 436 1881 quatenns
477 1809 605 1865 Ecclesia
641 1809 732 1865 aratris
759 1816 854 1863 vestrm

55 1904 197 1958 nobiseum
213 1902 481 1956 suhlcr'etisruinam.
508 1904 708 1955 lusurrexerant
739 1899 765 1951 in
794 1914 851 1963 nos,

55 2002 82 2048 et
97 1993 296 2063 peccauerunt
318 1990 494 2045 crudelissimi
520 1990 644 2061 gentiles,
673 1987 723 2041 riri
752 1987 853 2055 absque

56 2079 252 2147 misericordia,
282 2087 309 2134 et
336 2079 369 2134 de
396 2078 598 2132 inhumanitatis
626 2092 680 2129 sure
708 2074 855 2147 gloriantes

55 2168 170 2236 malitia,
186 2169 312 2223 ecclesias
331 2166 427 2223 Christi
454 2165 605 2221 idololatra
633 2164 852 2235 profanarenmt,

56 2257 152 2312 altaria
168 2256 289 2311 demoliti
305 2264 375 2316 sunt,
405 2262 431 2308 et
446 2255 517 2324 quod
534 2256 650 2309 humana
664 2268 740 2307 niens
754 2251 855 2323 relegit

55 2346 159 2410 autlirr,
176 2346 225 2416 ipsi
255 2361 308 2398 non
332 2344 476 2398 abhorrent
498 2343 527 2395 in
554 2359 603 2396 nos
630 2349 792 2412 perpetrare.
823 2341 852 2392 ln

55 2443 175 2491 nostram
203 2434 343 2505 regionem
375 2432 521 2503 srenissimo
553 2430 705 2497 etlerantar,
735 2429 853 2498 nullique

56 2531 208 2595 parcentes,
238 2521 484 2592 rapiunt,ca¹·¹lunt‚
511 2520 632 2586 tundunt,
662 2525 688 2573 et
716 2516 854 2588 exquisitis

56 2612 197 2667 tormentis
211 2610 343 2679 allligunt,
354 2609 483 2678 quosdam
499 2608 642 2673 decollant,
653 2614 679 2661 et
692 2607 780 2677 cupita
794 2605 853 2659 ‹lna-

55 2702 153 2757 mcniis
167 2699 380 2754 suisimmolant.
400 2698 439 2751 De
459 2697 617 2767 quibusdam
639 2696 785 2751 visceribus
808 2711 856 2747 ex-

57 2790 148 2845 tractis
163 2805 260 2843 manus
283 2787 414 2841 abscissas
429 2794 455 2840 et
480 2786 563 2855 pedes
586 2786 697 2857 alligant
713 2800 720 2853 3
738 2782 788 2839 t'hi
804 2790 852 2848 est,

58 2879 192 2949 inquiunt,
208 2878 281 2933 Deus
304 2878 420 2931 eorum‘?
430 2874 565 2943 Quosdam
581 2891 608 2928 ra
631 2872 752 2944 patibulo
766 2870 855 2925 subla·

58 2976 100 3023 tas
113 2967 270 3040 penaittnnt
286 2966 320 3020 ad
343 2965 461 3034 majores
474 2964 605 3018 cruciatus
617 2962 690 3017 omni
705 2968 790 3016 morte
805 2960 856 3013 mi·

908 438 971 491 tudo
982 438 1068 507 plebis
1095 456 1160 504 sate,
1184 447 1209 492 et
1237 448 1371 511 protector
1395 441 1573 495 salvationum
1602 441 1699 498 Christi

907 526 946 579 sui
958 534 1005 580 est.
1023 528 1160 598 Erarmpite
1174 535 1200 583 ct
1219 530 1306 583 venite
1318 545 1421 593 ornnes,
1450 537 1584 584 amatores
1602 530 1698 585 Christi

908 622 933 668 et
948 616 1077 681 eeclesiae,
1089 625 1116 671 et
1128 617 1196 671 sicut
1211 617 1280 672 tialli
1295 617 1329 671 ad
1344 617 1530 672 liberationem
1553 618 1699 673 Jemsalem

908 719 957 759 ros
971 712 1130 773 praeparate.
1149 705 1294 761 Jerusalem
1319 714 1417 772 nostra,
1444 706 1478 761 ab
1506 707 1581 761 initio
1604 707 1698 776 libera,

908 794 1049 863 gentilium
1064 793 1217 848 erudelitate
1245 794 1488 850 lactaestancilla.
1518 795 1604 865 liujus
1631 797 1700 852 muri

908 890 1018 951 prepter
1031 890 1141 951 peemta
1159 890 1248 937 nostra
1275 891 1443 937 corruerunt.
1463 884 1516 938 Sed
1540 884 1617 938 ruine
1644 886 1703 940 haec

908 970 959 1023 sub
973 986 1054 1024 manu
1070 977 1167 1038 restra,
1198 979 1327 1040 quatenus
1340 971 1444 1041 lapides
1471 972 1580 1042 pretiosi
1608 988 1702 1028 carnes

909 1058 977 1112 mirri
993 1058 1088 1127 ejuset
1111 1064 1195 1113 turres
1209 1059 1354 1113 Jerusalem
1382 1061 1498 1131 gemmis
1525 1059 1699 1116 aetlitieentur.

909 1147 1007 1201 Platore
1021 1148 1080 1216 ejus
1093 1155 1244 1203 sternantur
1265 1165 1329 1203 arno
1341 1148 1449 1211 inundo,
1466 1156 1557 1218 elprae
1567 1149 1701 1207 horrendo

909 1235 997 1290 souitu
1007 1236 1148 1307 gentilium
1168 1237 1195 1290 in
1210 1245 1353 1306 conspectu
1380 1237 1527 1309 l’ripegalae
1541 1245 1660 1294 cantetur
1673 1240 1701 1295 in

909 1349 941 1387 ea
955 1334 1087 1389 canticum
1115 1334 1224 1399 laetitirr,
1249 1342 1274 1388 et
1297 1350 1346 1404 pro
1361 1334 1545 1390 immolatione
1572 1335 1606 1390 de
1622 1338 1700 1391 Chri-

909 1422 987 1476 stiani
1015 1422 1153 1494 sangumis
1176 1422 1315 1491 allusione,
1357 1440 1465 1478 carnem
1494 1431 1520 1478 et
1542 1425 1701 1496 sanguinem

909 1519 990 1574 edant
1004 1536 1135 1589 perimeres
1148 1528 1175 1575 et
1196 1529 1355 1587 saturentur,
1366 1530 1395 1575 ut
1416 1521 1528 1576 laudetis
1557 1523 1701 1578 Dominum

910 1608 954 1677 qui
969 1608 1102 1677 requiritis
1129 1626 1201 1675 curn,
1231 1610 1375 1679 vivantque
1403 1610 1430 1663 in
1456 1610 1584 1665 menium
1611 1612 1702 1667 saeouli

868 1696 989 1765 sscortla
1000 1706 1095 1763 restra,
1112 1705 1139 1751 at
1156 1714 1208 1752 non
1223 1696 1327 1752 deficiat
1343 1698 1377 1753 de
1404 1714 1450 1753 ore
1465 1706 1553 1755 vestro
1582 1700 1700 1769 alleluia,

907 1786 1023 1840 alleluia.

942 1927 983 1982 hd
997 1929 1048 1983 hoe
1062 1927 1162 1982 bellurn
1187 1928 1297 1983 rlerotas
1311 1927 1388 1985 oliert
1403 1946 1498 1986 manus
1522 1949 1583 1987 eum
1600 1933 1700 2005 populo

906 2032 955 2071 suo
969 2032 1017 2071 rex
1031 2016 1164 2071 Dacorum
1179 2025 1206 2071 et
1219 2018 1264 2071 olii
1279 2019 1412 2090 principes
1427 2036 1475 2091 per
1488 2020 1623 2076 cicuitum.
1642 2022 1702 2093 lpse

907 2113 988 2169 etiarn
1003 2131 1050 2168 rex
1066 2123 1164 2179 noster,
1182 2116 1260 2184 hujus
1283 2115 1345 2171 belli
1361 2125 1462 2181 auctor,
1488 2135 1549 2173 earn
1576 2120 1703 2175 omnibus

908 2220 975 2272 quos
989 2204 1085 2274 poterit
1102 2203 1234 2259 arhlucere
1261 2206 1476 2276 promptissimus
1504 2208 1555 2262 erit
1583 2208 1699 2279 adjutor.

908 2291 1027 2346 Sabbata
1043 2291 1069 2344 in
1085 2291 1256 2347 hebdomada
1270 2292 1451 2365 Rogationem
1479 2296 1529 2350 erit
1554 2305 1702 2352 conventus

907 2388 996 2434 noster
1010 2380 1173 2443 llersburch
1190 2389 1216 2436 et
1226 2381 1377 2452 ubieunque
1405 2382 1433 2438 in
1447 2384 1567 2438 orientali
1583 2385 1702 2442 Saxonia

907 2477 1058 2540 opportuna
1072 2470 1202 2523 habemus
1212 2470 1279 2525 loca.

907 2620 910 2626 “
943 2608 1109 2667 Sanctissimi
1128 2610 1229 2675 Patres,
1254 2613 1388 2677 momelri,
1402 2613 1520 2669 eremite
1548 2621 1626 2685 atque
1654 2632 1701 2672 re·

907 2699 981 2764 clusi,
1006 2699 1137 2768 optimam
1161 2706 1263 2770 partem
1291 2717 1351 2755 curn
1380 2702 1463 2756 ilario
1488 2702 1628 2775 elegistis;
1653 2706 1701 2761 scd

908 2787 971 2857 quin
995 2804 1066 2842 nune
1095 2796 1198 2857 tempus
1226 2789 1262 2842 ita
1295 2789 1388 2861 exigit,
1416 2790 1449 2845 de
1468 2792 1701 2861 contemplationis

908 2885 1071 2955 quietorum
1095 2886 1198 2939 Martha
1212 2884 1375 2957 surgentium
1404 2894 1442 2941 est
1460 2887 1547 2955 robis,
1573 2889 1700 2959 quoniam

909 2972 1034 3028 iratribus
1057 2973 1151 3028 restris
1180 2972 1323 3044 plurimum
1353 2974 1473 3041 turbatis,
1513 2992 1572 3030 cunr
1596 2978 1701 3033 blartha

55 3056 241 3112 secabiliorem
260 3055 340 3109 ritam
361 3054 524 3125 pertrahere,
539 3069 600 3107 eum
615 3051 667 3106 riri
682 3050 812 3121 aspiciunt
826 3065 855 3103 se
870 3059 895 3122 0
909 3060 1055 3117 admodum
1070 3061 1220 3116 necessaria
1232 3062 1374 3117 estheris.
1386 3062 1470 3118 Vobis
1484 3061 1628 3133 loquimur,
1644 3066 1700 3121 imo

58 3144 312 3219 perahcissionem
333 3143 500 3215 singulorum
529 3140 713 3195 membrorum
737 3136 853 3193 mortiti-

57 3233 124 3300 cari,
140 3232 214 3288 etad
228 3232 350 3287 ultimum
375 3246 444 3286 creso
458 3236 550 3285 ventre
578 3228 766 3283 miserabiliter
793 3227 853 3282 cri-

58 3323 169 3379 scerari.
185 3320 364 3391 Quamplures
391 3336 468 3374 uros
478 3318 625 3385 excoriant,
638 3326 664 3372 ct
686 3327 745 3372 cute
760 3317 855 3387 capitis

57 3412 201 3478 abstracta,
232 3412 283 3465 hoc
309 3408 390 3463 modo
401 3407 481 3462 lavati
509 3407 537 3460 in
551 3406 760 3462 Christianorum
788 3403 855 3460 sines

57 3506 211 3572 emmpunt‚
227 3506 297 3553 etse
316 3497 479 3552 Christianos
488 3495 656 3559 mentientes,
683 3495 785 3564 predas
800 3494 854 3547 hn-

56 3606 129 3661 pune
145 3588 266 3660 abigunt.
283 3585 401 3641 Fanatici
416 3593 505 3639 autem
516 3584 622 3638 illorum
637 3582 853 3652 quotiescomes-

56 3686 206 3743 sationibus
229 3702 324 3741 vacare
340 3684 414 3751 libet,
431 3682 512 3737 Ferus
540 3682 567 3735 in
581 3681 668 3748 dictis,
696 3681 792 3751 capita,
809 3682 854 3735 in-

57 3776 162 3847 quiunt,
177 3774 234 3830 uult
249 3782 338 3829 noster
357 3771 508 3844 l‘ripcgala.
523 3770 682 3840 ilujusmorli
707 3766 763 3823 lieri
776 3785 856 3839 opor-

57 3882 93 3930 tet
108 3873 247 3929 sacr-illcio.
276 3871 426 3944 l‘ripcgala‚
454 3878 483 3923 ut
510 3870 593 3931 aiunt,
624 3867 735 3938 l'riapus
761 3875 801 3922 est
829 3872 855 3922 ct

55 3963 225 4035 beelphegor
239 3961 410 4033 impudicus..
422 3960 495 4014 Tune
510 3957 648 4012 decollatis
658 3964 720 4011 unte
730 3956 855 4027 pmlaua-

56 4053 138 4108 tionis
156 4068 211 4107 suar
240 4067 300 4105 aras
326 4046 489 4113 Christianis,
520 4054 546 4101 et
577 4045 717 4101 horrendis
744 4044 856 4100 vocibus

55 4151 211 4206 ululantes:
229 4153 357 4221 Agerinus,
373 4145 505 4217 inquiunt,
522 4143 579 4199 dies
594 4143 703 4211 laetitiae,
720 4143 805 4198 rictus
815 4149 855 4197 est

56 4240 185 4306 Christus,
201 4238 268 4294 vicit
278 4235 419 4307 Pripegala
432 4232 675 4289 victoriosissimus.

91 4373 254 4447 hujusmodi
283 4371 441 4428 alllieticnes
463 4366 714 4425 sineintermisione
742 4366 785 4422 rel
815 4372 851 4421 to-

55 4466 174 4523 ieramus
184 4463 227 4519 rel
243 4462 428 4529 lormidamus,
458 4459 642 4531 quoniameos
670 4472 777 4527 semper
787 4471 852 4527 pro·

55 4564 133 4639 gredi
148 4564 216 4619 etin
231 4560 356 4618 omnibus
384 4558 584 4631 ingemiscimus
606 4556 676 4611 bene
690 4552 850 4627 prosperari.

56 4664 160 4733 ltaque,
176 4662 271 4717 iratres
293 4658 452 4727 charissimi,
468 4656 548 4713 totius
571 4654 707 4719 Saxoniaa,
723 4653 852 4720 Francia,

56 4751 230 4823 irrueringiae,
247 4749 388 4814 Flandrim,
417 4746 547 4817 episcopi,
563 4743 652 4799 clerici
668 4752 695 4797 et
718 4739 852 4809 monaehi,

56 4850 90 4905 de
104 4849 184 4904 bonis
198 4847 294 4902 sumite
317 4845 483 4915 exemplum,
500 4850 526 4897 et
549 4841 688 4897 Gallomm
708 4841 854 4895 imitatores

56 4948 83 5003 in
99 4948 151 5003 hoc
165 4946 246 5001 etiam
261 4951 343 4999 estote
360 4963 366 4999 :
383 4943 496 4998 clamate
519 4943 570 4996 hoc
585 4941 612 4995 in
627 4939 748 4994 eeclesiis
763 4958 769 4994 :
787 4939 855 4994 San·

55 5042 169 5103 etitiratc
186 5042 332 5113 jejuniam,
362 5048 455 5097 rorate
473 5046 583 5103 curtam,
612 5046 777 5109 congregate
804 5053 853 5106 po-

56 5144 160 5215 pulum,
176 5140 336 5197 annunciate
358 5140 419 5205 hoe,
430 5144 457 5193 ct
470 5136 590 5192 auditum
616 5135 695 5189 lacite
710 5134 737 5188 in
761 5134 852 5189 omni-

56 5241 108 5296 bus
121 5238 243 5293 temrinis
258 5235 420 5307 praelationis
435 5241 540 5291 restrae.
557 5230 726 5289 Sanctificate
741 5231 851 5299 bellum,

55 5329 181 5386 suscitate
195 5325 328 5382 robustos.
349 5324 456 5396 Surgite
484 5323 619 5394 principes
641 5328 735 5377 contra
762 5321 852 5375 inimi-

53 5421 224 5487 cosChristi,
249 5419 357 5491 arripite
380 5418 498 5490 clypeos,
527 5416 709 5489 accingimini,
724 5412 772 5470 lilii
798 5430 850 5487 po-

54 5530 151 5590 tenter,
166 5526 194 5577 et
206 5516 297 5575 realta
319 5530 414 5573 omnes
426 5515 478 5571 riri
490 5514 643 5571 bellatores.
672 5512 798 5569 Infirmus
811 5512 851 5569 di·

907 3150 934 3204 in
962 3149 1041 3205 nohis
1062 3150 1182 3205 Christus
1202 3150 1319 3219 loquitur
1345 3150 1432 3205 robis.
1463 3151 1559 3223 Surge,
1587 3167 1703 3224 propera

907 3240 1003 3306 amica,
1029 3238 1156 3294 columba
1170 3255 1240 3297 mea.
1256 3246 1283 3293 et
1298 3239 1369 3293 reni.
1386 3239 1478 3295 Floras
1501 3240 1580 3296 bcnae
1608 3257 1703 3313 opera·

908 3329 986 3383 tionis
1012 3333 1193 3398 apparuerunt
1219 3327 1246 3381 in
1270 3335 1339 3382 terra
1366 3328 1517 3399 principum
1540 3338 1701 3401 nostrerum,

909 3434 1014 3496 tempus
1028 3425 1172 3497 putationis
1195 3424 1304 3480 advenit
1331 3424 1500 3492 idololatriae,
1514 3441 1569 3481 vox
1597 3430 1704 3485 turturis

908 3515 998 3570 audita
1012 3522 1061 3578 est,
1077 3514 1204 3584 quoniam
1225 3521 1298 3569 casta
1311 3522 1398 3568 mater
1411 3515 1529 3570 Ecclesia
1552 3515 1704 3588 ingemiscit

908 3615 941 3669 de
957 3613 1116 3669 idolotatria
1126 3614 1268 3684 spurcitiis.
1287 3614 1374 3668 Nemo
1390 3614 1512 3668 accendit
1525 3614 1662 3671 lucernam
1677 3624 1703 3672 et

908 3705 983 3775 ponit
1011 3703 1061 3757 sub
1089 3703 1189 3768 modio,
1217 3702 1264 3756 sed
1292 3718 1372 3773 saper
1398 3701 1599 3769 candelabrum,
1620 3705 1704 3775 utqui

909 3791 1095 3863 ingrediuntur
1108 3790 1199 3844 larnen
1217 3789 1334 3844 sitleam.
1352 3791 1450 3845 lauerat
1477 3791 1522 3844 lux
1538 3799 1626 3847 restra
1653 3808 1702 3848 ro·

907 3896 965 3935 narn
980 3879 1143 3942 hominibus,
1160 3884 1187 3931 ut
1201 3877 1310 3933 rideant
1323 3894 1405 3946 opera
1418 3886 1505 3932 restra
1520 3877 1600 3934 bona.
1609 3880 1696 3954 Surge

908 3968 1008 4037 itaque,
1024 3983 1123 4036 sponsa
1138 3966 1243 4029 (luisti,
1256 3965 1363 4020 etreni.
1381 3967 1464 4020 Senot
1481 3983 1534 4020 t'ox
1551 3974 1593 4022 tua
1609 3968 1635 4023 in
1651 3986 1701 4024 au-

908 4057 982 4112 ribus
996 4056 1091 4112 Christi
1106 4054 1237 4118 fidelium,
1268 4062 1398 4124 quatenus
1421 4070 1515 4110 ornnes
1543 4054 1577 4109 ad
1606 4057 1701 4112 Christi

908 4153 1033 4208 festinent
1046 4152 1157 4219 bellurn,
1178 4150 1275 4205 Christi
1303 4149 1434 4205 mihttbus
1455 4151 1606 4208 venientia
1633 4153 1697 4223 adju

907 4241 1015 4297 terium.
1032 4240 1152 4296 Gentiles
1175 4238 1216 4293 isti
1231 4238 1341 4308 pessimi
1363 4245 1433 4308 sunt,
1449 4238 1496 4294 sed
1511 4247 1580 4297 terra
1607 4258 1701 4298 eorum

907 4339 1019 4409 optima,
1035 4352 1125 4403 earne,
1139 4336 1228 4402 melle,
1245 4336 1375 4391 lerina...
1391 4335 1496 4404 aribus,
1525 4335 1583 4390 etsi
1610 4353 1702 4393 exco-

866 4417 985 4505 Dlatur,
1006 4435 1126 4491 omnium
1150 4434 1183 4489 de
1214 4441 1284 4489 terra
1310 4433 1430 4490 ubertate
1453 4441 1640 4506 pmrcntaum,
1665 4437 1703 4494 ita

906 4544 936 4589 ut
960 4533 1034 4588 nulla
1058 4532 1082 4587 ei
1111 4531 1195 4603 possit
1209 4531 1370 4602 comparari.
1387 4531 1432 4587 Sic
1447 4531 1521 4587 aiunt
1543 4530 1581 4586 illi
1605 4533 1702 4603 quibus

907 4641 971 4690 nota
984 4638 1034 4687 est.
1050 4630 1231 4702 Quapropter,
1246 4645 1263 4686 ο
1274 4629 1407 4696 Saxones,
1419 4628 1699 4705 Francihotharingi,

907 4728 1095 4801 Flandrigcnae
1123 4726 1295 4782 famosissimi
1315 4734 1342 4782 ct
1362 4725 1509 4782 domitores
1537 4726 1640 4795 mundi,
1656 4728 1700 4784 hic

908 4818 1028 4892 poteritis
1043 4824 1069 4871 et
1083 4816 1187 4871 animas
1200 4822 1303 4870 rostras
1315 4814 1484 4879 salvifacere,
1495 4821 1522 4869 et
1544 4815 1566 4869 si
1582 4816 1618 4869 ita
1644 4816 1702 4887 pla·

908 4925 960 4983 eet,
995 4916 1125 4988 optimam
1151 4922 1246 4967 terram
1270 4911 1305 4966 ad
1328 4911 1530 4967 inhabitandum
1549 4913 1698 4983 acquirere.

908 5015 960 5086 Qui
980 5014 1073 5071 Gallos
1087 5012 1121 5067 nb
1136 5018 1256 5066 extreme
1268 5008 1412 5065 Occidente
1428 5025 1584 5081 progressos
1593 5010 1621 5065 in
1634 5010 1700 5068 bra·

907 5116 968 5173 chio
979 5112 1081 5168 virtutis
1095 5126 1150 5165 suar
1177 5114 1269 5161 eontra
1284 5106 1406 5161 inimicos
1420 5122 1483 5161 suos
1515 5106 1542 5162 in
1557 5110 1702 5167 remotissi-

907 5229 953 5269 mo
970 5207 1143 5280 triumpharit
1157 5204 1276 5272 Oriente,
1293 5203 1349 5275 ipse
1371 5203 1468 5259 tribuat
1482 5204 1561 5261 robis
1574 5208 1701 5265 volanta-

910 5317 963 5365 tem
987 5315 1014 5364 et
1029 5305 1186 5379 potentiam,
1215 5302 1265 5357 hos
1291 5300 1387 5357 abiner
1414 5308 1440 5357 et
1466 5302 1702 5363 inhumanissimos

909 5407 1023 5481 gentiles
1045 5403 1200 5477 subjugare,
1229 5406 1258 5456 et
1286 5400 1315 5456 in
1338 5398 1463 5457 omnibus
1487 5400 1558 5458 bene
1586 5414 1702 5477 prospe.

908 5509 972 5566 rari.
