3780 6038
1 179 3 186 Ι
100 225 153 279 575

558 218 657 274 PETRI
676 214 844 272 tLt‘ttt‘tNSt
866 213 914 269 Ex
933 211 1052 270 tuoto
1072 210 1268 267 clttttstttn'l

1702 211 1751 264 bib

101 347 225 416 subjecit,
235 351 264 402 el
278 352 316 402 tol
331 344 461 401 malorum
477 344 636 399 multatione
654 342 812 397 damnavit?
837 342 891 396 lle·
907 338 936 399 A
952 337 1035 394 vestri
1049 337 1129 405 liujus
1140 335 1205 405 justi
1217 351 1265 406 pro
1281 350 1335 408 qna
1357 333 1396 390 illi
1416 333 1453 389 its
1466 332 1554 405 puniti
1573 340 1639 389 sunt
1651 349 1749 389 nomen

102 435 298 508 spondebitqtte
318 435 403 490 alter:
419 433 462 491 Ob
489 432 542 488 tale
567 441 722 504 peccatum,
747 432 820 503 quod
847 432 896 487 Dei

104 534 198 590 Filium
219 533 327 588 invidias
350 538 453 587 tuntum
483 548 565 587 causa
589 531 760 594 occiderunt,
783 529 845 586 ideo
868 529 897 583 in

104 622 160 677 baec
176 621 245 675 mala
260 620 438 676 devenerunt.
454 619 534 690 Quod
548 619 572 673 si
586 620 613 674 in
633 618 692 689 ipso
708 627 830 688 tempore
845 634 897 688 quo

103 727 244 790 peccatum
259 735 274 773 n
289 719 364 774 vobis
386 727 428 773 est
446 718 632 779 commissum,
656 725 741 770 toturn
755 715 895 770 iudaicam

104 808 264 880 progeniem
275 806 395 862 funditus
409 807 563 871 delevisset,
577 805 670 860 multis
683 815 831 874 temporum
844 803 897 858 cir·

951 433 1095 489 mutantes,
1112 424 1140 478 in
1150 425 1201 480 hoc
1216 423 1288 480 lacto
1302 424 1337 479 de
1348 422 1456 479 Christo
1478 439 1597 494 prorsus
1611 423 1753 479 coniicue·

951 531 1022 577 rutil.
1049 522 1180 576 Diterunt
1214 521 1288 577 enim
1316 521 1380 592 quia
1413 520 1542 591 princeps
1577 519 1624 575 ille
1653 519 1754 587 justum

951 612 1070 679 nomine,
1104 611 1207 681 losaplt
1235 609 1318 665 filiurn
1346 610 1441 676 iacob,
1463 624 1543 681 quent
1568 608 1754 680 inAEgyptnm

951 710 1131 764 vendiderant
1172 707 1269 763 iratres
1303 708 1382 777 (Gen.
1413 709 1539 777 xxxvii),
1573 706 1754 777 intelligebat,

951 798 1065 867 ejusque
1079 797 1242 868 sanguinem
1258 797 1292 850 ub
1304 797 1343 850 eis
1354 795 1478 866 exigens,
1495 803 1609 865 propter
1624 811 1688 848 enm
1703 795 1757 850 tali-

951 887 1002 941 bus
1015 886 1077 941 illos
1092 883 1182 941 affecit
1197 884 1349 955 suppliciis.
1373 884 1534 940 absurdunt
1550 895 1643 938 autern
1660 882 1755 939 ustioni

952 981 1068 1045 ridetur,
1088 990 1115 1035 ut
1136 981 1165 1035 id
1188 982 1223 1035 ub
1245 981 1285 1035 eis
1307 980 1432 1051 exigeret
1450 979 1524 1050 quod
1539 979 1574 1034 ad
1591 980 1683 1034 minus
1696 989 1756 1035 ante

102 906 169 962 culis
185 905 337 967 transactis,
352 905 429 975 cttlpa
445 905 584 960 oblivione
599 904 700 969 deleta,
711 917 726 956 u
737 901 811 956 nullo
822 917 897 955 mor·

103 994 196 1048 talium
220 994 344 1055 sciretur,
365 994 458 1065 sicque
480 1002 504 1047 et
521 992 638 1046 inlaruita
661 989 848 1061 opprobrium,
871 993 897 1044 el

104 1082 238 1137 mulorum
266 1083 407 1137 evitaretis
431 1082 594 1152 periculum,
621 1080 690 1136 sicut
713 1089 740 1134 et
759 1080 793 1134 de
808 1078 899 1133 multis
951 1070 1025 1124 mille
1036 1070 1246 1141 quingentorum
1262 1077 1321 1124 eret
1334 1068 1436 1124 lactum
1452 1084 1587 1125 annorum
1604 1068 1755 1134 turritula.

103 1171 216 1243 configit
235 1171 363 1244 peoribus
378 1179 405 1227 02
419 1171 538 1242 regibus,
558 1186 674 1242 quorum
698 1177 775 1242 gessa
791 1177 894 1239 tempo.
952 1158 1067 1212 maxime
1083 1174 1144 1213 cnm
1161 1157 1327 1229 temporibus
1346 1157 1444 1229 quibus
1462 1158 1565 1228 loseph
1581 1156 1756 1212 venundatus

104 1287 163 1325 rum
183 1280 244 1325 sunt
265 1279 395 1325 uetustate
418 1270 521 1325 deletu.
541 1271 590 1325 Est
604 1277 630 1323 et
646 1269 700 1323 alia
718 1285 808 1333 causa,
831 1282 897 1336 pro·
952 1254 1010 1322 lull.
1031 1255 1106 1354 nulla¹
1129 1255 1174 1309 lex
1190 1263 1263 1311 esset
1286 1271 1341 1327 qut
1367 1255 1494 1327 princeps
1520 1255 1566 1311 ill-s
1596 1269 1645 1310 cos
1662 1255 1757 1310 mortis

106 1367 166 1428 pter
189 1375 271 1430 quum
287 1360 359 1415 Deus
380 1358 520 1414 luduicum
538 1357 623 1414 noluit
647 1361 761 1427 perdere
776 1365 897 1428 gentem.
952 1359 1015 1399 reos
1029 1360 1192 1400 00sst'tsscet0
1206 1352 1309 1414 possei-

104 1457 221 1512 Videbat
236 1458 308 1512 enim
323 1458 457 1529 quosdam
471 1458 505 1512 dc
520 1458 624 1512 semine
635 1467 726 1512 vestro
737 1454 899 1525 quandoque
990 1434 1114 1488 Mfflffl·
1135 1432 1263 1488 flamm*
1277 1440 1331 1487 ωδ)
1346 1447 1401 1487 ⁰⁰¹¹
1426 1430 1494 1487 mihi
1516 1430 1667 1499 ⁸l¹ffi⁰l¹¹¹¹¹r
1684 1447 1755 1504 ‹1¹¹⁰-

104 1553 130 1610 in
146 1570 177 1610 se
191 1554 352 1621 credituros,
375 1564 454 1626 utque
476 1554 633 1618 salvandos,
656 1561 683 1608 et
703 1553 764 1607 ideo
788 1560 901 1622 propter
953 1529 1026 1584 ΠΜ
1055 1545 1110 1583 ⁰0¹¹
1138 1529 1228 1601 alique
1255 1545 1302 1585 ³⁸⁸
1328 1528 1491 1585 ⁸⁰⁶¹⁰lil⁸ll
1517 1527 1679 1595 0⁰¹¹fil¹¹l⁸⁸s
1707 1530 1756 1585 ⁸²11

106 1657 153 1697 cos
180 1643 265 1697 noluit
287 1643 397 1699 omnino
431 1652 549 1699 vestram
582 1642 743 1712 disperdere
775 1641 898 1710 stirpem,
956 1627 1063 1698 Dl0llll⁰
1078 1624 1159 1697 5¹¹8ss
1173 1627 1296 1693 ⁸¹'bllt102
1320 1641 1371 1682 ¹¹0⁰
1392 1627 1464 1680 inest
1485 1625 1525 1681 21⁸
1539 1626 1595 1681 ulla
1609 1627 1758 1682 necetsitat

107 1730 176 1787 sicut
192 1730 258 1787 dicit
273 1732 366 1786 isaias:
382 1732 518 1802 Quomodo
526 1733 551 1787 si
559 1733 724 1788 inueniatur
735 1746 858 1801 prauum
869 1732 900 1784 itt
914 1693 941 1754 Β
956 1732 1008 1788 (Ιῦθ
1037 1732 1080 1770 ¹¹¹⁰
1107 1715 1142 1770 ld
1169 1715 1341 1772 &edendum
1363 1715 1412 1769 libi
1427 1729 1528 1787 0⁰82?ss
1552 1714 1671 1770 debet&
1694 1716 1759 1772 Volo

108 1829 349 1893 botro,eldicatur
359 1847 365 1883 ι
376 1831 414 1886 ll'a
423 1830 540 1900 dissipes
552 1827 633 1893 illud,
645 1826 899 1900 quoniamlrertedi·
954 1812 1054 1868 ³¹¹²⁰¹¹¹=
1064 1814 1102 1869 ¹¹¹·
1114 1804 1136 1858 Sl
1145 1804 1396 1875 l³¹0⁵2³¹ltl¹¹³¹¹¹d⁰
1408 1803 1548 1875 prophetis
1569 1804 1760 1860 ⁸⁰⁰²⁰sll⁸²⁰ffl

954 1893 983 1948 in
997 1893 1115 1948 medium
1137 1892 1257 1959 deleres,
1276 1909 1331 1964 qua
1345 1893 1531 1963 captivitatem
1546 1892 1627 1947 istum
1642 1902 1759 1965 propter

956 1982 1093 2038 bominem
1121 1980 1208 2048 illum,
1230 1990 1256 2037 et
1277 1998 1339 2037 eum
1355 1981 1491 2037 Christum
1519 1997 1581 2037 esse
1596 1980 1757 2038 necessario

955 2091 1102 2148 monstres,
1129 2098 1181 2137 nec
1199 2081 1281 2136 nobis
1294 2082 1321 2136 in
1336 2081 1388 2138 hnc
1412 2081 1586 2137 tribulatione
1601 2097 1686 2154 posse
1696 2097 1759 2139 cer-

955 2180 1012 2227 tum
1027 2170 1169 2225 terminum
1185 2186 1259 2225 esse.

994 2260 1110 2314 Primus.
1144 2259 1229 2313 Istius
1255 2259 1389 2329 prophete
1421 2258 1483 2314 sit:
1508 2259 1651 2328 dinibus
1678 2263 1761 2316 iarroe

959 2348 1056 2404 landes
1080 2347 1251 2414 audirimus,
1279 2348 1400 2419 pluriam
1413 2348 1490 2418 justi
1513 2348 1683 2418 (lsa.1xtr).
1699 2348 1762 2404 Haec

958 2437 1052 2502 verbu,
1075 2436 1140 2507 jnsti
1168 2437 1248 2504 huius
1272 2435 1367 2491 leudes
1396 2437 1496 2509 ubique
1524 2446 1660 2492 terrarum
1678 2436 1762 2493 iuissc

959 2534 1120 2591 ostendunt.
1139 2533 1247 2589 Nullius
1261 2541 1352 2589 sutem
1378 2535 1496 2589 bominis
1509 2534 1575 2603 justi
1593 2533 1692 2590 laudes
1702 2543 1762 2589 tuu-

959 2632 1001 2678 tus
1017 2622 1101 2678 luisse
1112 2637 1233 2694 unquam
1245 2622 1410 2690 audivimus,
1419 2631 1448 2678 ut
1459 2639 1547 2694 usqua
1558 2623 1593 2678 ed
1604 2622 1675 2679 lines
1683 2633 1763 2679 terras

960 2721 1141 2793 pervenirent.
1158 2719 1207 2775 Cui
1225 2719 1303 2789 justo
1325 2720 1389 2792 quie
1405 2721 1602 2777 tribulationes
1621 2738 1690 2792 quas
1704 2723 1763 2778 sius

963 2826 1042 2866 causa
1057 2824 1188 2880 passurus
1203 2817 1261 2863 erat
1276 2809 1450 2880 praevidebst,
1467 2810 1509 2865 bis
1523 2811 1689 2881 compatitur
1704 2826 1765 2866 ter·

963 2897 1763 2972 bis,dicens:Voemilti:prevaricantespraeuaricatisurtt,

963 2995 1200 3052 Proeoaticutione
1218 3001 1464 3066 ttunspressarum
1487 2997 1673 3070 proeuaricati
1697 3001 1767 3054 susti

963 3084 1120 3154 (drouart).
1139 3085 1377 3141 Proeridensenim
1395 3086 1526 3156 propheta
1544 3102 1614 3159 quas
1626 3085 1766 3157 prophetis

961 3174 1766 3245 Dciadrentumpraenuntiantibustribulationesillaturies·

963 3282 1032 3338 sent,
1040 3271 1090 3326 sit:
1101 3273 1324 3328 Proeruricorrics
1331 3273 1766 3344 pravaricatisumlintuitusau·

109 1928 166 1984 ctio
185 1931 249 1994 esl,·
265 1928 306 1983 sic
319 1930 426 1999 facium
444 1933 560 2000 propter
573 1942 664 1983 scruas
682 1940 768 1990 meos,
789 1929 821 1980 ut
842 1940 900 1980 non

109 2015 272 2087 disperdam
298 2021 388 2072 totum
405 2017 469 2084 (isa.
490 2017 571 2084 uxr).
598 2015 794 2071 Testimonium
809 2023 900 2068 sutem

109 2104 210 2160 divinoe
222 2104 292 2160 circa
307 2121 356 2161 tos
370 2104 478 2174 pietatis
497 2105 570 2177 quod
585 2104 672 2175 Moysi
686 2104 851 2174 promissum
867 2103 902 2156 ds

109 2192 179 2265 legis
202 2193 272 2249 libro
296 2194 457 2265 protulistis,
478 2210 532 2249 non
551 2195 585 2248 ad
600 2204 773 2265 praesentem,
796 2191 846 2247 sed
868 2191 902 2245 ad

108 2293 275 2364 praeteritam
286 2292 397 2362 respicit
412 2292 758 2364 Babyloniscsptiritatem,
774 2289 902 2362 quoniam

107 2379 143 2436 de
157 2397 189 2436 eu
203 2382 365 2453 qttandoqne
382 2397 430 2437 vos
445 2395 502 2435 erat
518 2381 680 2437 educturus.

143 2471 264 2525 Morsus.
289 2469 348 2539 Qua
374 2471 538 2540 comprobes
558 2470 718 2525 anctoritate
742 2468 904 2539 promissum

110 2566 175 2622 illud
190 2567 224 2622 ad
239 2568 328 2623 solum
338 2567 494 2637 Dubylonite
509 2566 692 2637 captivitatem
706 2565 864 2635 pertineret

144 2657 260 2712 Parnes.
274 2655 408 2726 Quoniam
423 2656 450 2710 in
464 2656 525 2712 loco
541 2655 586 2709 ubi
601 2656 766 2726 promissum
777 2656 830 2710 lice
844 2653 906 2710 lecit

110 2753 184 2810 Deus
204 2753 238 2809 ud
262 2755 383 2824 Moysen,
405 2753 428 2809 si
451 2754 587 2826 paulisper
605 2752 729 2810 attendas
752 2753 906 2823 superiora,

110 2842 237 2899 cumdem
244 2843 665 2914 lioyseupraemisisseinrenies:
677 2846 751 2900 Tunc
755 2844 908 2915 placebunt

114 2946 199 2998 terrae
217 2942 331 2998 sabbata
345 2957 407 3010 suo,
426 2943 537 2998 cunctis
548 2940 645 2997 diebus
656 2941 822 2998 solitudinis
837 2957 906 3018 sure,

114 3038 312 3112 quandoeritis
320 3040 351 3094 in
363 3043 439 3094 terra
450 3039 556 3104 hostili,
568 3038 760 3103 sabbatizabit,
770 3039 909 3112 strenuis·
923 3051 948 3116 (2

114 3133 172 3183 scat
190 3128 221 3182 io
237 3127 364 3183 Sublatis
378 3127 455 3186 tLev.
479 3134 562 3195 stri).
585 3128 641 3182 tine
659 3138 749 3183 autem
764 3128 804 3183 eis
819 3127 845 3181 in
858 3129 907 3181 Ba·

111 3215 237 3286 bylouem
253 3215 341 3270 ductis
355 3215 520 3286 completum
535 3231 597 3271 esse
613 3216 695 3270 Eurus
710 3216 736 3270 in
745 3216 816 3270 libro
825 3216 908 3270 Tem-

115 3328 212 3383 porum
232 3312 402 3384 comprobet,
418 3313 511 3370 dicens
525 3313 595 3368 inter
609 3324 725 3369 caetera:
743 3315 850 3369 Ductus
867 3317 910 3369 est

116 3403 204 3458 lsrael
219 3403 251 3456 io
267 3402 444 3472 Babylonem,
463 3406 490 3457 et
505 3403 621 3458 seruioit
638 3403 698 3473 rapi
710 3408 738 3457 et
754 3403 823 3470 filiis
836 3405 909 3467 cius,

117 3490 370 3548 doucccelcbraret
391 3494 468 3545 terra
487 3490 608 3547 Sublata
623 3506 685 3547 aua.
705 3491 820 3548 Cunctis
833 3493 911 3547 euim

116 3578 212 3634 dubus
224 3579 407 3634 desolationis
426 3581 482 3651 epit
498 3580 647 3636 Miletum
658 3581 696 3652 (lt
714 3582 779 3636 Dar.
802 3586 907 3649 xxxvi).

117 3667 148 3722 ln
162 3667 204 3721 his
220 3665 311 3722 verbis
331 3667 432 3739 liquido
455 3675 570 3739 apparet
585 3669 695 3739 quiade
719 3669 808 3742 primu
823 3668 913 3740 cupti-

119 3755 201 3812 ritnte
214 3756 349 3827 loquutur.

153 3855 275 3910 Marses.
291 3853 444 3909 Auctoritas
458 3853 511 3910 ista
536 3871 605 3911 maae
624 3871 677 3912 non
692 3854 790 3910 sufficit
804 3855 914 3911 dubita-

119 3942 194 4008 tioni,
210 3944 273 4016 quia
287 3959 342 3999 uon
357 3951 488 3999 monstrut
499 3960 549 4000 nos
561 3954 679 4017 propter
691 3945 829 4001 bominem
840 3944 914 3999 illum

119 4033 148 4088 in
163 4035 232 4089 bunc
246 4033 382 4090 decidisse
397 4034 591 4105 captivitatem.

157 4132 275 4187 Pennus.
291 4129 371 4200 Quod
382 4129 535 4185 evidentius
553 4129 855 4201 testimoniumquseras
866 4144 917 4185 vos

120 4228 230 4293 propter
250 4218 351 4275 Christi
370 4228 483 4275 mortem
509 4219 577 4275 hanc
601 4219 709 4275 subisse
722 4218 904 4289 captivitatem

121 4333 205 4390 quum
232 4316 260 4371 id
288 4315 362 4386 quod
391 4316 522 4386 scriptum
550 4315 622 4386 apud
647 4332 696 4371 tos
723 4315 825 4388 legitis,
856 4332 919 4387 quta

121 4405 226 4462 scilicet
240 4406 267 4458 in
282 4405 341 4475 ipso
364 4403 452 4459 sdhuc
476 4404 638 4469 captivitatis
657 4404 780 4470 exordio,
805 4405 956 4476 quidemn

123 4503 202 4550 terrae
218 4500 318 4548 restris
341 4492 468 4563 princeps
494 4491 587 4547 decent
609 4492 643 4548 de
664 4493 820 4548 melioribus
835 4493 918 4548 totius

121 4580 371 4652 Israeliticipopuli,
384 4580 518 4635 Ananiam
528 4579 916 4646 scilicetTerradionislilium,

122 4673 278 4728 Simeonem
289 4669 447 4724 Gamalielis
464 4668 557 4737 lilium,
571 4670 673 4725 lsmacl
690 4670 875 4726 Eliseiltlium.
892 4677 918 4726 et

122 4760 230 4818 Acbibu
243 4768 412 4831 ceterosque
427 4767 521 4829 captos
536 4758 563 4812 in
578 4775 716 4816 carcerem
732 4760 814 4827 misit,
830 4759 919 4816 scisci·

121 4867 182 4914 tans
197 4864 223 4911 ut
239 4857 303 4929 quid
317 4858 418 4925 iustum
433 4856 628 4911 vendidissent.
650 4857 702 4912 Les
724 4857 806 4922 enim,
819 4857 917 4928 inquit,

122 4954 252 5011 discernit
275 4962 302 5009 ut
327 4955 482 5026 quicunque
508 4954 631 5010 lrrdaeunr
648 4954 808 5022 vendiderit,
826 4954 919 5010 mortis

122 5044 252 5100 multetur
266 5043 413 5097 sententie.
433 5043 465 5098 lit
481 5042 776 5114 vosigitursecuudum
788 5042 919 5112 judicium

122 5132 193 5203 legis
208 5131 275 5185 mari
288 5130 407 5186 debetis.
422 5155 433 5178 r
449 5131 653 5195 Dictodecreto,
666 5146 742 5187 varro
752 5132 920 5202 datcorpora

121 5231 213 5287 leton
241 5227 301 5282 Non
329 5229 400 5282 enim
428 5243 523 5283 amires
545 5245 595 5283 una
619 5229 740 5285 coercuit
759 5244 849 5298 poena,
872 5229 921 5284 sed

125 5314 241 5389 singulis
256 5315 362 5387 singula
378 5325 440 5371 sunt
452 5332 556 5387 genera
564 5318 660 5373 mortis
669 5317 820 5388 proposita.
832 5317 922 5373 Alium

126 5404 252 5462 videlicet
266 5403 338 5475 iguis
353 5406 491 5468 cremarit,
508 5404 576 5461 alter
590 5405 673 5462 terrei
692 5405 807 5477 pectinis
822 5405 922 5479 ungui-

964 3370 1028 3424 tem,
1042 3360 1105 3432 qtria
1119 3376 1170 3416 nec
1184 3362 1315 3416 membris
1329 3362 1460 3427 contenti,
1481 3362 1572 3433 ipsum
1586 3362 1672 3417 etiam
1687 3369 1769 3433 ceput

963 3448 1065 3503 invidia
1090 3449 1165 3520 pleni
1193 3450 1400 3522 quibuscunque
1426 3459 1539 3521 possent
1558 3451 1649 3506 modis
1675 3458 1769 3506 essem

965 3546 1135 3618 oppressuri,
1168 3556 1193 3602 ct
1216 3547 1367 3602 secun-lum
1397 3548 1522 3619 corporis
1554 3547 1768 3618 passibilitatem

966 3635 1104 3701 occisuri,
1124 3635 1353 3706 prevaricationis
1379 3652 1478 3691 nornen
1502 3636 1703 3708 ingeminavit.
1733 3637 1771 3692 its

967 3722 1361 3795 subjicicnsproeaaricatiaae
1372 3729 1615 3796 transaressorum
1628 3728 1769 3798 proetmri-

967 3814 1026 3869 cali
1044 3818 1122 3867 sunt.
1143 3811 1198 3868 Sed
1215 3813 1279 3883 quia
1294 3813 1522 3884 probocpeccato
1532 3828 1615 3884 poens
1632 3812 1770 3885 plectendi

967 3909 1068 3962 essent,
1085 3900 1204 3955 dictante
1218 3901 1316 3970 spiritu
1332 3900 1488 3971 presciens,
1505 3900 1579 3957 illico
1593 3901 1769 3974 subjungens

969 3989 1019 4044 sit:
1033 3989 1177 4045 Fortitudo
1192 3993 1219 4045 et
1227 3994 1316 4060 toccu,
1329 3994 1357 4044 et
1367 3991 1483 4062 laqueus
1492 4005 1578 4063 saper
1588 3997 1614 4045 te
1625 3992 1675 4063 qui
1689 3989 1769 4046 ltali-

971 4081 1082 4133 tntorea
1096 4077 1280 4149 tarroe(ibid).
1296 4079 1369 4133 later
1380 4089 1479 4133 caetern
1495 4093 1604 4150 quoque
1620 4078 1656 4133 de
1672 4078 1769 4135 eedem

970 4173 1051 4238 gente
1065 4165 1115 4221 uit:
1137 4167 1268 4223 Gracolrit
1281 4168 1358 4222 enim
1376 4167 1513 4238 iniquitas
1530 4183 1593 4233 sua,
1605 4171 1634 4224 et
1645 4172 1768 4237 corruet,

895 4283 915 4326 .’
972 4270 1064 4323 elnon
1071 4266 1188 4338 adiiciet
1199 4270 1231 4322 ut
1241 4269 1372 4338 resurpat
1387 4266 1488 4336 (ibid),
1506 4263 1552 4320 ubi
1564 4265 1695 4322 videlicet
1708 4283 1770 4323 cer-

973 4364 1027 4409 tum
1042 4354 1122 4409 rabis
1141 4356 1286 4409 terminum
1302 4353 1434 4409 evadendi
1449 4352 1635 4425 captivitates-t
1649 4354 1771 4412 funditus

970 4451 1115 4523 depressit.
1143 4451 1192 4506 llis
1214 4467 1333 4507 consona
1355 4451 1486 4506 Dominus
1501 4468 1550 4523 per
1564 4452 1692 4509 eumdem
1707 4469 1770 4525 pro·

971 4542 1083 4612 phetam
1103 4540 1129 4594 in
1147 4540 1201 4595 alio
1220 4541 1281 4596 loco
1300 4540 1390 4611 posuit
1405 4540 1517 4596 dicens:
1536 4541 1617 4596 Narra
1627 4543 1771 4615 impressus

972 4638 1274 4712 scribesuperllucum,
1283 4642 1310 4693 cl
1318 4638 1586 4710 ialiiro'dilipeuter
1595 4654 1688 4695 exara
1700 4640 1773 4696 illud

973 4727 1345 4783 eteritiadicttonissimaln
1360 4727 1774 4801 testimoniumuspueiuoeter·

972 4832 1043 4871 num
1056 4830 1061 4868 :
1073 4815 1194 4886 Populus
1203 4816 1280 4870 enirn
1291 4816 1326 4870 nd
1344 4814 1524 4871 iracundiam
1539 4821 1709 4890 provocatus
1719 4819 1772 4881 cst,

973 4913 1060 4983 elfilii
1074 4914 1231 4978 mendaces,
1241 4913 1295 4982 filii
1308 4914 1436 4970 nolentes
1451 4913 1551 4970 audire
1561 4915 1719 4987 teaemost,
1729 4912 1776 4988 qui

974 5010 1260 5066 dicuntaidcrrtibus:
1280 5011 1372 5066 Nolite
1386 5010 1488 5074 ridere,
1504 5014 1531 5067 et
1548 5012 1773 5084 aspicientibus:

974 5110 1064 5166 Nolite
1081 5110 1207 5181 aspicere
1223 5110 1301 5164 nolis
1318 5124 1351 5164 en
1364 5125 1426 5181 pure
1444 5111 1524 5163 recta
1537 5112 1618 5165 suat.
1634 5111 1776 5181 desertae

974 5207 1109 5274 merium,
1121 5205 1288 5261 decliantcu
1302 5220 1346 5259 me
1359 5206 1502 5271 semitam,
1515 5209 1605 5261 resset
1615 5207 1714 5275 atacis
1724 5221 1777 5262 so-

974 5302 1339 5372 strasnnctuslsracldsa.
1356 5304 1437 5370 xxx).
1457 5302 1666 5375 Bususlignurn
1681 5303 1777 5361 durum

976 5408 1027 5466 est,
1040 5409 1067 5456 et
1089 5400 1265 5471 imputribile.
1288 5401 1351 5455 ldeo
1365 5408 1457 5456 sertem
1468 5400 1498 5455 in
1512 5401 1585 5456 buxo
1599 5401 1695 5471 scribi,
1708 5408 1736 5458 at
1750 5402 1777 5458 in

128 5503 180 5558 bus
197 5502 333 5558 laceratus
352 5500 509 5572 exspirurit,
532 5501 614 5557 ulium
640 5519 704 5559 rero
724 5519 796 5559 mors
820 5504 923 5577 quavis
977 5497 1047 5551 libro
1057 5496 1206 5569 diligenter
1221 5497 1348 5568 praecepit
1361 5497 1480 5560 exuturi,
1495 5506 1523 5552 ut
1535 5496 1561 5551 iu
1575 5506 1712 5554 menum
1724 5499 1777 5555 tlu-

127 5591 238 5648 diterss
264 5590 442 5659 consumpsit.
471 5590 700 5661 quemadmodum
733 5600 836 5648 mortes
864 5593 925 5648 illus
977 5601 1059 5662 reret,
1090 5603 1116 5649 et
1141 5596 1274 5666 usquein
1297 5594 1481 5651 novissimum
1501 5594 1779 5655 diemtastimouium

126 5698 225 5748 restrae
254 5684 385 5746 doctrines
411 5685 484 5743 liber
507 5687 643 5760 exposuit.
671 5689 804 5746 Doctores
831 5694 922 5746 sutem
977 5689 1173 5748 incredulitatis
1191 5707 1249 5748 suae
1271 5699 1297 5748 et
1319 5689 1501 5763 opprobrium
1519 5700 1710 5764 potum.
1728 5693 1780 5751 Dar
