3780 6038
78 206 128 264 661

829 216 984 276 otxtcot.

1675 231 1728 287 662

79 332 221 387 Christum
235 348 266 387 se
278 332 451 405 requiescere
466 335 569 392 dehere
595 339 751 407 credebant,
769 355 784 395 a
799 342 879 397 dolo·
894 343 921 403 Α
936 343 1068 400 debemus
1097 363 1145 403 nos
1168 348 1320 418 celebrare,
1359 358 1471 423 propter
1499 352 1728 410 resurrectionem

78 422 158 477 ribos
181 421 290 477 inserui.
318 424 381 478 l’ost
417 427 648 484 resurrectionem
681 445 747 485 xero
769 430 878 497 Christi,

78 535 139 590 quae
162 534 246 574 cansa
270 518 319 574 init
340 519 505 578 Christianae
527 525 702 592 credulitatis,
719 535 745 581 et
758 527 880 582 credoli-

77 615 120 662 tas
142 623 227 663 cansa
256 607 425 676 salvationis,
456 613 579 682 quamvis
608 630 639 669 ex
669 621 757 671 morte
781 616 879 670 Christi

78 705 236 776 provenerit
260 705 374 760 salvatio
393 709 492 774 omnis,
514 710 562 764 sed
589 711 693 782 absque
717 712 879 770 credulitate

77 793 146 847 nihil
173 794 287 849 eontulit
311 795 454 862 utilitatis;
484 807 545 868 post
575 800 810 870 resurrectionem,
835 803 878 856 in-

77 905 171 960 quam,
202 889 301 944 Christi
326 890 385 959 jam
412 895 540 947 otunibos
563 894 674 950 ineam
702 897 878 952 erodentibus

77 978 226 1032 Sabbatum
250 979 398 1035 observare
432 983 621 1038 necessarium
648 1000 702 1038 xxon
734 984 792 1049 luit,
823 984 877 1039 imo

75 1075 148 1130 diem
164 1076 344 1140 Dominicam,
370 1077 443 1132 diem
456 1079 561 1135 scilicet
582 1081 800 1148 resurrectionis,
816 1096 877 1154 qoae

74 1180 133 1218 suae
147 1164 306 1220 salvationis
321 1181 402 1221 causa
419 1168 533 1222 exstitit.

111 1270 245 1325 dioxstts.
262 1271 296 1325 Et
311 1288 393 1342 quaro
419 1288 473 1327 nott
496 1274 709 1330 observaverunt
731 1284 874 1347 utrumque

75 1359 235 1423 Sabbatum,
253 1359 381 1414 videlicet
405 1360 439 1415 ob
465 1364 621 1418 memoriam
637 1364 730 1419 mundi
749 1365 872 1435 originis,

73 1447 147 1502 diem
176 1462 243 1502 vero
272 1448 387 1502 alteram
415 1449 450 1503 ob
484 1451 641 1506 memoriam
673 1454 871 1508 suvusulvatio-

73 1544 145 1598 nis‘?

112 1664 241 1719 Peneos.
275 1664 353 1734 Quod
382 1666 417 1720 ob
446 1667 605 1722 memoriam
635 1669 749 1741 originis
779 1669 872 1724 mundi
887 1693 912 1751 Β

73 1752 220 1808 Sabbatum
244 1753 361 1808 diximus
376 1755 531 1823 observari,
553 1756 675 1827 proiecto
695 1758 871 1813 observatum

73 1848 124 1905 est,
141 1849 255 1912 proptea
270 1859 360 1896 rerum
386 1844 563 1907 creationem,
580 1862 639 1916 quae
660 1853 724 1900 tnnc
739 1845 873 1916 coxr'rpleta

71 1927 131 1993 luit,
149 1931 362 2001 sioutscriptom
376 1941 437 1985 est:
451 1933 657 2005 Coxuplooitque
674 1935 748 1989 Deos
763 1935 808 1991 dia
825 1951 873 1990 ae-

71 2019 161 2089 ptt'uro
170 2035 238 2091 opos
249 2036 332 2074 soom
349 2021 420 2091 quod
430 2022 548 2090 lacerat,
561 2025 589 2076 ct
601 2022 738 2093 requievit
753 2023 873 2079 ohoruni

71 2117 373 2188 opereqoodpotrorot
384 2117 462 2184 (Gen.
480 2128 510 2185 x).
528 2118 597 2186 Qxxia
621 2134 685 2173 vcro
700 2118 798 2174 eadem
813 2121 871 2175 dies

69 2204 253 2259 damnationis
267 2206 420 2260 animarum
437 2207 642 2276 primaexstitit,
653 2216 678 2261 et
694 2208 744 2262 hoc
761 2208 870 2278 quidem

69 2292 229 2363 peractam,
252 2293 296 2365 qui
325 2294 352 2347 io
376 2295 556 2365 praecedentis
580 2296 633 2350 diei
659 2312 774 2367 vespere
790 2297 869 2363 horu,

71 2381 200 2437 uidelicet
224 2380 397 2448 duodecima,
420 2384 550 2454 peccarit.
576 2400 661 2455 quoto
685 2385 720 2441 de
739 2385 828 2458 gloria
842 2385 869 2440 itt

68 2479 274 2534 damnationem
289 2480 399 2545 decidit,
422 2487 568 2552 postquam
592 2498 641 2552 per
655 2482 755 2537 Christi
772 2499 867 2537 rosor-

68 2568 215 2623 rectionem
244 2568 359 2623 salvatio
388 2572 540 2624 ultimorum
570 2570 654 2637 venit,
675 2574 730 2639 jam
751 2571 868 2642 amplios

67 2666 250 2721 damnationis
264 2667 324 2722 dies
339 2668 471 2723 celebrari
483 2684 537 2722 non
547 2668 649 2733 debuit,
666 2669 719 2723 iuro
734 2667 790 2730 illa,
807 2685 868 2739 quae

68 2755 227 2811 salvationis
251 2755 394 2811 exordium
422 2756 484 2811 soit.
514 2758 544 2810 Et
571 2757 622 2812 hoc
641 2773 689 2827 per
713 2755 867 2827 exemplum

67 2843 117 2897 tibi
131 2845 155 2898 si
172 2844 262 2915 placet
276 2846 421 2900 ostendere
449 2860 571 2915 possum.
589 2846 644 2900 liex
660 2844 731 2899 enirn
758 2845 866 2916 qnidam

66 2931 207 2987 civitatem
236 2933 382 3003 quamdam
398 2933 469 2999 iecit,
486 2933 511 2987 in
533 2950 586 3004 quo
610 2932 722 2989 edificia
747 2932 867 3003 pretiosa

67 3017 201 3084 lxtndavit,
218 3021 334 3091 virgulto
350 3031 376 3076 et
392 3023 488 3076 vineas
500 3022 711 3092 circumquaque
727 3021 863 3091 plantavit,
879 3047 903 3109 C

65 3109 288 3177 etpermediam
315 3109 389 3163 illam
419 3111 470 3165 lrao
498 3109 762 3180 illacqoeaquornm
791 3109 864 3164 rivos

64 3205 186 3270 deduxit,
202 3205 265 3277 quin
280 3215 307 3260 et
321 3208 441 3261 omnium
456 3205 614 3261 deliciarum
632 3206 750 3262 fertilem
764 3206 865 3262 redun-

63 3294 233 3365 dantemque
249 3294 376 3364 patravit,
400 3294 531 3350 advorsos
556 3311 637 3366 quant
653 3311 698 3350 rex
714 3295 802 3365 gentis
818 3310 865 3350 cn·

64 3383 175 3450 jusdam
191 3383 273 3453 carpit
297 3383 466 3455 belligerari,
487 3384 559 3438 unde
580 3384 794 3456 quotiescunque
813 3383 864 3437 ali-

63 3481 126 3552 quis
141 3481 176 3535 de
191 3495 225 3536 ea
243 3481 333 3534 exibat
344 3491 457 3552 paratos
469 3482 620 3537 erathostis
630 3482 683 3547 illo,
697 3490 725 3537 et
735 3482 865 3536 insidians

64 3584 128 3623 eom
143 3569 277 3640 capiebat,
300 3577 325 3623 et
340 3569 367 3622 in
384 3570 557 3625 tenebrosum
575 3585 714 3625 carcerem
732 3569 864 3625 detrude-

65 3657 121 3711 bat.
137 3658 194 3712 llex
209 3665 299 3712 autem
329 3657 375 3712 ille
390 3659 435 3728 qui
451 3657 590 3713 civitatem
619 3657 790 3725 condiderat,
807 3659 865 3726 ojus

65 3745 322 3801 incolisrentorum
339 3762 400 3800 esse
419 3755 526 3817 tempus
550 3746 734 3816 promittebat,
750 3761 802 3816 quo
818 3761 865 3800 eos

66 3843 102 3898 de
118 3843 195 3898 hoste
226 3841 272 3897 illo
300 3842 419 3897 liberare
447 3842 614 3897 decreverat.
643 3841 753 3897 Nullum
775 3852 865 3895 autem

66 3931 150 3985 alium
165 3930 200 3984 ab
221 3930 260 3986 eis
276 3946 388 3985 censum
404 3930 447 3985 vel
463 3930 710 3986 remunerationem
726 3931 863 4002 exigebat,

65 4019 119 4074 nisi
134 4026 162 4073 ot
177 4019 251 4074 diem
266 4019 340 4073 illum
359 4019 564 4074 celeberrimum
579 4018 710 4084 colerent,
727 4034 781 4090 quo
796 4019 865 4074 ciri-

67 4121 112 4168 tas
126 4113 249 4184 perfecta
264 4113 359 4181 suerat,
373 4122 399 4168 et
413 4114 448 4169 ob
463 4113 682 4184 hocetiamqood
699 4114 794 4169 eadem
809 4114 865 4180 die,

67 4201 103 4258 de
117 4202 197 4256 hoste
211 4201 342 4272 praedicto
359 4216 406 4256 eos
418 4201 584 4256 liberaturus
599 4209 666 4269 erat,
681 4201 726 4272 qui
742 4216 805 4256 eam
818 4201 865 4255 dio

67 4300 254 4365 celebrarunt,
271 4299 341 4355 sicut
370 4316 417 4355 rex
445 4300 484 4354 eis
514 4308 690 4372 praeceperat.
715 4300 865 4354 Transaoto

935 432 1044 500 Christi,
1073 454 1142 506 quae,
1174 438 1246 493 sicot
1273 439 1404 507 diximus,
1436 447 1462 496 el
1490 440 1660 496 credulitatis
1675 442 1727 498 tuit

934 537 1028 590 causa,
1045 525 1207 581 salvationis
1233 528 1386 598 praecipua,
1417 529 1480 601 qnia
1498 528 1651 601 quicunque
1665 538 1728 587 ante

933 621 1049 667 mortem
1064 614 1164 669 Christi
1187 615 1214 668 in
1236 616 1325 686 ipsum
1353 617 1499 673 credentes
1513 618 1617 681 obiere,
1634 619 1727 688 utique

933 702 993 771 ipso
1018 702 1150 758 moriente
1179 704 1274 758 salvati
1303 714 1374 770 suut,
1404 706 1453 760 sed
1481 706 1579 762 inferni
1602 706 1728 761 tenebras

933 790 1007 860 prius
1021 790 1138 845 subiere.
1162 789 1214 859 Qui
1231 808 1296 847 vero
1315 802 1376 864 post
1395 795 1622 849 resurrectionem
1640 794 1727 849 credi·

932 873 1042 939 derunt,
1071 883 1097 930 et
1125 892 1174 945 per
1197 885 1312 930 mortem
1342 878 1564 946 ejussalrantur,
1586 886 1612 931 et
1637 886 1725 932 tamen

931 970 1031 1017 tartara
1048 962 1211 1018 nescierunt.
1229 965 1291 1020 Haec
1306 964 1388 1037 igitur
1401 982 1483 1020 causa
1499 975 1548 1030 est,
1566 982 1724 1037 quercetum

931 1051 1047 1121 apostoli
1062 1068 1235 1122 summopere
1246 1053 1391 1108 observari
1401 1062 1599 1125 praeceperant,
1616 1064 1642 1109 et
1657 1055 1726 1110 Sab-

931 1150 1021 1205 batum
1039 1167 1101 1215 uon,
1132 1151 1193 1206 lieet
1220 1152 1353 1206 Dominus
1381 1162 1473 1207 noster
1496 1152 1723 1221 Christusipsum

929 1240 1124 1304 observaverit,
1135 1240 1183 1294 sed
1195 1241 1245 1294 hoo
1255 1256 1425 1311 nequaqnam
1435 1240 1488 1294 nisi
1502 1248 1530 1295 ot
1540 1239 1629 1312 legem
1639 1240 1724 1312 llovsi

929 1327 1085 1396 compleret,
1103 1335 1128 1382 at
1143 1327 1203 1398 quia
1219 1327 1342 1383 uondurn
1355 1335 1465 1383 venerat
1475 1327 1533 1383 dies
1548 1328 1723 1384 resurrectio·

927 1425 969 1478 nis
984 1441 1065 1496 qoam
1081 1434 1216 1480 servaret.

962 1552 1081 1605 lllorsas
1102 1551 1133 1603 Et
1148 1549 1213 1621 quid
1232 1550 1266 1604 de
1284 1550 1369 1605 Phose
1378 1550 1452 1606 dices
1467 1549 1623 1617 festivitate,
1640 1567 1721 1623 quam

926 1637 1056 1708 praecepit
1072 1638 1201 1692 Dominus
1211 1638 1370 1704 observare,
1388 1646 1414 1693 et
1427 1639 1455 1693 in
1470 1654 1501 1695 ea
1516 1656 1619 1712 agnum
1630 1639 1723 1695 immo

926 1726 994 1792 lare,
1010 1726 1154 1797 ipsumque
1170 1741 1232 1781 com
1260 1742 1331 1797 pone
1359 1743 1456 1795 azymo
1471 1736 1497 1783 et
1511 1728 1613 1783 amaris
1629 1727 1720 1783 herbis

923 1814 1067 1871 comedere
1085 1814 1331 1886 (Exodxuhquod
1351 1823 1435 1870 totum
1448 1816 1564 1887 apostoli
1580 1816 1719 1883 dimisere,

925 1904 1044 1959 etolind
1072 1903 1169 1958 festum
1197 1889 1510 1973 praeceperunt,etalio
1539 1902 1636 1959 ordine
1658 1920 1718 1960 com

924 1992 1049 2047 Christos
1081 1993 1173 2061 (quern
1211 1990 1322 2061 dicitis),
1350 1990 1439 2061 quoad
1475 1990 1549 2056 vixit,
1578 2007 1719 2063 nonquam

924 2080 1000 2143 illud,
1030 2079 1121 2151 quoad
1144 2078 1260 2150 apostoli
1289 2087 1489 2150 praeceperunt,
1506 2078 1621 2135 voluerit
1641 2080 1717 2136 cele-

923 2169 1028 2224 brave‘?

960 2276 1082 2330 Pennus.
1102 2276 1131 2329 ln
1147 2274 1242 2345 primis
1253 2290 1326 2341 saue,
1344 2289 1360 2329 o
1377 2274 1494 2345 Moyses,
1510 2273 1656 2345 diligenter
1670 2275 1717 2332 de·

922 2363 1019 2418 bemus
1033 2363 1169 2433 inspicere
1187 2363 1266 2428 ritus,
1282 2369 1308 2417 et
1322 2377 1421 2417 causas
1442 2361 1556 2429 rituum,
1572 2363 1672 2433 quibus
1687 2365 1714 2418 in

921 2453 1038 2524 AEgypto
1053 2450 1110 2507 steri
1125 2460 1289 2521 praeceptum
1302 2458 1345 2505 est
1360 2451 1455 2515 phase,
1471 2457 1498 2505 et
1517 2466 1605 2522 qnare
1620 2458 1716 2522 postea

922 2541 980 2618 vice
996 2540 1079 2594 altera
1094 2547 1259 2609 praeceptum
1274 2547 1315 2593 est
1329 2539 1356 2593 in
1371 2538 1516 2594 solitudine
1538 2540 1612 2607 (Leo.
1626 2554 1710 2604 xxur;

920 2637 1002 2692 Nom.
1020 2636 1106 2703 xvxu).
1123 2633 1202 2704 Quod
1216 2651 1277 2690 com
1293 2634 1447 2700 fecerimus,
1471 2635 1591 2707 proiecto
1606 2636 1714 2692 videbi-

920 2740 980 2778 mus
994 2733 1081 2779 utrum
1097 2731 1287 2794 postmortem
1309 2722 1409 2777 Christi
1435 2723 1608 2780 festivitatem
1625 2725 1712 2779 Phase

919 2813 1069 2878 celebrare,
1082 2812 1123 2866 vol
1139 2826 1193 2866 non
1206 2810 1367 2866 debeamus.

955 2920 1079 2973 lloxsns.
1100 2917 1202 2975 Placet.

956 3027 1079 3080 Parnos.
1096 3026 1128 3078 lli
1143 3039 1242 3095 nempe
1257 3023 1322 3078 vitus
1338 3030 1365 3078 et
1387 3023 1535 3097 religiones
1549 3023 1621 3079 illins
1641 3032 1712 3080 sunt.

921 3114 1030 3170 Decima
1044 3113 1089 3167 die
1102 3112 1204 3166 mensis
1219 3120 1260 3165 est
1276 3121 1428 3184 praeceptus
1443 3127 1531 3184 agnos
1555 3113 1597 3168 vel
1618 3113 1712 3169 haedos

919 3203 986 3266 tolli,
1003 3211 1029 3256 et
1044 3217 1132 3273 osque
1157 3200 1183 3254 in
1204 3209 1324 3272 quartam
1353 3200 1485 3256 decimam
1505 3200 1576 3255 diem
1592 3202 1708 3257 servari.

920 3299 1007 3369 Queru
1021 3300 1101 3353 etiarn
1118 3298 1266 3355 masculum
1281 3314 1342 3353 esse
1356 3306 1524 3369 praeceptum
1540 3307 1579 3353 est
1594 3313 1627 3354 ac
1639 3299 1713 3367 jove·

919 3405 992 3451 netu,
1008 3399 1035 3443 et
1050 3388 1153 3458 absque
1176 3386 1332 3442 infirmitate
1354 3387 1438 3452 omni,
1454 3396 1480 3442 et
1495 3387 1570 3441 illum
1592 3386 1626 3440 ab
1641 3385 1715 3442 omni

919 3476 1090 3532 multitudine
1107 3477 1223 3529 liliorum
1239 3476 1324 3530 lsrael
1348 3475 1564 3546 quartadecima
1587 3475 1631 3530 die
1645 3475 1716 3529 inter

919 3576 973 3629 duo
988 3588 1104 3643 vespera
1119 3572 1264 3637 immolari,
1282 3586 1314 3627 ac
1341 3571 1375 3626 de
1403 3569 1464 3643 ejus
1479 3572 1616 3646 sanguine
1633 3587 1716 3641 super

919 3671 1064 3734 utromque
1082 3669 1188 3732 postem
1204 3668 1230 3715 et
1242 3676 1324 3731 super
1333 3660 1470 3715 liminaria
1479 3660 1623 3716 domorum
1639 3659 1713 3730 poni,

920 3761 946 3806 et
959 3753 1011 3807 hoc
1025 3752 1051 3805 in
1066 3750 1193 3805 domibus
1217 3756 1319 3804 tantum
1342 3749 1405 3816 illis,
1432 3748 1572 3820 inquibus
1594 3748 1715 3803 debebat

920 3839 1090 3903 manducari,
1106 3838 1170 3908 quin
1185 3847 1211 3892 et
1226 3853 1321 3893 carnes
1336 3838 1394 3905 eius
1405 3853 1461 3891 nou
1475 3836 1572 3892 crodos
1588 3836 1630 3891 vel
1645 3850 1715 3908 aqua

919 3938 1024 3994 coctos,
1044 3928 1094 3983 sed
1110 3927 1166 3999 igni
1180 3936 1280 3980 tantum
1291 3940 1370 3979 assas
1382 3925 1498 3989 comedi,
1513 3925 1621 3995 integer
1635 3923 1715 3978 etiam

920 4027 945 4071 et
960 4027 1032 4072 totus
1047 4032 1106 4071 oum
1121 4015 1211 4085 capito
1226 4021 1252 4068 et
1267 4014 1381 4083 pedibus
1409 4017 1437 4067 et
1464 4011 1602 4067 intestinis
1620 4012 1715 4079 jnssos

920 4106 978 4177 igni
993 4105 1083 4174 coqui,
1100 4111 1234 4173 noctuque
1262 4107 1291 4155 et
1319 4101 1482 4155 festinanter
1503 4099 1620 4168 comedi,
1636 4106 1664 4154 et
1682 4114 1714 4153 os

919 4194 993 4248 illios
1009 4208 1062 4246 non
1077 4190 1222 4262 confringi,
1239 4198 1265 4244 et
1279 4189 1319 4244 sio
1331 4204 1394 4243 cum
1404 4203 1500 4258 azymo
1514 4202 1584 4259 pane
1599 4195 1626 4243 et
1640 4201 1715 4242 ama-

920 4282 957 4336 ris
973 4280 1064 4335 herbis
1080 4279 1236 4334 manducari
1253 4277 1352 4349 (deod.
1369 4278 1428 4347 xxx).

67 4392 160 4444 autern
189 4388 319 4444 nonnullo
334 4389 465 4459 temporis
481 4389 577 4461 spatio,
594 4403 675 4459 super
688 4404 735 4443 eos
755 4387 905 4463 miseri-D
956 4388 1080 4442 lloxses.
1097 4383 1224 4439 Proiecto
1239 4384 1274 4437 ita
1290 4389 1331 4438 est
1347 4390 1375 4436 ot
1385 4382 1489 4439 dixisti.

67 4477 191 4534 cordiam
205 4484 286 4548 etque
300 4477 428 4548 pietatem
443 4477 545 4542 habuit,
566 4484 592 4531 et
608 4492 655 4531 eos
670 4479 703 4532 de
717 4475 764 4531 illa
777 4475 865 4546 eapti-

65 4575 179 4633 vatiooe
208 4574 417 4646 praesentialiter
452 4575 569 4631 liberare
606 4575 750 4647 disposuit,
780 4574 863 4628 hlium

64 4664 152 4738 igitur
167 4679 245 4718 snum
260 4663 342 4717 misit.
359 4663 422 4732 Qui,
438 4662 545 4718 devicto
559 4664 646 4730 hoste,
664 4664 698 4718 de
713 4664 771 4731 ejus
785 4679 865 4717 manu

66 4760 189 4831 captivos
202 4760 301 4816 emisit.
315 4761 443 4815 Liberatis
459 4759 551 4831 itaque
568 4760 601 4815 de
615 4762 683 4832 jugo
699 4760 799 4816 inimici
816 4776 865 4815 rex

65 4849 216 4922 prediatus
230 4848 323 4903 taliter
336 4849 431 4903 orbem
447 4848 592 4914 ordinarit,
608 4850 680 4920 qood
695 4864 865 4921 nequaquam

65 4936 185 5009 amplius
223 4937 296 4991 illius
334 4936 542 5007 captivationem
581 4937 682 4992 inimici
719 4937 866 4992 formidare

68 5034 200 5105 oportuit.
217 5033 272 5089 Sed
287 5033 341 5097 dic,
358 5034 506 5103 olloyses,
523 5041 585 5088 utra
599 5033 658 5087 dies
672 5033 760 5104 potios
774 5032 867 5089 debuit

65 5121 211 5187 celebrari,
229 5122 271 5177 vel
287 5120 334 5176 illa
348 5135 402 5192 quc
426 5121 522 5176 civitas
536 5132 646 5192 peracta
661 5130 711 5187 est,
728 5122 775 5176 sed
787 5122 867 5193 plebs

65 5210 96 5266 in
111 5227 224 5266 monum
241 5210 342 5266 decidit
365 5209 475 5275 inimici,
503 5210 546 5265 tel
562 5210 606 5264 illa
621 5226 674 5281 qua
689 5210 778 5266 taliter
791 5211 867 5266 ordi-

65 5298 288 5370 nataest,qood
316 5296 432 5369 amplios
459 5297 493 5352 ab
522 5297 570 5353 illo
598 5297 676 5353 hoste
699 5314 753 5353 non
773 5298 865 5353 timuit

66 5386 229 5459 captivarit

105 5503 239 5559 Marsas.
259 5502 322 5558 Dies
337 5500 433 5574 procul
449 5500 532 5558 dubio
548 5500 593 5556 iila
617 5517 671 5575 qua
684 5501 809 5558 ordinata
823 5509 866 5559 est

66 5590 220 5665 ejusmodi.

108 5705 354 5766 emanationem
383 5720 451 5764 sane
476 5705 581 5765 ratione
605 5704 679 5764 diem
697 5704 869 5766 Dominictnt

955 4494 1078 4548 Paxuvs.
1095 4490 1145 4546 Dic
1159 4505 1225 4562 ergo
1240 4489 1339 4562 quibos
1352 4489 1386 4544 de
1401 4489 1491 4545 causis
1505 4487 1635 4560 praecepti
1651 4492 1715 4542 sont

918 4582 985 4637 ritus
1004 4580 1058 4635 isti.

955 4691 1081 4742 llorsas.
1100 4686 1210 4752 Nescio,
1228 4685 1276 4742 sed
1290 4685 1330 4742 sic
1345 4683 1431 4740 voluit
1445 4683 1577 4739 Dominus
1587 4682 1655 4739 lieri.
1673 4683 1712 4737 Do

920 4776 1053 4850 sanguine
1068 4784 1158 4830 antem
1179 4776 1248 4840 scio,
1266 4774 1339 4845 qood
1355 4789 1437 4843 snper
1451 4780 1596 4843 utrumqne
1610 4770 1711 4827 domo-

920 4882 980 4921 rum
997 4873 1111 4936 postem,
1127 4872 1154 4919 et
1168 4880 1249 4935 saper
1262 4860 1394 4916 liminaria
1405 4860 1466 4915 ideo
1480 4860 1544 4931 poni
1558 4866 1714 4931 praeceptus

920 4964 972 5020 est,
990 4961 1017 5008 ot
1033 4953 1144 5008 veniens
1159 4951 1295 5022 malignus
1310 4948 1434 5021 augelus,
1453 4947 1564 5003 domum
1580 4946 1626 5003 illo
1640 4946 1683 5000 inl
1699 4978 1713 4988 -

920 5052 989 5101 ctam
1005 5041 1137 5114 sanguiue
1152 5037 1341 5110 pertransiret.

957 5150 1078 5204 Portas.
1094 5147 1190 5202 Nonne
1206 5145 1252 5200 vibi
1268 5143 1370 5216 sapius
1385 5158 1467 5214 sopra
1482 5142 1547 5213 dixi,
1564 5142 1638 5216 quod
1653 5159 1715 5199 ver·

921 5236 984 5291 buxu
999 5236 1108 5310 aliquod
1127 5244 1228 5291 temere
1252 5248 1392 5306 nunquam
1414 5230 1511 5288 exie.·it
1531 5232 1566 5287 ab
1587 5247 1634 5289 ore
1656 5232 1715 5291 Do-

921 5324 997 5380 mini.

958 5423 1083 5479 llorsas.
1100 5422 1150 5479 Dic
1166 5428 1194 5478 tu
1218 5435 1295 5492 ergo.
1307 5420 1396 5492 Quare
1417 5419 1558 5477 observari
1569 5420 1641 5490 jussi
1655 5429 1719 5477 aunt

922 5509 991 5566 ritus
1006 5511 1070 5567 illi‘l

958 5617 1078 5676 Patous.
1093 5619 1189 5690 Agnus
1216 5629 1317 5690 nempe
1338 5616 1385 5673 ille
1413 5615 1530 5689 AEgypti,
1553 5618 1635 5691 alque
1650 5613 1719 5669 ritus

923 5705 967 5762 soi
981 5705 1070 5782 ligura
1084 5714 1111 5764 at
1126 5701 1279 5765 similitudo
1303 5706 1412 5765 inerunt
1432 5704 1507 5779 Λευὶ
1521 5703 1581 5773 Dei,
1602 5702 1647 5777 qui
1660 5701 1720 5758 int·
