3780 6038
69 240 125 296 917
545 234 840 299 ocrtoatttortes
856 240 911 301 SS.
934 243 1088 303 astaus.
1107 275 1144 287 -
1161 245 1225 302 tta.
1245 245 1268 301 l.
1669 252 1722 308 ild

68 363 191 431 Sabbati,
214 378 277 420 carn
300 363 392 420 adbuc
419 363 539 421 tenebrae
566 372 668 430 assem,
692 365 768 422 venit
781 366 866 423 blaria
880 364 908 427 Α
921 367 987 442 gelo
996 368 1081 426 nimio
1095 386 1197 442 pavore
1211 379 1429 443 consternantur,
1439 372 1489 430 aad
1503 373 1604 432 blande
1619 374 1654 431 ab
1667 390 1721 432 aa·

67 453 241 526 llagdalana,
257 460 284 510 et
297 453 383 509 altera
392 452 487 519 ldaria,
503 461 532 509 ct
546 452 698 510 Salomead
710 470 868 519 monumen·
922 459 986 530 gelo
1001 460 1190 516 consolantur.
1210 461 1357 533 Sequitur:

67 551 134 605 lum,
150 550 292 615 polliilled
306 558 369 614 qtloe
384 552 551 613 parallelum
565 547 700 600 dlomflld.
718 566 730 591 a
747 545 865 604 Nomine
959 576 971 603 a
987 557 1021 612 El
1035 573 1101 614 ecce
1112 567 1191 616 terrae
1206 567 1296 616 molus
1312 560 1402 617 factug
1417 569 1459 617 est
1472 577 1600 633 magnus,
1616 563 1716 634 Ange.

64 632 190 705 vesperis
205 640 315 689 noctem
330 631 586 705 designat,aparte
597 640 682 688 totum
697 633 864 707 intelligens.
919 644 962 700 lus
978 646 1051 701 enim
1066 647 1175 705 Domini
1185 649 1328 706 descendi!
1343 650 1377 704 ,10
1399 650 1482 706 ωηο,
1514 649 1550 706 Et
1583 652 1719 708 accedens

65 730 254 802 Vesperdnitlt
265 729 430 802 principium
442 728 675 786 noclisesl.1deo
686 732 867 802 [10118111Ουί
920 743 1035 800 revolvit
1054 744 1187 815 lapidem,
1211 746 1364 821 ”Angelus
1389 747 1505 804 revolvit
1528 747 1648 819 lapidem
1662 764 1719 805 non

63 818 190 886 lucescit,
207 819 259 875 sod
274 818 868 890 quaeluccscit,sccundumintelleclumre-
919 839 948 886 ur
976 848 1124 905 egressuro
1151 834 1268 890 pomino
1299 835 1413 906 januam
1442 836 1585 908 panderet,
1614 837 1664 892 ,ed
1690 846 1720 893 up

64 908 194 965 1111011111
220 907 324 965 11111111
351 908 385 963 1111
412 915 608 981 1111111111ι111111
635 909 663 965 111
688 925 785 965 11111011
812 909 866 967 (1181
920 936 1049 994 egressus
1076 923 1135 993 cjus
1157 922 1220 979 laeti
1248 923 1379 981 indicium
1404 932 1559 995 praestaret.
1579 924 1719 995 Quienim

63 997 219 1054 Dominicae
234 997 407 1053 terminatur.
436 997 478 1052 Ea
497 1012 564 1054 vera
594 1014 678 1055 causa
705 998 867 1073 intelligitur

64 1083 191 1139 eamdem
208 1088 317 1139 noctem
333 1080 374 1137 sic
388 1081 555 1152 appellasse,
566 1082 695 1154 quiajam
715 1098 732 1139 a
749 1099 866 1155 vespere

62 1170 165 1228 licebat
178 1171 217 1227 cis
231 1185 331 1242 parare
345 1178 372 1227 et
386 1169 486 1227 adcrre
500 1175 625 1227 aromata
640 1179 777 1229 nanneto
793 1172 865 1229 Sab-

64 1260 140 1317 bato.
157 1259 304 1317 Ordinatur
317 1268 470 1331 temporum
487 1258 580 1315 ultima
594 1260 683 1318 noctis
706 1261 785 1330 hujus
800 1277 864 1332 par-

64 1357 91 1407 te
105 1350 235 1407 surrexit.
255 1348 327 1421 Quid
342 1357 385 1405 est
407 1348 482 1404 aliud
509 1364 659 1422 resurgere
680 1349 733 1406 Dei
754 1349 863 1421 Filium,

64 1439 119 1495 nisi
133 1438 313 1506 reviviscere,
330 1437 358 1494 id
383 1446 425 1495 est
450 1453 483 1494 ex
512 1446 600 1495 morte
615 1439 746 1495 advitam
761 1438 863 1495 redire.

64 1530 122 1585 llac
146 1535 228 1585 nacte
256 1544 306 1599 per
333 1526 492 1600 mysterium
519 1527 731 1584 resurrectionis
756 1526 865 1585 Domini

63 1625 217 1689 temporum
239 1616 306 1673 ordo
326 1624 444 1673 mutatus
472 1624 523 1674 est.
552 1616 699 1689 Aptissima
727 1616 863 1689 quondam

919 1018 1015 1076 clauso
1028 1027 1107 1077 utero
1120 1020 1246 1077 mortalis
1273 1021 1349 1089 exiit,
1371 1021 1537 1079 immortalis
1552 1023 1611 1093 iam
1630 1022 1718 1082 lactus

919 1108 1048 1179 sepulcro
1071 1108 1147 1165 exire
1170 1110 1268 1181 potuit,
1286 1118 1311 1166 et
1326 1110 1404 1166 exiit.
1437 1110 1518 1181 Quod
1531 1119 1622 1168 autem
1637 1120 1719 1169 terras

919 1204 1008 1253 motus
1024 1206 1186 1271 resurgente
1211 1197 1329 1254 Domino
1345 1198 1415 1255 sicut
1437 1205 1465 1255 et
1482 1199 1616 1257 moriente
1630 1199 1718 1258 lactus

918 1292 962 1341 est
977 1301 1103 1358 magnus,
1119 1285 1267 1358 significat,
1283 1292 1394 1344 terrena
1409 1286 1494 1343 corda
1509 1295 1535 1343 et
1549 1288 1653 1345 coelesti
1668 1304 1718 1361 spe

918 1373 1037 1444 dejecta,
1052 1391 1103 1446 per
1117 1374 1199 1431 fidem
1215 1374 1352 1447 passionis
1377 1390 1410 1432 ac
1430 1375 1640 1433 resurrectionis
1657 1377 1718 1447 ejus

918 1462 1098 1520 concutienda
1121 1464 1157 1519 ad
1175 1463 1369 1535 paenitentiam,
1398 1478 1431 1520 ac
1459 1463 1642 1522 saluberrimo
1665 1481 1718 1537 pa·

917 1568 984 1608 vore
998 1560 1121 1624 permota
1135 1552 1265 1609 advitam
1282 1552 1453 1609 sublimanda
1469 1561 1641 1624 perpetuam.
1660 1553 1718 1610 La-

918 1649 989 1721 pidis
1003 1655 1094 1707 autem
1109 1650 1247 1708 revolutio
1274 1659 1399 1708 reserata
1417 1651 1536 1708 insinuat
1557 1668 1719 1710 sacramen-

64 1731 120 1772 nox
135 1715 303 1787 5111111111ῑῦ1
313 1715 386 1770 1111111
398 1716 482 1785 (Gen.
497 1715 532 1784 ¹l3
547 1715 609 1788 q⁰l³
619 1715 701 1772 11111110
717 1730 734 1771 1
748 1714 865 1787 11111111·
878 1726 905 1791 B
920 1747 1021 1806 torum,
1037 1755 1095 1811 qaae
1110 1739 1247 1796 velamine
1261 1740 1359 1798 littera
1381 1741 1555 1812 tegebantur.
1575 1743 1631 1801 Lex
1645 1741 1719 1797 enim

62 1803 144 1861 rediri
169 1806 310 1876 peccando
338 1803 432 1875 lapsus
459 1804 487 1860 in
514 1804 594 1875 liujus
618 1803 710 1861 saeculi
736 1804 865 1861 tenebras

62 1909 255 1966 aerumnasque
270 1892 389 1962 decidit;
412 1891 552 1965 aptissime
578 1907 653 1949 nunc
666 1892 725 1949 dics
743 1892 866 1965 sequitur

61 1999 182 2059 noctem,
198 1990 260 2064 quia
275 1989 422 2063 perfidem
448 1988 661 2047 resurrectionis
675 2005 690 2044 a
704 1988 811 2062 peccati
825 1995 864 2046 te·

61 2081 165 2148 nebris,
181 2087 208 2138 et
221 2079 321 2135 umbra
336 2078 432 2136 mortis
446 2079 481 2134 ad
495 2079 585 2135 lucen
600 2077 664 2136 vite
678 2078 786 2135 Cbrlsto
805 2077 863 2135 ler-

62 2170 157 2244 giente
173 2168 338 2226 reducimur.

97 2271 167 2328 lllud
181 2287 250 2345 ergo
275 2270 350 2343 quod
376 2270 486 2338 dicitur,
516 2270 662 2327 Dominum
678 2270 763 2328 luisse
776 2270 864 2328 tribua

62 2361 160 2419 diebus
174 2370 200 2418 et
215 2360 302 2417 tribus
329 2360 456 2417 noctibus
470 2360 500 2416 in
515 2360 599 2417 corde
621 2367 713 2430 terrae,
728 2360 800 2417 sicut
812 2360 862 2417 Jo-

62 2467 114 2509 nas
128 2450 177 2507 luit
196 2451 223 2507 in
251 2456 346 2508 ventre
369 2450 423 2507 aeti
451 2450 565 2520 (Mattb.
591 2450 649 2521 arr),
664 2458 750 2506 restat
764 2458 794 2505 ut
809 2451 863 2508 hoc

62 2550 146 2609 modo
161 2549 291 2624 loquendi
305 2566 359 2624 quo
373 2567 387 2606 a
403 2558 481 2623 parte
504 2558 589 2607 totum
613 2549 772 2623 intelligitur
786 2550 862 2608 acci·

61 2641 182 2715 planius,
197 2639 328 2698 videlicet
349 2655 399 2712 per
424 2646 575 2696 extremam
589 2646 693 2711 partem
708 2639 762 2695 diei
776 2654 861 2710 para-

61 2745 184 2793 aocvern,
200 2745 253 2801 quo
267 2729 390 2801 sepultas
406 2737 447 2786 est
460 2727 603 2796 Dominus,
616 2734 698 2784 totam
708 2728 781 2785 diem
796 2742 860 2785 cum

60 2834 113 2875 sua
127 2826 207 2876 nocte
218 2818 277 2889 iam
292 2817 442 2891 praeterita,
460 2824 489 2874 et
502 2834 552 2890 per
563 2825 673 2874 noctem
687 2824 859 2889 sequentem,

60 2917 216 2975 Sabbatum
232 2917 342 2975 tertium
358 2916 431 2975 diem
455 2924 555 2974 totum.
574 2914 668 2972 Pmma
682 2927 773 2973 autem
788 2916 860 2973 Sab-

59 3006 118 3065 bati
131 3006 191 3065 siva
205 3023 258 3064 une
273 3006 395 3073 sabbati,
410 3004 454 3064 vel
469 3005 651 3063 Sabbatorum
661 3004 721 3062 dies
736 3005 859 3063 Domina-

60 3120 95 3164 ca
108 3104 286 3178 intelligenda
301 3112 352 3170 est,
365 3102 429 3176 quia
438 3102 530 3160 omnis
538 3101 709 3158 bebdomada
719 3100 747 3157 in
757 3101 862 3159 Sabba·
876 3086 899 3153 G

59 3200 118 3251 tum
132 3202 161 3250 et
173 3193 201 3249 in
216 3192 343 3266 primam,
372 3200 400 3249 et
422 3191 450 3248 in
479 3190 639 3259 secundam,
654 3194 683 3247 et
695 3189 723 3247 in
737 3191 856 3260 tertiam,

60 3299 88 3350 et
102 3292 129 3348 in
144 3299 280 3364 quartam,
295 3300 320 3348 et
337 3291 366 3346 in
381 3289 513 3362 quintam,
537 3296 563 3345 et
585 3289 733 3346 insertam
748 3288 861 3345 Sabbati

60 3390 200 3448 dividitur.
210 3393 275 3462 Ipsa
285 3388 369 3446 etiam
379 3387 551 3446 bebdomada
563 3404 596 3444 cx
607 3386 789 3459 praerogativa
800 3386 862 3443 Sab

59 3478 116 3536 bati
131 3493 330 3550 nonnunquam
346 3477 499 3534 Sabbatum
514 3475 666 3542 dicebatur,
681 3483 710 3531 ut
724 3474 761 3530 ibi
774 3491 782 3530 t
795 3474 861 3531 ale·

58 3576 127 3652 juno
141 3577 184 3634 bis
199 3576 226 3633 in
241 3576 364 3633 Sabbata
388 3577 467 3648 (bac.
493 3576 581 3646 svin).
599 3598 611 3626 ι
628 3574 659 3632 ld
673 3582 715 3631 est
728 3575 756 3631 in
773 3573 861 3647 septi·

60 3689 158 3732 mana.

100 3818 112 3847 ι
129 3792 163 3853 Et
178 3802 239 3853 orto
250 3795 310 3868 jam
324 3793 382 3850 sole
396 3792 522 3850 dicebant
535 3792 571 3849 ad
585 3791 723 3850 invicem:
738 3791 804 3863 Quis
818 3807 860 3848 re·

59 3898 153 3955 volvet
167 3893 246 3952 nobis
274 3892 395 3966 lapidem
422 3891 458 3949 ab
484 3892 555 3948 ostio
584 3890 777 3948 monumenti?
792 3890 859 3947 llrat

59 3995 161 4070 quippe
175 4009 294 4069 magara
307 3990 400 4049 valde.
423 4013 435 4041 a
452 3990 521 4047 Orto
538 3989 598 4059 jam
613 3989 682 4058 sole,
696 3988 725 4047 id
740 3992 783 4047 est
796 4005 859 4047 cum

59 4085 159 4143 mum
174 4084 209 4141 ab
224 4081 492 4155 orientispartejam
502 4081 670 4147 albesceret,
684 4080 819 4153 quodnon
829 4078 859 4135 dt

59 4183 155 4256 utique
167 4181 221 4238 nisi
234 4180 302 4238 solis
314 4179 427 4237 orientis
434 4178 582 4237 vicinitate.
593 4178 663 4249 Ejus
673 4177 744 4235 enim
760 4184 801 4234 est
812 4177 859 4234 illc

58 4281 159 4354 bulgar,
177 4279 221 4347 qni
235 4279 346 4337 nomine
356 4293 463 4335 aurora
472 4276 606 4349 appellari
616 4275 696 4333 solet.
706 4273 786 4346 Quod
797 4291 858 4331 mu·

59 4378 143 4437 lieres
156 4376 236 4435 valde
249 4375 368 4433 dilaculo
384 4381 526 4444 venerunt,
542 4389 663 4447 magnus
675 4371 768 4429 lervor
777 4370 856 4429 inva-

59 4476 154 4536 nicndi
164 4476 309 4532 Dominum
324 4473 488 4532 ostenditur.
503 4472 618 4545 llystiaa
634 4486 699 4528 vero
712 4470 792 4528 nobis
806 4470 856 4527 da·

60 4575 105 4624 tur
119 4564 291 4637 exemplum,
316 4572 345 4622 ut
370 4562 503 4621 discussis
530 4561 658 4620 vitiorum
673 4560 804 4628 tenebris,
820 4560 856 4617 ad

62 4663 171 4723 bomini
198 4678 303 4737 eorpus
329 4660 503 4718 secedamus.
518 4661 588 4717 Nam
602 4659 757 4733 sepulcrum
771 4657 857 4715 altare

61 4769 237 4829 Dominicum
252 4766 397 4842 significat,
413 4767 441 4823 in
453 4782 510 4840 quo
524 4766 615 4824 caruis
627 4765 687 4837 ejus
700 4780 733 4822 ac
744 4765 858 4837 sangui-

60 4868 105 4925 nis
117 4864 249 4940 mysteria
262 4864 447 4923 celebrantur.
463 4866 589 4919 Aromata
603 4870 704 4930 autern,
719 4876 780 4934 que
802 4876 857 4917 nru-

919 1826 947 1883 in
962 1826 1168 1902 lapidescripta
1195 1836 1238 1885 est
1265 1829 1343 1900 cujus
1366 1830 1459 1887 ablato
1481 1830 1615 1904 tegmine,
1629 1828 1719 1903 gloria

919 1925 1131 1984 resurrectionis
1145 1933 1255 1983 ostenae
1269 1933 1321 1982 est.

956 2052 968 2085 a
984 2033 1019 2089 Et
1032 2031 1214 2104 respicientes
1241 2032 1368 2089 viderant
1393 2032 1547 2090 revolutam
1566 2033 1719 2107 lapidema

917 2130 1107 2189 monumento,
1146 2128 1173 2178 et
1199 2122 1329 2196 angelum
1357 2122 1500 2179 sedentem
1523 2139 1607 2195 super
1631 2139 1710 2180 carn.

916 2212 981 2268 Erat
996 2220 1086 2267 autem
1101 2218 1230 2284 aspectus
1245 2212 1303 2280 ejus
1332 2210 1402 2269 sicut
1427 2210 1531 2285 inqua,
1552 2212 1716 2270 vestimenta

916 2309 977 2379 ejus
992 2309 1062 2366 sicut
1076 2309 1132 2364 nix.
1150 2332 1161 2359 a
1180 2306 1249 2380 Quia
1276 2308 1352 2365 Deus
1366 2315 1393 2365 et
1408 2309 1538 2366 terribilis
1558 2316 1600 2367 est
1615 2324 1716 2382 pecca-

916 2397 1021 2454 toribus
1036 2406 1061 2454 et
1077 2396 1194 2455 blandus
1205 2397 1297 2469 justis,
1319 2404 1395 2454 recte
1409 2398 1450 2455 sic
1464 2398 1580 2470 angelus
1594 2398 1716 2457 demon-

915 2503 1029 2565 stratur,
1044 2504 1074 2552 ut
1096 2498 1131 2554 de
1154 2512 1203 2552 sua
1231 2497 1326 2569 specie
1340 2504 1368 2553 et
1380 2502 1494 2554 terreret
1520 2496 1666 2571 reprobos,
1686 2500 1716 2555 et

915 2584 1052 2642 mulceret-
1065 2585 1135 2657 pios.
1151 2588 1182 2641 ln
1197 2585 1306 2658 fulgure
1333 2585 1407 2642 enim
1429 2589 1523 2643 terror
1536 2585 1645 2643 umoris
1658 2593 1713 2655 rat,

914 2674 943 2730 in
957 2674 1021 2731 aive
1035 2674 1250 2731 blandimentum
1265 2674 1405 2732 candoris.
1425 2675 1535 2732 Candor
1548 2675 1648 2732 etenim
1661 2690 1714 2732 ve·

914 2771 964 2827 stis
978 2771 1111 2846 angelice
1134 2780 1237 2830 nostrae
1259 2770 1412 2831 festivitatis
1438 2773 1542 2847 gaudia
1568 2772 1711 2831 nuntiavit.

914 2859 963 2916 llla
976 2862 1077 2918 etenim
1101 2860 1209 2920 bomini
1223 2861 1392 2919 resurrectio
1406 2868 1434 2918 ct
1447 2877 1498 2919 nos
1512 2861 1548 2918 ad
1562 2861 1646 2918 vitam
1660 2861 1712 2917 irn-

837 3004 843 3017 .
913 2958 1087 3015 mortalitatis
1101 2959 1222 3026 reduxit,
1237 2967 1264 3016 et
1284 2958 1446 3032 angelorum
1474 2974 1619 3016 numerum
1631 2959 1714 3016 resti-

913 3054 993 3104 tuens
1007 3048 1129 3106 celestia
1143 3048 1237 3121 patriae
1246 3048 1504 3119 damnareparavit.
1517 3046 1713 3121 Sedebatergo

913 3147 1073 3209 regnantem
1088 3137 1222 3208 indicans,
1238 3136 1323 3211 quiin
1337 3136 1477 3195 nativitate
1496 3138 1605 3206 suado,
1620 3136 1711 3195 bella·

914 3242 1006 3291 turum
1020 3234 1189 3307 signaverat.
1204 3231 1545 3306 Sedebatauperlapidem
1556 3249 1610 3306 qno
1619 3248 1715 3291 moon·

914 3331 1036 3380 mentum
1051 3322 1238 3393 claudebatur,
1268 3330 1297 3379 ut
1319 3321 1435 3381 claustra
1463 3321 1613 3380 inferorum
1626 3339 1713 3395 supe-

913 3421 973 3469 rata
987 3412 1110 3471 doceret.
1120 3412 1250 3480 sedebat,
1265 3419 1294 3469 nt
1307 3409 1712 3481 llarcusdetermiaat,index·

913 3516 964 3567 trts
977 3510 1074 3575 (bertr.
1097 3511 1164 3581 rvr),
1179 3508 1208 3566 id
1224 3517 1275 3578 cst,
1295 3509 1330 3566 ad
1343 3508 1525 3566 meridianam
1537 3517 1644 3582 partera
1658 3509 1713 3567 loci

913 3599 997 3669 illius,
1011 3599 1059 3655 ubi
1073 3597 1161 3656 luerat
1184 3614 1285 3670 corpus
1304 3598 1426 3656 Domini.
1446 3598 1551 3670 Corpus
1565 3598 1639 3656 enim
1654 3600 1713 3657 Do·

913 3689 990 3755 rainl,
1002 3687 1160 3759 resupinum
1167 3687 1275 3759 jacens,
1287 3695 1369 3759 eaput
1380 3687 1502 3744 babebat
1519 3685 1553 3744 ed
1562 3701 1690 3745 occasum
1702 3706 1710 3755 ς

912 3786 1056 3844 dexteram
1076 3784 1197 3842 babebat
1210 3784 1246 3842 ad
1269 3792 1410 3841 austrum:
1427 3784 1494 3858 quid
1508 3793 1599 3842 autem
1613 3801 1665 3858 per
1675 3784 1713 3842 si-

911 3875 1038 3941 nistram,
1052 3874 1104 3930 nisi
1118 3874 1174 3931 vita
1187 3890 1309 3948 praescns
1318 3890 1325 3944 ;
1335 3872 1402 3947 quid
1417 3890 1468 3945 per
1481 3873 1641 3941 dexteram,
1658 3872 1712 3930 nisi

911 3965 967 4023 vita
982 3973 1113 4038 perpetua
1137 3966 1265 4038 signatur
1278 3965 1293 4017 t
1307 3962 1385 4020 Unde
1412 3961 1478 4017 illud
1496 3976 1503 4016 :
1520 3984 1532 4012 ι
1548 3963 1628 4018 Laeva
1650 3962 1712 4031 ejus

912 4054 963 4112 sub
977 4054 1065 4126 capite
1078 4067 1150 4120 meo,
1168 4059 1196 4108 ct
1210 4051 1320 4107 dextera
1342 4049 1415 4106 illius
1444 4047 1648 4120 amplexabitur
1661 4065 1709 4108 ma

911 4143 1005 4217 (Cant.
1020 4144 1061 4212 n).
1079 4165 1090 4191 ι
1104 4140 1175 4211 Quia
1189 4139 1274 4213 igitur
1284 4138 1445 4208 redemptor
1457 4145 1551 4194 noster
1563 4137 1622 4208 iam
1634 4154 1711 4211 prae-

911 4232 996 4289 sentis
1011 4230 1074 4287 vitae
1088 4227 1289 4301 corruptionem
1319 4226 1475 4295 transierat,
1493 4234 1568 4284 recte
1580 4226 1707 4301 angelus,

910 4319 973 4394 quia
988 4318 1112 4375 nuntiare
1125 4332 1277 4389 perennem
1292 4316 1353 4387 ejus
1366 4315 1449 4373 vitam
1460 4322 1584 4381 venerat,
1600 4315 1628 4372 in
1641 4316 1710 4373 dex·

909 4417 969 4467 tera
986 4408 1111 4466 sedebat.
1131 4406 1273 4465 sinistram
1287 4421 1355 4480 ergo
1368 4407 1451 4474 Deus,
1467 4406 1495 4463 id
1509 4410 1553 4464 est
1567 4406 1709 4479 prosperi·

909 4514 993 4565 tatem
1009 4506 1069 4564 vitae
1096 4504 1249 4577 praeaeatis,
1279 4504 1355 4578 quasi
1384 4507 1436 4561 sub
1464 4504 1555 4577 capita
1577 4503 1710 4563 Ecclesia

909 4595 1023 4670 posuit:
1051 4611 1134 4669 quarn
1161 4594 1312 4652 intentione
1340 4594 1444 4651 summi
1470 4593 1574 4651 amoris
1601 4592 1708 4665 premit,

910 4686 1028 4744 Dextera
1041 4700 1109 4742 vero
1123 4684 1174 4742 Dei
1189 4700 1248 4741 eam
1263 4682 1448 4756 amplectitur,
1463 4683 1527 4756 quia
1541 4683 1592 4738 sub
1607 4690 1709 4738 aeterna

909 4776 971 4847 ejus
985 4775 1153 4832 beatitudine
1168 4781 1224 4831 tota
1236 4773 1384 4831 devotione
1396 4771 1563 4831 continetur.

948 4906 959 4932 ι
977 4884 1036 4939 Prae
1050 4882 1148 4939 timore
1156 4888 1248 4938 autem
1256 4880 1317 4952 ejas
1325 4879 1451 4937 exterriti
1461 4886 1524 4934 sant
1533 4875 1672 4946 custodes,
1684 4883 1711 4933 at

58 4964 145 5022 lieres
157 4962 294 5029 delerant,
308 4960 420 5019 odorem
439 4959 568 5018 virtutum
583 4967 610 5015 et
623 4959 784 5015 suavitatem
799 4973 858 5015 ora·
910 4971 973 5029 sagq
988 4979 1050 5027 ,um
1064 4969 1148 5028 velun
1162 4971 1276 5026 monui,
1295 4967 1477 5041 Respondeas
1492 4974 1583 5023 autera
1593 4965 1711 5039 angelus

60 5062 165 5119 tionum
179 5058 349 5135 significant,
364 5058 538 5131 cumquibus
559 5055 640 5113 altari
659 5055 857 5128 debemuaap-
910 5062 976 5120 dixit
1004 5058 1188 5117 mulieribus:
1217 5057 1311 5115 Nolite
1325 5057 1432 5127 timere,
1455 5070 1517 5114 vos.
1546 5054 1612 5113 Scio
1634 5055 1709 5112 enim

60 5160 263 5235 propinquare.
276 5157 342 5228 Qua
355 5164 445 5213 autern
461 5156 589 5213 mulieres
598 5156 641 5211 ba
649 5161 743 5211 essent
756 5152 858 5227 legitur
909 5158 983 5233 quod
998 5159 1103 5225 lesum,
1119 5156 1165 5227 qui
1194 5154 1340 5213 cruciarus
1364 5162 1416 5220 est,
1437 5152 1571 5227 quaeritis.
1592 5152 1656 5209 Nan
1668 5160 1712 5210 est

62 5259 136 5333 quod
150 5272 205 5313 una
219 5256 305 5312 llaria
333 5270 411 5311 saror
431 5252 525 5310 Lazari
554 5250 658 5319 luisset,
687 5250 775 5308 altera
791 5267 858 5310 vero
909 5248 965 5315 bic,
977 5246 1094 5303 surrexit
1106 5244 1179 5301 enirn
1192 5244 1260 5302 sicut
1273 5242 1352 5302 dixit.
1363 5243 1462 5302 Venite
1475 5251 1502 5301 et
1515 5242 1607 5301 videta
1617 5242 1709 5301 locum

60 5355 148 5412 llario
161 5358 253 5411 mater
265 5352 480 5424 Jacobi,postea
491 5346 745 5420 Hierosolymorum
756 5348 860 5419 episco
910 5354 958 5411 ubi
971 5353 1078 5426 positus
1104 5358 1161 5409 erat
1188 5350 1336 5408 Dominus.
1358 5373 1370 5399 .
1387 5353 1427 5409 Ac
1441 5350 1465 5408 si
1479 5350 1552 5408 dicat
1568 5348 1622 5407 :Si
1645 5366 1711 5408 ver-

61 5452 330 5529 pi31eniaquoque
346 5450 432 5507 111111
453 5463 534 5505 10101
547 5445 643 5502 11111111
661 5443 772 5502 1101111111
787 5461 860 5503 111101
911 5458 976 5515 bum
990 5453 1176 5522 concreditis,
1201 5472 1287 5515 vaano
1311 5456 1441 5529 sepulcro
1462 5456 1579 5515 credite.
1590 5455 1713 5528 Angelus

62 5551 207 5611 Salomai.
220 5550 269 5606 lla
284 5557 340 5606 tres
352 5563 415 5605 cum
437 5543 563 5619 pretiosis
585 5542 733 5619 unguentis
745 5542 781 5600 ad
796 5558 859 5600 mc·
911 5562 966 5605 noa
980 5546 1139 5604 consolatur
1152 5546 1291 5617 custodes,
1303 5544 1503 5604 sedmuliares.
1518 5546 1550 5601 ln
1559 5543 1712 5609 incredulo,

61 5653 228 5705 nomentum
242 5644 395 5711 veniebant,
410 5636 718 5716 quibosltomiaum,ne
731 5652 749 5696 a
762 5639 862 5696 verni·
912 5642 1013 5717 inquit,
1025 5651 1181 5717 perseveret
1204 5658 1318 5718 paror3
1349 5652 1481 5705 weram
1507 5656 1567 5712 vos,
1590 5638 1654 5713 quia
1666 5638 1716 5695 la-

62 5746 116 5805 bus
128 5750 359 5819 corrumperetur,
373 5754 478 5815 angere
490 5736 630 5799 volebam.
646 5736 713 5797 viso
725 5752 794 5797 vera
807 5753 860 5795 au·
912 5754 978 5799 aum
992 5738 1125 5815 queritis,
1140 5740 1233 5801 audite
1245 5738 1323 5816 qnod
1356 5738 1515 5805 resurrexit.
1541 5738 1662 5794 Pavaam
1674 5730 1718 5791 illi
