3780 6038
144 238 174 299 ιι
645 242 977 311 uttttn101.tlttt.ttts
999 246 1272 315 luxbocntnssts
1763 262 1801 328 at

145 368 253 439 quidem
274 364 396 424 inluuiem
419 370 595 441 generabunt,
608 373 658 428 sed
669 391 744 428 suam
760 375 942 434 sollicitabunt
956 381 984 442 Δ
999 395 1091 436 esrum
1107 383 1257 439 annullabit
1269 393 1393 441 conatus.
1412 384 1547 459 l‘aiete,et
1561 392 1635 464 quod
1647 393 1799 465 placuerit,

144 456 272 528 quictem,
289 466 315 513 et
330 458 416 513 beatae
430 459 568 515 Trinitatis
584 462 678 532 uirtus,
695 471 722 519 et
736 465 941 536 omnipotentia,

997 469 1149 527 rescribite.

713 616 876 710 LIBER
905 622 1216 722 SECUNDUS.

355 790 408 857 53
423 784 591 845 cusrouu
607 789 724 845 rursu.

143 896 309 951 Dulcissimo
321 897 461 950 Petriana
471 895 548 950 leoni
558 896 623 950 rite
634 898 936 975 uenerabiliscpiscopo

177 984 244 1045 tttttr,
261 983 409 1054 (letfridus
437 984 646 1039 l'inderiucnsis
674 988 791 1043 crrrrnlrii
819 989 936 1048 iuuenilis

177 1074 269 1137 ablues,
285 1071 356 1144 qnod
369 1072 447 1143 petri
457 1072 546 1141 tilius,
560 1077 589 1127 et
602 1073 715 1131 domino
729 1092 835 1132 seruus.

176 1182 372 1240 Denetieiornm
388 1189 542 1238 uestrorum
558 1186 697 1241 recordari
713 1187 823 1244 minime
836 1188 934 1256 delreo,

142 1274 190 1329 sed
205 1272 252 1327 illa
267 1271 357 1343 potius
371 1270 398 1326 in
412 1273 496 1328 eorde
511 1271 561 1327 lixa
576 1282 678 1339 tenere,
691 1292 725 1330 ne
741 1277 936 1349 qualibetobli-

141 1364 221 1417 siene
236 1377 251 1416 a
267 1360 396 1415 memoria
411 1375 470 1415 mea
489 1370 590 1433 queant
613 1362 754 1420 recedere.
788 1365 935 1422 Recordari

141 1450 243 1522 utique,
257 1457 286 1504 ut
300 1447 359 1519 ipse
374 1448 470 1504 melius
484 1450 579 1514 nostis,
596 1467 687 1506 eorum
703 1453 813 1524 proprie
826 1454 934 1522 dicitur,

141 1556 202 1612 qnae
217 1537 353 1594 interdum
368 1537 497 1594 oblivioni
512 1539 665 1595 traduntur.
680 1540 715 1595 Et
735 1542 799 1598 ideo
826 1541 935 1599 benet·

139 1628 241 1685 ciorum
256 1633 419 1691 vestromm,
435 1633 463 1680 ut
483 1626 549 1694 dixi,
578 1627 717 1684 reeordari
747 1646 801 1686 uon
833 1632 932 1700 debeo,

139 1716 236 1772 sedec
257 1712 283 1768 in
308 1720 399 1769 mente
426 1730 536 1786 semper
567 1715 677 1786 bebere,
699 1718 761 1788 quia
790 1725 856 1791 quot
886 1719 928 1775 rel

137 1812 239 1876 quanta
253 1819 318 1873 erga
333 1818 377 1857 me
391 1802 552 1870 exstiterint,
568 1804 612 1858 uix
634 1804 728 1878 lingue
755 1823 815 1862 ntea
837 1806 929 1864 dicere

136 1900 241 1965 posset,
257 1890 280 1946 si
295 1890 403 1963 singula
418 1899 566 1947 conaretur
592 1891 708 1949 reterre.
740 1895 774 1949 Et
801 1895 930 1967 quidquid

134 1983 226 2055 lingua
239 1980 310 2036 dieat
326 1979 367 2034 rei
383 1989 482 2047 taceat,
498 1997 579 2035 unum
596 1982 748 2038 certissime
765 1984 832 2048 seio,
858 1984 930 2055 quod

134 2069 301 2128 couscientia
314 2067 393 2123 vobis
407 2068 521 2124 ulterius
536 2086 590 2125 uon
606 2072 703 2141 poterit
719 2087 882 2143 repugnare.
897 2073 931 2127 lit

133 2160 227 2232 lingua
242 2157 350 2229 quidem
366 2156 474 2229 ingrata
492 2156 574 2213 valde
588 2157 725 2225 existeret,
743 2174 775 2215 ae
785 2160 859 2229 justo
883 2160 929 2229 ju·

133 2247 204 2304 dicio
225 2248 279 2316 54
308 2245 475 2315 sempitemo
502 2245 609 2301 silentio
638 2246 731 2319 digne,
762 2248 784 2302 si
813 2265 930 2320 unquam

132 2345 225 2394 centra
243 2333 408 2388 veluntatem
433 2341 550 2387 vestram
578 2333 657 2389 aliter
676 2334 744 2390 l'oris
773 2334 931 2408 loqueretur

133 2440 214 2496 quiam
229 2423 300 2476 intus
315 2418 414 2475 clamat
428 2420 605 2476 conscientia.
620 2422 722 2488 talete,
748 2429 775 2479 et
806 2424 852 2479 ubi
881 2441 929 2481 ros

131 2511 254 2568 invenire
270 2517 365 2579 potere
377 2516 471 2579 quartu
485 2509 530 2564 die
543 2519 606 2580 post
616 2509 790 2566 testivitatem
800 2512 928 2568 Orrurium

132 2604 306 2661 Sanctorum,
323 2598 388 2651 nrilri
403 2596 544 2652 netilicare
563 2598 674 2666 curetis,
705 2599 779 2671 quia,
800 2601 823 2654 si
852 2601 926 2656 aliud

129 2688 266 2745 sanctitati
289 2694 384 2742 uestras
416 2686 575 2757 obsequium
606 2694 738 2758 praestare
768 2704 821 2744 nou
838 2690 926 2759 valeo,

129 2796 189 2836 earn
204 2778 299 2833 saitem
313 2773 441 2830 desidero
456 2774 577 2831 uisitare.

415 2917 589 2974 EPlSTOLd
605 2918 639 2974 ιι.

127 3040 923 3102 Suociaorissimol’oirictdominolroniuitoeiottdobiiis

161 3125 445 3203 sparnacensem
457 3125 668 3181 renunciasse
678 3127 796 3182 ennoea
806 3129 922 3183 namara
936 3108 961 3172 C

162 3233 267 3285 seruus,
282 3214 510 3271 condilectione
525 3215 726 3269 reuerentiam.

161 3334 245 3388 Pater
260 3336 368 3394 sancte,
385 3343 446 3384 eum
461 3342 505 3381 me
520 3326 626 3382 evonis
641 3328 806 3401 praegravari
821 3330 919 3400 sentio,

125 3421 225 3479 nollem
240 3418 359 3491 quidem,
385 3415 435 3471 sed
463 3415 534 3488 quod
560 3412 700 3471 intirmitas
730 3417 820 3474 camis
847 3419 921 3476 velut

124 3512 205 3568 anxia
221 3507 345 3572 sustinet,
375 3504 427 3561 hoe
454 3502 553 3559 mentis
583 3504 688 3561 ratione
716 3504 802 3562 leuius
831 3516 917 3580 porto.

124 3602 194 3657 Dum
224 3596 295 3654 enim
323 3591 474 3650 sanctitatis
502 3599 600 3649 vestrae
630 3592 761 3650 beneficia
801 3597 918 3653 exhibita

123 3687 188 3745 mibi
201 3702 275 3757 saepe
290 3691 383 3740 mente
399 3689 547 3753 pertracto,
564 3681 589 3737 si
606 3682 632 3737 in
647 3682 738 3755 aliquo
753 3692 846 3740 contra
873 3702 918 3743 me

122 3777 221 3843 tacitis,
233 3775 328 3839 fateor,
344 3785 517 3827 murmurare
530 3785 581 3826 nee
596 3786 717 3841 possum,
737 3788 789 3829 uec
812 3774 914 3831 debeo.

123 3866 194 3921 Satis
206 3878 369 3935 congruum,
386 3859 441 3916 imo
455 3857 592 3914 laudabile
606 3858 722 3927 ridetur,
747 3867 783 3929 ut,
813 3861 859 3935 qui
883 3865 917 3920 de

122 3972 203 4011 manu
218 3960 310 4009 vestra
322 3951 394 4005 bona
408 3947 548 4019 suscipere
574 3948 713 4016 consuevi,
743 3950 814 4005 mala
836 3952 916 4008 etiam

122 4038 286 4112 quaudoque
302 4035 361 4089 sine
376 4047 514 4087 murmure
529 4029 644 4086 debeam
666 4032 732 4103 pati.
761 4032 827 4101 Quae
854 4050 915 4092 eum

154 4204 212 4276 (98)
241 4201 318 4258 luent
331 4198 467 4271 episcope.
483 4193 652 4251 Carnotensi.
669 4194 764 4251 Notior
778 4203 819 4251 est
833 4215 913 4270 quam

120 4275 193 4330 utde
206 4288 241 4327 ee
256 4271 309 4326 diei
324 4269 406 4323 nutrita
420 4266 548 4321 debeant.
565 4265 605 4320 De
617 4266 746 4345 auspicius
774 4268 915 4351 episcope·

119 4355 162 4401 tus
177 4344 246 4414 ejus,
263 4348 366 4395 tautum
381 4337 509 4400 monebo,
524 4352 586 4392 oum
596 4336 751 4406 discrepent
762 4347 911 4409 sententia,

118 4423 223 4473 certium
239 4409 324 4467 videri
340 4425 372 4463 ea
387 4406 515 4463 incidisse
535 4407 561 4461 in
575 4423 674 4461 annum
693 4410 772 4463 toan.
801 4411 840 4465 Ae
868 4410 910 4465 la·

990 798 1029 853 itu
1043 800 1106 866 siut,
1124 804 1196 860 seire
1210 813 1299 863 tamen
1315 809 1411 866 vellem
1427 811 1491 883 quid
1505 811 1612 881 lateat;
1630 832 1695 888 qnae
1709 833 1798 875 caesa

990 888 1097 956 existat,
1113 906 1162 946 cur
1175 893 1283 952 bouitas
1294 906 1385 954 restra
1400 916 1476 955 ntrne
1490 902 1556 957 mibi
1571 904 1650 975 quasi
1671 906 1795 963 crudetis

990 987 1136 1047 appareat.
1151 982 1220 1038 Nam
1230 1000 1291 1040 eum
1306 986 1333 1042 in
1349 989 1483 1057 majorem
1496 991 1643 1047 eeclesiam
1667 1003 1793 1051 nostram

988 1068 1170 1133 q‘tt)mannm
1186 1072 1358 1131 mitterencn
1385 1079 1510 1147 potestis,
1537 1095 1588 1136 nee
1615 1082 1735 1148 audetis,
1765 1084 1794 1138 in

989 1156 1104 1223 eaeteris,
1129 1176 1189 1230 quae
1216 1162 1245 1216 in
1273 1165 1435 1235 episcopatu
1464 1172 1559 1223 vestro
1587 1178 1660 1238 sunt,
1692 1172 1794 1228 nostris

989 1240 1112 1298 ecelesiis
1127 1247 1246 1304 diuinum
1260 1251 1380 1309 osticium
1396 1270 1450 1309 nou
1479 1254 1589 1327 quidem
1625 1259 1694 1314 satis
1719 1261 1793 1329 justa

988 1327 1148 1400 abstulistis,
1165 1345 1193 1391 et
1208 1339 1270 1410 quia
1293 1353 1386 1397 uestra
1413 1344 1575 1401 auctoritate
1600 1346 1654 1403 boe
1686 1347 1790 1418 injuste

987 1425 1076 1472 actum
1093 1419 1275 1495 dignoscitur,
1291 1430 1453 1488 alletoritate
1474 1434 1605 1501 Romana,
1629 1453 1691 1507 quae
1717 1438 1792 1493 omni

988 1520 1129 1574 perversae
1141 1516 1295 1571 auctoritati
1310 1527 1352 1572 est
1366 1520 1510 1588 contraria,
1525 1522 1552 1576 iu
1568 1521 1635 1594 ipsis
1664 1526 1791 1582 ecelesiis

990 1594 1043 1661 55
1059 1611 1074 1649 a
1088 1595 1220 1658 tratribus
1236 1606 1338 1660 nostris
1354 1607 1480 1676 privatim
1495 1617 1522 1664 el
1535 1611 1646 1681 publice
1660 1613 1787 1669 naumini-

986 1704 1043 1750 tuc.
1062 1697 1159 1751 Sancta
1174 1701 1200 1748 et
1215 1694 1404 1750 irretractabili
1419 1697 1605 1753 Domanomm
1628 1700 1787 1770 pontificum

944 1755 1094 1840 Blieentia
1108 1781 1187 1838 nobis
1201 1780 1370 1848 conceditur,
1387 1790 1413 1836 ιιι
1429 1782 1452 1837 si
1475 1783 1651 1842 interdictum
1681 1788 1709 1843 in
1739 1806 1788 1847 ec-

984 1872 1075 1928 clesiis
1094 1870 1278 1940 nostrislltld)
1294 1886 1309 1923 a
1325 1869 1446 1940 quolibet
1468 1872 1599 1945 episeopo
1626 1876 1727 1946 injuste
1754 1880 1789 1936 la·

985 1965 1058 2011 ctum
1073 1953 1214 2017 exstiterit,
1230 1953 1414 2009 nullatenusa
1442 1955 1522 2012 nobis
1549 1959 1725 2016 observetur.
1759 1963 1788 2017 Si

985 2060 1050 2099 uero
1065 2044 1146 2098 nimis
1161 2042 1300 2109 audacter,
1316 2041 1359 2098 vel
1374 2052 1592 2116 praesumptuose
1615 2064 1666 2104 nos
1691 2059 1787 2105 eontra

983 2147 1033 2189 vos
1049 2147 1132 2203 snper
1145 2131 1198 2186 boe
1212 2144 1296 2200 agere
1309 2129 1408 2198 dicitis,
1431 2131 1494 2188 hinc
1518 2133 1604 2203 judex
1632 2136 1784 2207 invocetur,

984 2228 1009 2274 ct
1026 2218 1073 2274 liat
1086 2218 1227 2276 sinceritas
1241 2217 1399 2288 apostoliea
1414 2219 1487 2275 sedis
1503 2235 1510 2290 ;
1540 2223 1620 2291 euius
1649 2226 1785 2296 aequitatis

979 2308 1111 2376 iudicium
1127 2308 1172 2380 qui
1185 2306 1337 2362 contemnit
1349 2307 1454 2373 audire,
1470 2309 1502 2362 B.
1523 2310 1634 2366 Petrum
1663 2330 1698 2369 ne
1723 2332 1784 2371 sen·

984 2395 1032 2452 tiat
1045 2396 1142 2451 iratum
1157 2396 1239 2452 debet
1252 2410 1306 2450 non
1321 2395 1498 2452 mediocriter
1513 2397 1675 2457 formidare.

1265 2508 1435 2567 aristoni
1452 2512 1497 2569 lll.

982 2599 1059 2657 leoni
1076 2599 1237 2656 trenorendo
1253 2598 1332 2654 uelde
1344 2600 1483 2671 episcope,
1498 2602 1643 2674 Getlridns
1660 2607 1784 2665 l'iudoei·

1016 2691 1113 2744 ceresia
1130 2687 1295 2744 mortosterii
1309 2688 1512 2760 qualiscunque
1526 2707 1634 2758 aarum,
1658 2694 1783 2752 debitum

1014 2794 1095 2848 prere
1109 2773 1455 2848 dilectionisobsequium.

1015 2883 1095 2939 Circa
1108 2882 1220 2937 tratrem
1234 2882 1319 2952 (tot),
1334 2897 1385 2952 pro
1398 2899 1452 2954 quo
1466 2885 1597 2956 rogastis,
1628 2888 1782 2947 misericor-

978 2969 1049 3027 diter
1063 2970 1174 3042 quidem
1186 2985 1270 3041 agere
1285 2970 1411 3026 volumus
1429 2990 1435 3037 ;
1450 2972 1500 3028 sed
1514 2973 1577 3045 quia
1591 2975 1781 3034 inordinatam

977 3059 1167 3115 remissionem
1193 3058 1324 3130 pietatem
1351 3075 1413 3115 esse
1441 3076 1496 3116 nen
1524 3063 1675 3135 credimus,
1716 3067 1781 3124 utile

976 3147 1038 3213 sibi,
1053 3147 1108 3202 imo
1125 3147 1308 3203 necessarium
1320 3148 1518 3216 judicamus,ut
1531 3151 1566 3206 ad
1580 3155 1779 3211 monesterium

973 3252 1052 3292 suum
1067 3236 1178 3292 veniens
1193 3251 1287 3292 coram
1300 3236 1427 3293 iratribus
1441 3236 1476 3293 ad
1490 3239 1681 3310 poenitentiam
1697 3259 1775 3300 com-

972 3333 1118 3398 pungatur,
1135 3332 1162 3379 et
1176 3324 1215 3380 sie
1229 3324 1263 3382 de
1283 3341 1332 3380 sna
1347 3327 1564 3398 transgressione
1580 3329 1689 3386 veniam
1706 3347 1776 3389 eon-

973 3413 1051 3485 sequi
1066 3421 1206 3469 mereatur
1220 3428 1227 3481 ;
1243 3420 1269 3468 et
1284 3413 1328 3470 cui
1347 3413 1422 3482 olim,
1454 3424 1625 3487 suggerente
1652 3419 1773 3487 diabolo,

972 3511 1026 3552 non
1041 3495 1179 3568 displicuit
1191 3498 1364 3570 negligenter
1378 3514 1471 3571 agere,
1489 3515 1560 3556 nune
1573 3501 1686 3558 tandem
1716 3520 1772 3562 nou

971 3584 1114 3656 displiceat
1128 3586 1292 3659 regulariter
1303 3586 1430 3642 obedire.
1447 3587 1504 3642 Nus
1519 3586 1610 3661 itaque
1624 3605 1679 3662 pre
1700 3592 1772 3649 dile-

971 3674 1061 3730 ctione
1074 3681 1169 3730 vestra
1184 3673 1210 3730 ei
1226 3674 1358 3748 quidquid
1372 3674 1489 3747 deliquit
1503 3676 1564 3733 sine
1583 3678 1773 3738 satisfactione

970 3762 1180 3830 remitteremus,
1197 3763 1245 3818 sed
1269 3764 1373 3818 homiui
1401 3779 1495 3819 reram
1524 3764 1717 3825 intelieiiatem
1745 3778 1772 3827 et

971 3851 1066 3906 talsam
1080 3850 1276 3908 beatitudinem
1290 3867 1342 3908 neo
1358 3852 1493 3909 audemus
1518 3855 1691 3926 promittere,
1721 3875 1773 3916 nes

970 3939 1110 3996 debemus.
1130 3939 1225 3994 Veniat
1240 3939 1323 4011 igitur
1341 3940 1377 3996 ad
1392 3941 1597 4010 monasterium,
1619 3944 1691 4002 sicut
1713 3947 1770 4016 iarn

969 4027 1096 4096 diximus,
1113 4034 1140 4084 et
1151 4044 1181 4084 se
1196 4044 1304 4086 errasse
1318 4029 1457 4086 humiliter
1470 4029 1644 4101 cantitentur,
1672 4044 1771 4107 quato-

968 4197 1050 4254 etinm
1064 4199 1098 4254 de
1112 4197 1395 4255 excommunicatione
1417 4205 1443 4254 et
1472 4197 1617 4256 interdicto
1645 4211 1767 4261 caverat,

968 4278 996 4324 ut
1010 4270 1191 4325 Clementisll
1210 4269 1381 4341 aliorumque
1409 4269 1567 4340 pontitieum
1598 4270 1698 4331 littera
1726 4276 1769 4330 de·

967 4340 1078 4395 clarent.
1095 4338 1219 4410 lienique
1235 4356 1288 4394 non
1316 4341 1404 4396 solnm
1432 4340 1460 4395 id
1487 4343 1600 4397 vetitum
1630 4345 1767 4415 episeopo

967 4410 1136 4475 carnotensi,
1149 4410 1198 4465 sed
1213 4410 1280 4466 nulli
1293 4410 1404 4465 omnino
1419 4409 1493 4466 licuit
1508 4421 1609 4477 praeter
1634 4413 1689 4470 ioci
1718 4418 1767 4471 ab·

118 4488 199 4541 bento
214 4482 322 4554 quidem
351 4494 423 4533 anno
450 4485 639 4533 consecratum
668 4476 763 4540 titisse,
790 4479 910 4537 indicant
925 4468 951 4527 D
966 4481 1042 4536 bates
1056 4489 1083 4535 et
1098 4478 1263 4550 pontificem.
1280 4480 1434 4536 Alexander
1448 4482 1482 4545 ll,
1500 4482 1620 4538 Odor-ico
1647 4485 1740 4541 abbati
1757 4503 1764 4541 ι

118 4553 240 4627 epistolae
256 4550 358 4607 Urbani
374 4548 463 4603 lionis
473 4546 730 4618 epistolisprmiirae3
743 4565 804 4602 uam
812 4551 911 4621 Capuae

119 4644 168 4683 ιἰιι
186 4623 301 4679 Kalend.
317 4619 478 4676 Decembris
491 4618 560 4674 elatae
581 4617 709 4687 iegnntnr
739 4620 820 4690 paulo
850 4632 909 4692 post

115 4694 361 4755 consecrationem.
379 4694 486 4746 brunum
500 4698 589 4743 autem
604 4688 703 4743 Clrristi
716 4689 792 4744 illum
814 4691 908 4761 titisse,

116 4785 198 4842 quent
211 4765 267 4821 dixi
280 4781 335 4819 non
356 4768 526 4833 sequentem,
549 4759 622 4831 quod
650 4760 761 4814 nonnuli
790 4762 908 4834 tradunt,

114 4833 428 4922 argumentoastloeuS,
445 4829 516 4885 uude
545 4828 654 4900 scriptas
680 4837 751 4885 suot.
781 4832 908 4890 Urbanus

116 4928 187 4967 enun
199 4923 272 4964 anno
286 4908 364 4970 ιιιιι3,
380 4919 406 4959 a.
421 4902 452 4957 d.
472 4915 522 4955 vrn
537 4899 654 4956 Kalend.
681 4900 839 4959 Decembris
853 4905 908 4961 Ta-

115 4982 185 5038 renti
201 4987 270 5041 erat,
286 4993 339 5032 non
356 4976 467 5046 Capuae.
487 4973 622 5028 Praeterea
632 4971 656 5025 si
671 4970 722 5026 lroe
736 4987 807 5028 anno
828 4975 906 5031 inau-

113 5060 238 5125 guratnm
253 5047 363 5111 dixeris
378 5061 431 5101 nen
446 5041 582 5099 constabit
595 5049 658 5095 ante
672 5042 776 5096 obitum
805 5045 906 5103 Urbani

112 5133 217 5193 septem
229 5134 361 5173 annerum
377 5130 517 5178 utrrnerns,
532 5128 601 5185 quos
616 5127 632 5166 a
646 5120 772 5183 suscepto
796 5117 905 5186 episco-

113 5202 178 5266 patu
193 5198 304 5246 exactos
315 5195 439 5243 rrunrerat
452 5185 532 5255 epist.
550 5187 593 5239 tii.
610 5184 701 5254 ltaque
729 5195 905 5243 consecratus

110 5268 146 5320 alr
162 5264 272 5320 Urbano
285 5260 434 5329 episcopus
448 5254 497 5309 luit
511 5257 557 5310 ιιό
570 5269 640 5309 anno
652 5256 800 5327 t092.lpse
811 5268 906 5328 postea

112 5333 266 5391 Goll'ridum
281 5330 397 5385 electum
422 5327 548 5379 abbatem
575 5325 689 5379 solemni
715 5324 905 5386 benedictione

111 5403 254 5475 impertiit.
274 5399 352 5470 Quod
367 5398 491 5452 nimirum
506 5396 576 5450 inter
587 5394 738 5477 beneficia,
766 5415 827 5469 qum
855 5415 904 5457 ae-

111 5485 188 5543 ecpla
203 5476 254 5529 hoc
268 5472 329 5528 loeo
345 5470 397 5525 lert
414 5466 497 5532 ivoni,
512 5482 676 5537 praecipuum
694 5465 751 5522 ιιιιι.
886 5537 901 5549 ..

146 5547 203 5615 tid)
218 5546 250 5600 ln
268 5538 552 5613 nrrtjntuuceelesinm
582 5541 718 5593 suestram.
747 5539 903 5617 llonasteru

108 5618 195 5687 ipsius
211 5613 425 5674 l'indoeiuensis,
446 5609 520 5680 quod
544 5608 728 5665 Theodericus
755 5625 902 5680 episeopus

108 5687 292 5752 carnetensis,
309 5694 337 5740 ut
351 5684 396 5738 ιιι).
414 5680 517 5750 tepist.
540 5680 554 5733 l
568 5679 742 5734 obseruatum
756 5688 805 5743 est,
822 5694 839 5734 a
854 5696 902 5735 sua

109 5768 135 5821 et
149 5774 341 5816 suceessorum
355 5759 489 5828 potestate
503 5757 650 5818 exemerat,
680 5764 714 5804 ae
741 5750 902 5809 nominatim

967 4554 1018 4607 tine
1029 4555 1114 4607 client
1130 4552 1290 4619 nrljicirnua,
1307 4557 1340 4607 ιιι
1356 4556 1529 4608 rnernorottts
1550 4553 1764 4613 i'indocinenrir

966 4624 1041 4679 lectus
1055 4622 1224 4677 nuliatenus
1238 4623 1334 4678 nisitdr
1344 4623 1763 4698 abbateioeiprosnisinjnra’is,

964 4694 1033 4749 ecto
1047 4695 1147 4764 ptinere
1157 4693 1230 4748 sedis
1243 4694 1655 4763 peartifieecnconrntunieeter
1669 4699 1711 4753 nel
1722 4700 1765 4753 in·

965 4764 1130 4827 terdicotnr,
1147 4765 1260 4818 ctio-insi
1275 4764 1477 4821 carnotensem
1488 4767 1617 4836 patriam
1643 4784 1762 4825 cncom-

962 4834 1106 4891 mnnteuri
1121 4835 1290 4904 corettqcrit.

997 4906 1071 4975 (llio)
1091 4904 1278 4961 Interdictum
1292 4906 1323 4960 in
1339 4906 1465 4962 ecelesiis
1490 4908 1607 4963 nestris.
1638 4908 1762 4966 Subditis

961 4974 1127 5032 monasterio
1142 4974 1347 5031 vindocinensi.
1372 4976 1523 5049 Gregorius
1552 4979 1598 5033 t'tl
1623 4978 1758 5038 Oderico.

960 5048 1051 5119 Neque
1065 5048 1153 5102 etiem
1167 5045 1291 5101 subditos
1303 5047 1438 5118 predicto
1455 5050 1513 5105 loeo
1523 5050 1669 5119 ecclesias,
1695 5054 1759 5108 ebi-

959 5118 1763 5195 cranonesint,e.cconununiearenetintertiiccrscniquom

961 5189 1055 5253 licent,
1068 5188 1239 5258 nisiepertis
1250 5203 1299 5259 pro
1308 5189 1411 5260 calpis,
1423 5195 1453 5245 ct
1462 5206 1531 5262 qeins
1546 5190 1760 5249 i'indocinresis

958 5257 1040 5313 eibos
1048 5263 1076 5313 et
1086 5260 1192 5328 fratres
1201 5259 1337 5313 cononice
1347 5260 1380 5315 ab
1391 5262 1460 5332 ipsis
1468 5262 1605 5332 episcopis
1615 5262 1762 5320 admoniti

959 5329 1109 5384 sinceriore
1122 5330 1357 5410 eorttcrnpscrint.
1373 5334 1492 5401 apertas
1506 5330 1602 5401 culpas
1613 5335 1761 5416 exeipit,ut

958 5397 1097 5455 Gollridus
1111 5399 1215 5467 justum
1231 5398 1414 5468 interdictum,
1428 5401 1490 5473 quia
1505 5402 1532 5455 in
1546 5400 1625 5458 cellis
1652 5404 1759 5461 Vindo-

957 5469 1109 5525 cinensium
1125 5484 1178 5523 non
1194 5468 1315 5594 ⁴proinde
1340 5485 1372 5528 ac
1400 5472 1430 5526 in
1453 5472 1618 5529 inarrasterie
1647 5476 1761 5534 uetitum

956 5548 1013 5596 crat
1028 5556 1109 5596 omne
1122 5541 1193 5596 inter
1214 5541 1310 5597 ictum.

992 5614 1065 5681 (toti
1082 5613 1162 5669 Circo
1176 5615 1309 5682 tratrem.
1322 5612 1463 5670 Danielem
1479 5614 1599 5670 nomine.
1618 5614 1665 5673 sie
1685 5617 1760 5676 enim

954 5683 1073 5808 appellat
1087 5684 1133 5742 tre
1146 5683 1226 5755 epist.
1244 5688 1278 5744 82
1292 5685 1326 5740 ad
1343 5700 1426 5758 quarn
1437 5684 1577 5743 Goltridus
1586 5685 1759 5763 bierespou-

974 5760 1009 5810 ιι.
1690 5782 1699 5806 ⁵
