3780 6038
183 218 235 275 523

640 213 796 270 HUGONIS
815 209 1068 271 LUGDUNENSiS
1084 214 1364 275 rtnctnnrtscort.

1789 215 1840 277 bal

185 341 297 397 dictam.
325 340 485 395 blandamus
499 338 581 410 igitur
595 347 622 394 et
638 339 708 394 sicut
727 338 836 394 fratrem
851 340 981 394 attentius
995 341 1022 401 Α
1036 340 1113 396 fratri
1141 343 1272 398 Ronanro
1301 343 1515 417 lingonensium
1541 344 1682 416 episcopo,
1713 341 1839 397 salutem.

185 445 390 486 commonemus
404 438 433 483 ut
448 429 603 483 intermissa
619 436 721 494 vestra,
739 429 761 482 si
773 437 886 499 quaest,
901 426 983 496 iusti-

186 519 233 587 tia,
250 519 343 572 abbati
359 526 385 571 et
399 516 523 573 ecclesiis
535 515 593 572 suis
604 532 699 588 pacem
710 516 887 584 conservetis,
897 516 987 571 taliter

186 607 437 663 excommunicatos
452 605 589 660 salubrius
612 605 770 672 absolvatis,
788 614 814 660 et
827 605 854 659 in
871 605 986 661 concilio

186 695 261 767 qnod
276 695 395 750 secunda
412 703 474 764 post
495 703 605 749 octavas
620 695 798 750 Pentecostes
819 693 888 748 feria
902 692 985 763 adju-

186 794 265 839 vante
275 784 393 839 Domino
408 783 503 838 Trccis
532 782 696 838 celebraturi
724 799 819 837 sumus
833 782 868 837 de
887 780 986 836 vestris

185 869 289 940 pariter
301 883 334 924 ac
349 868 474 937 ejusdem
489 867 595 922 abbatis
611 866 791 938 querimoniis
808 865 940 935 justitiam
959 873 986 918 et

186 964 328 1036 accipiatis
342 972 369 1020 et
383 964 547 1019 exhibeatis.
582 963 734 1018 Verendum
759 962 881 1032 profecto
909 959 985 1015 robis

187 1064 237 1120 cst,
255 1054 277 1108 si
291 1053 372 1110 aliter
387 1052 511 1124 egeritis,
524 1068 558 1107 ne
573 1051 696 1106 etsacris
708 1051 825 1106 obvietis
835 1049 984 1106 canonibus

186 1151 213 1199 ct
227 1143 320 1198 domni
334 1157 414 1214 papae
428 1141 644 1214 indignationem
664 1141 834 1211 aliquatenus
860 1139 983 1193 incurra-

185 1232 230 1298 tis,
246 1248 262 1286 a
277 1234 353 1301 cujus
368 1230 529 1286 liberalitate
548 1229 720 1301 privilegium
740 1229 811 1284 idem
827 1228 915 1282 abbas
931 1243 983 1280 au·

186 1321 303 1393 periitne
334 1327 486 1390 acceperat,
504 1327 530 1373 et
545 1323 594 1373 bac
621 1333 730 1389 qaoque
758 1317 817 1373 vice
832 1324 924 1370 nostra
942 1314 982 1370 ri-

185 1409 304 1466 deamini
321 1407 519 1480 contempsisse
534 1407 675 1463 mandata.

549 1542 615 1595 XX.

184 1634 225 1691 tat
235 1634 414 1704 llaqanoacm
431 1629 601 1756 AEqlqreaseqa
619 1629 790 1712 episcopum,
801 1644 851 1698 pro
869 1629 981 1698 llapoac

495 1716 694 1757 eraeaaoccan.

483 1792 576 1860 (Anno
592 1790 684 1859 teat.)

188 1882 250 1939 Vide
265 1880 434 1953 Patrolopie
455 1887 522 1934 tom.
552 1878 631 1944 CLX,
653 1875 706 1933 col.
731 1878 793 1941 355,
816 1876 848 1930 in
865 1874 984 1944 lfapoae

478 1951 696 2006 flaviniacensi.

545 2074 624 2127 xxi.

184 2167 224 2223 Art
239 2169 380 2225 Uelitrarum
392 2180 506 2237 papam.
524 2193 558 2201 -
578 2163 614 2216 fle
634 2160 751 2217 lieberto
767 2158 866 2214 oblate
883 2157 912 2215 S.
930 2159 982 2212 lle-

463 2235 543 2305 miqii
561 2234 715 2289 flerucasis.

505 2322 704 2392 (annonae.)

190 2415 253 2475 Vide
272 2413 441 2483 Petrolopioe
456 2419 525 2466 tom.
543 2410 621 2472 xit),
643 2408 696 2463 col.
715 2405 986 2472 1432,ιή61ινοηίεο

395 2485 423 2539 S.
443 2482 565 2539 Haberti
581 2479 789 2549 ,fredcyiuensis

537 2596 630 2650 xxn.

186 2690 316 2764 Epistola
325 2689 447 2759 ffuqoais
457 2686 554 2755 lepatr',
566 2683 760 2765 adlabertum
772 2681 898 2762 turbarem
915 2678 986 2733 trott-

238 2776 388 2828 smeoscm,
400 2759 509 2814 ordinis
521 2756 715 2812 Cistercieoars
725 2754 935 2806 restitutorem.

434 2848 519 2914 (lutra
534 2860 581 2898 aa.
602 2840 737 2910 tuot-trs.)

223 2941 316 2994 lusan
330 2937 608 3076 bibliotlrerotqcutqs.
620 2947 649 3071 nj
666 2931 728 2997 tto,
746 2928 772 2983 in
790 2925 950 2998 Oriqirtibus

552 3020 576 3058 ts
593 3020 638 3058 erc

226 3102 314 3167 llrco,
330 3093 519 3167 Lugdunensis
542 3091 764 3161 archiepiscopus
788 3094 813 3141 et
829 3085 985 3157 apostolicae

192 3189 268 3244 sedis
279 3187 395 3257 legatus,
408 3185 539 3239 Rernanao
551 3177 717 3234 llolismrnsi
732 3175 833 3238 abbati,
852 3183 878 3227 ct
892 3174 984 3226 iratri-

192 3279 242 3333 bus
258 3293 318 3332 cum
334 3290 366 3328 eo
382 3272 532 3327 seeundum
542 3269 672 3340 Regulam
685 3262 772 3320 sancti
784 3263 985 3318 Benedictifleo

192 3366 299 3421 servire
314 3362 501 3432 cupientibus.

226 3463 327 3517 Notum
342 3459 376 3512 sit
391 3457 517 3513 omnibus
531 3455 564 3509 de
578 3449 986 3518 sanctm'matrisEcclesieepro·

1076 438 1128 508 Qui
1141 441 1175 495 dc
1191 442 1302 514 negotio
1318 441 1503 497 blolismensia
1513 441 1648 498 Ecclesiae
1661 441 1689 494 in
1699 440 1841 511 colloquio

1039 529 1112 597 apud
1127 539 1234 598 portum
1248 531 1359 585 ansillae
1374 547 1462 602 nuper
1476 530 1567 584 babilo
1581 528 1773 584 definierimus
1784 529 1839 583 fra-

1040 617 1155 671 ternitati
1170 628 1270 672 vestrm
1279 617 1425 674 notificare
1439 619 1624 674 necessariam
1638 617 1839 672 docimesio-

1039 713 1138 760 nerunt
1152 715 1215 761 ante
1226 706 1349 763 uosilluc
1363 722 1423 763 cunr
1440 706 1533 762 litteris
1548 706 1648 762 vestris
1678 705 1839 760 blolismen-

1040 809 1084 848 ses
1099 795 1223 849 monachi
1238 795 1290 851 loci
1306 796 1347 849 sui
1362 795 1559 851 desolationem
1570 803 1653 866 atque
1669 794 1837 849 destmctio·

1039 898 1102 936 aem
1114 899 1193 953 quam
1209 900 1257 954 per
1269 884 1447 939 remotionem
1463 884 1574 940 Roberti
1587 884 1700 938 abbatis
1715 883 1840 939 incurre-

1039 975 1101 1021 rant
1121 969 1308 1034 ostendentes,
1337 969 1482 1039 ipsumque
1508 967 1559 1022 sibi
1584 968 1665 1023 reddi
1686 968 1715 1021 in
1736 976 1839 1038 patrem

1038 1071 1205 1128 aragnopcrc
1222 1057 1401 1127 postulantes.
1409 1056 1490 1111 Nullo
1504 1056 1586 1112 modo
1597 1056 1671 1112 enim
1686 1056 1768 1111 aliter
1782 1072 1839 1126 spe

1039 1144 1135 1199 rabant
1149 1160 1245 1214 pacem
1259 1153 1285 1200 et
1298 1145 1415 1217 quietem
1428 1145 1597 1200 llolismensi
1607 1144 1744 1201 Ecclesiae
1760 1160 1839 1215 posse

1038 1232 1141 1287 restitui
1153 1234 1194 1287 vel
1209 1233 1350 1289 monastici
1367 1233 1471 1289 ordinis
1487 1233 1609 1306 rigorem
1624 1233 1838 1304 inpristinumsta

1038 1338 1093 1385 tum
1102 1329 1157 1385 illie
1168 1330 1301 1386 revocari.
1311 1331 1403 1385 adluit
1412 1331 1493 1386 etiam
1501 1331 1539 1385 ibi
1550 1330 1733 1401 inpraesentia
1747 1339 1838 1386 nostra

1038 1425 1123 1481 frater
1137 1425 1297 1491 Ganfridus,
1314 1443 1394 1498 quem
1409 1427 1498 1482 eidem
1520 1425 1655 1484 Ecclesiae
1669 1427 1697 1482 iu
1713 1427 1839 1482 abbatem

1038 1516 1358 1577 ordinavistis,dicenssc
1370 1516 1487 1571 libenter
1493 1515 1546 1586 ipsi
1554 1516 1676 1572 iloberto
1687 1515 1762 1571 velut
1770 1516 1839 1571 Patri

1039 1603 1188 1658 suolocum
1203 1605 1339 1669 daturum,
1352 1605 1376 1658 si
1386 1605 1465 1660 uobis
1480 1604 1609 1676 placeret,
1620 1613 1648 1659 nt
1665 1621 1729 1660 eum
1747 1604 1838 1659 liciis·

995 1696 1021 1756 Β
1035 1691 1121 1746 mensi
1128 1693 1260 1748 Ecclesiae
1281 1693 1491 1748 remitteremus.
1505 1693 1607 1748 Audita
1618 1694 1702 1766 igitur
1717 1701 1839 1749 testreet

1038 1781 1839 1854 ipsoramblolismensiumpetitione,relectisctiemdomiai

1038 1885 1118 1941 popm
1134 1870 1230 1924 litteris
1245 1888 1326 1940 super
1341 1872 1393 1926 boc
1409 1871 1608 1944 negotioaobis
1618 1871 1743 1936 directis,
1755 1877 1839 1926 totum

1038 1957 1209 2028 dispositioni
1220 1967 1246 2013 ct
1261 1959 1375 2014 arbitrio
1391 1968 1483 2015 nostro
1506 1960 1715 2030 committentis,
1732 1959 1838 2014 tandem

1039 2046 1185 2101 multorum
1206 2047 1327 2102 virorum
1350 2048 1552 2119 religiosorum,
1569 2057 1624 2102 tam
1646 2048 1838 2120 episcoporum

1039 2151 1120 2205 quam
1131 2134 1245 2190 aliorum
1262 2137 1308 2207 qui
1322 2136 1466 2192 uobiscum
1481 2136 1596 2191 aderant
1611 2137 1731 2193 concilio
1754 2136 1839 2207 preci·

1039 2223 1090 2277 bus
1101 2223 1233 2279 vestrisct
1247 2240 1342 2279 corum
1352 2214 1557 2295 acquiescentes
1567 2224 1740 2281 bfolismensi
1750 2222 1838 2281 Eccle-

1039 2311 1087 2366 sice
1115 2310 1202 2382 ipsum
1236 2313 1381 2368 restituere
1405 2312 1587 2378 decrevimus,
1607 2312 1647 2368 ita
1662 2313 1791 2369 videlicet
1813 2320 1838 2368 at

1040 2401 1197 2472 priusquam
1212 2401 1275 2457 illuc
1286 2404 1380 2457 redeat
1402 2401 1560 2457 Cabiloaem
1584 2402 1699 2458 veniens
1714 2402 1743 2456 ia
1758 2416 1838 2457 manu

1038 2498 1131 2553 fratris
1146 2499 1233 2554 nostri
1258 2498 1447 2554 Cabilonensis
1475 2498 1595 2570 episcopi
1619 2499 1664 2556 cui
1684 2503 1836 2557 secundum

1039 2587 1263 2643 consuetudinem
1295 2597 1456 2642 caeterorum
1480 2588 1609 2642 abbatam
1638 2588 1837 2659 professionem

1040 2682 1116 2753 fecit,
1131 2685 1237 2753 vireant
1252 2692 1278 2738 et
1291 2699 1385 2740 curam
1401 2683 1516 2740 abbatiae
1531 2684 1634 2753 reddat,
1651 2694 1734 2757 atque
1747 2702 1839 2742 mona·

1042 2782 1109 2836 chos
1121 2781 1191 2836 Novi
1206 2781 1376 2848 rnoncsterii,
1393 2781 1439 2852 qui
1462 2781 1486 2836 ei
1502 2782 1570 2836 sicut
1595 2797 1646 2838 suo
1659 2782 1756 2838 abbati
1773 2799 1838 2854 pro-

1041 2870 1188 2925 fessionem
1205 2870 1336 2935 fecerant,
1354 2879 1380 2925 et
1393 2869 1577 2925 obedientiam
1592 2871 1791 2941 promiserant,
1806 2873 1838 2927 ab

1042 2967 1100 3037 ipsa
1128 2965 1298 3037 professione
1319 2975 1346 3021 et
1361 2967 1520 3022 obedientia
1543 2966 1645 3023 liberos
1659 2975 1688 3023 et
1702 2968 1838 3025 absolutos

1002 3051 1027 3113 C
1043 3065 1169 3129 dimittat,
1185 3081 1218 3121 ac
1232 3067 1274 3120 sic
1285 3065 1320 3119 ab
1334 3065 1396 3135 ipso
1411 3066 1539 3136 episcopo
1548 3064 1745 3135 professionis,
1760 3082 1839 3139 qaam

1039 3163 1064 3218 ei
1080 3171 1106 3216 et
1119 3162 1293 3217 Cabiloueasi
1308 3162 1517 3230 Ecclesiaetecit,
1533 3162 1740 3218 absolutionem
1768 3163 1839 3219 ccci-

1039 3253 1105 3321 piat.
1123 3251 1252 3306 Dedimus
1267 3252 1348 3305 etiam
1366 3251 1504 3307 licentiam
1519 3266 1579 3306 cum
1592 3266 1626 3307 eo
1642 3252 1779 3307 redeunda
1789 3254 1841 3307 bio·

1039 3339 1148 3396 lismam
1163 3341 1288 3395 omnibus
1304 3341 1356 3395 illis
1370 3340 1405 3394 da
1436 3340 1563 3395 fratribus
1584 3340 1656 3395 Novi
1682 3342 1832 3397 monasteri

1041 3429 1086 3501 qui
1102 3444 1164 3482 cum
1180 3431 1265 3484 secuti
1283 3428 1382 3484 fuerint
1402 3430 1513 3500 quaudo
1532 3445 1548 3482 a
1567 3429 1649 3484 Novo
1677 3431 1840 3487 monasterio

192 3550 263 3606 fectu
278 3547 468 3621 gaudentibus,
484 3560 532 3598 vos
546 3552 572 3596 ct
583 3543 716 3612 quosdam
732 3540 800 3593 lilios
818 3547 923 3594 vestros
934 3538 987 3590 llo·
1040 3528 1196 3595 ¹0⁰0⁵⁵0ll¹s
1213 3528 1259 3582 ¹³¹1
1274 3526 1594 3583 ⁶0⁰d5150ss0flld001'0l0
1618 3535 1717 3583 neuter
1732 3538 1840 3584 neumas

191 3637 331 3695 lismeusis
345 3634 461 3690 crnnobii
475 3633 569 3687 fratres
580 3630 701 3702 Lugduni
718 3630 850 3682 innostra
866 3642 987 3696 prmscn-
1041 3621 1191 3682 sollicitare
1207 3623 1249 3678 rol
1265 3623 1392 3693 recipcre
1416 3631 1593 3692 presumant,
1609 3622 1663 3677 nisi
1692 3624 1840 3680 secandam

191 3735 229 3789 tia
244 3732 371 3793 astitisse,
387 3745 419 3784 ec
433 3727 546 3799 {legulae
567 3725 637 3781 beati
652 3724 800 3790 Benedicti,
817 3739 898 3794 quam
924 3723 988 3777 illuc
1042 3726 1113 3798 quod
1130 3725 1226 3778 beatus
1242 3720 1401 3775 Benedictus
1417 3722 1565 3775 monaclros
1587 3721 1658 3776 Novi
1682 3721 1840 3778 monasterii

192 3837 279 3893 usque
295 3819 383 3890 tepide
394 3834 426 3873 ac
441 3815 614 3887 negligenter
637 3815 664 3867 ia
695 3813 790 3868 eodem
820 3810 987 3865 rnouasterio
1041 3809 1359 3887 praecipitrecipiendos.
1377 3810 1522 3880 Postquam
1547 3810 1605 3864 haec
1623 3812 1840 3880 supradictuse-

192 3910 350 3974 tenueratis,
368 3907 468 3963 arctius
483 3906 612 3974 delmi)s
633 3912 715 3973 atque
732 3900 879 3972 pessfclllffi
900 3900 987 3953 inhffl·
1042 3913 1109 3969 cerit
1125 3909 1287 3966 remittimus
1300 3921 1362 3961 eum
1374 3906 1511 3961 dilectioni
1520 3909 1840 3969 restraemtlfolismcnsi

191 4018 254 4057 ‘²¹⁸0
265 3997 480 4069 velleprofessos
492 3995 586 4048 suisse-
597 3989 988 4062 QUOt'l‘lulfliss1⁰⁰0l³¹i¹³dl⁰¹⁰
1042 3999 1174 4056 Ecclesiae
1190 3997 1263 4051 illum
1280 3996 1306 4048 in
1322 3994 1450 4049 abbatem
1468 3995 1624 4061 restituatis,
1641 3997 1678 4051 ita
1703 4007 1796 4053 tamen
1813 4005 1840 4052 ut

190 4089 317 4164 pluribus
332 4084 540 4157 impedientibus
555 4082 646 4137 causis
657 4086 764 4134 constat
774 4079 923 4147 adimplere
933 4093 987 4131 non
1042 4090 1065 4144 si
1080 4089 1210 4157 deinceps
1225 4085 1350 4141 eumdem
1365 4084 1517 4139 Ecclesiam
1533 4085 1613 4140 solita
1630 4085 1745 4142 levitate
1760 4087 1840 4143 dese.

190 4175 987 4258 110880,UOSUlsiusttsstPallii⁵³¹⁰stVldtliltlllldeftoe·
1041 4187 1137 4253 ruerit,
1153 4185 1244 4240 nullus
1259 4182 1284 4237 ei
1304 4183 1483 4237 substituatur
1497 4183 1607 4239 vivente
1635 4182 1771 4240 Gaufrido
1799 4185 1840 4239 ab·

190 4276 311 4331 dentium
325 4281 406 4341 atque
422 4271 476 4325 illic
491 4268 686 4324 remanentium
704 4265 889 4337 providentes,
906 4263 932 4317 in
944 4263 986 4317 lo·
1041 4285 1112 4353 bate,
1125 4282 1231 4352 absque
1246 4287 1338 4335 vespm
1360 4288 1383 4334 e,
1399 4286 1503 4345 „osu-0,
1519 4280 1700 4353 ejusdemquo
1716 4281 1840 4338 Gauffidi

191 4379 251 4417 ⁰⁰¹⁰
267 4361 358 4425 fllium·
373 4375 457 4430 (luem
475 4357 552 4413 ‘'⁰¹’ss
564 4357 654 4410 divim
666 4356 777 4426 [aldim
787 4352 983 4424 d⁰⁵iss⁰²¹l⁰sl¹r
1040 4389 1163 4428 assensu.
1179 4368 1246 4438 Quae
1260 4368 1349 4423 ornaria
1364 4368 1514 4439 apostolica
1533 4368 1697 4426 auctoritate
1713 4380 1768 4426 rata
1781 4385 1840 4427 csse

190 4466 243 4504 vos
257 4448 405 4511 declinare,
422 4446 512 4516 ibique
543 4443 678 4498 salubrius
699 4451 780 4512 atque
796 4441 913 4512 quietius
928 4439 984 4493 Do·
1039 4473 1224 4547 praeeipimus·
1242 4473 1282 4526 De
1304 4470 1406 4540 capena
1427 4478 1515 4525 autem
1531 4470 1655 4542 mdia,
1669 4471 1779 4529 abbatis
1794 4475 1840 4529 R&

189 4538 263 4593 mino
278 4534 406 4593 farnulari
418 4533 482 4588 utiic
497 4532 623 4628 duximus
646 4530 715 4627 foro,
737 4528 819 4583 Voltis
838 4543 907 4597 ergo
923 4536 985 4625 tuuc
1039 4563 1108 4620 beni
1123 4571 1147 4618 e,
1162 4562 1195 4616 de
1211 4559 1317 4615 weris
1328 4559 1410 4613 rebus
1420 4574 1515 4630 quasa
1531 4559 1700 4615 molismensi
1714 4561 1840 4619 Ecclesia

187 4625 369 4698 praesentibus
394 4622 511 4677 lieberto
530 4621 630 4682 abbati,
656 4618 825 4687 falcibusque
845 4617 982 4680 Alberrco,
1038 4652 1270 4707 medenssecum
1294 4656 1319 4702 et
1342 4664 1407 4701 cum
1437 4646 1476 4702 eis
1503 4647 1679 4703 cabilonensi
1709 4650 1839 4721 episcopo

187 4715 286 4781 Odoui,
299 4711 408 4777 locanti,
421 4709 574 4780 Stuplrauo,
591 4705 701 4762 Letaldo
716 4714 741 4760 et
758 4706 845 4769 Petro,
863 4705 910 4759 sed
926 4720 984 4759 orn-

185 4807 349 4875 nibusquos
378 4799 540 4873 regulariter
555 4807 581 4852 et
596 4795 733 4852 coarmuni
762 4794 876 4851 coasilio
907 4794 984 4849 robis

186 4895 291 4950 sociare
303 4889 490 4951 decreveritis,
504 4890 555 4943 lroc
574 4894 696 4940 sanct-un
725 4885 891 4954 propositum
922 4899 981 4937 ser-

185 4995 262 5044 vare,
277 4986 303 5031 et
320 4985 383 5030 tuuc
407 4972 593 5030 consuluimus
609 4979 635 5025 ot
650 4978 677 5023 ut
693 4968 718 5022 in
744 4983 777 5022 eo
799 4968 982 5037 perseveretis

184 5065 370 5135 precipimus,
400 5071 426 5116 et
449 5061 612 5116 auctoritate
650 5056 802 5128 apostolica
831 5071 879 5126 per
899 5055 981 5125 sigilli

184 5153 270 5208 nestri
285 5150 492 5221 impressionem
510 5149 709 5219 inperpetuum
721 5143 925 5201 confirmamus

527 5273 629 5327 xxltt.

183 5365 333 5423 decretum
344 5361 465 5430 deponis
483 5361 568 5430 leqati
583 5360 616 5415 cle
633 5364 688 5415 tero
700 5360 979 5431 rrepotiellolismea·
1050 5406 1056 5416 .

370 5434 445 5488 sium
456 5436 539 5502 otqee
553 5433 793 5487 cirterciensium.

430 5520 516 5586 (lutra
530 5535 575 5572 an.
589 5518 738 5590 tort-ott.)

435 5604 535 5677 [Lanae
548 5605 596 5659 att
608 5606 718 5677 snpra}

212 5702 302 5774 linco,
323 5694 515 5773 Lugdunensis
536 5692 669 5750 Ecclesiae
692 5710 788 5751 servus
814 5695 976 5753 charissimo

1037 4749 1120 4810 atque
1134 4739 1211 4793 Novo
1227 4735 1394 4790 monasterio
1410 4750 1441 4790 so
1465 4735 1593 4803 reddidit,
1609 4736 1637 4791 id
1657 4738 1802 4794 statuimus
1813 4748 1839 4793 ut

1037 4830 1129 4884 omnia
1143 4826 1256 4881 fatribus
1269 4824 1338 4879 Novi
1357 4824 1518 4878 monasterii
1545 4825 1620 4879 salva
1648 4837 1837 4896 permaneant,

1037 4927 1137 4990 praeter
1150 4915 1314 4971 breviarium
1332 4912 1466 4983 quoddam
1483 4913 1554 4985 quod
1570 4931 1658 4986 usque
1681 4916 1718 4971 ad
1733 4916 1838 4973 festiri·

1035 5028 1118 5074 tatem
1132 5018 1219 5075 sancti
1234 5015 1352 5071 loannis
1367 5016 1496 5085 baptistae
1510 5015 1645 5071 retineant
1659 5025 1689 5072 ut
1704 5019 1838 5076 transcri-

1035 5123 1099 5177 bant
1113 5137 1227 5175 assensu
1245 5116 1470 5174 Molismensium.
1489 5116 1558 5174 lluic
1581 5126 1673 5174 autem
1687 5119 1838 5176 definitioni

1034 5210 1217 5266 interfuerunt
1228 5206 1350 5279 episcopi
1358 5206 1690 5278 Nortgaudusoedueasis,
1700 5207 1837 5266 Galterius

1035 5306 1236 5371 Cabiloneusis,
1254 5304 1389 5360 Berandus
1400 5302 1568 5369 maticensis,
1585 5303 1700 5361 Pontius
1715 5306 1837 5363 Belicea·

1034 5422 1082 5471 sis,
1100 5413 1126 5460 ct
1141 5404 1254 5459 abbates
1268 5403 1363 5457 Petrus
1379 5400 1598 5467 Trenorciensis,
1613 5401 1731 5461 lacento
1745 5404 1837 5462 Divio-

1033 5501 1136 5568 nensis,
1165 5500 1363 5555 Gauceraunus
1378 5498 1589 5555 Atlraaacensis.
1602 5499 1701 5557 l‘etrus
1716 5518 1835 5577 quoque,

1032 5597 1135 5652 domiai
1151 5613 1229 5669 papae
1243 5596 1418 5664 camerarius,
1435 5594 1569 5669 multique
1584 5595 1699 5657 atttriti
1727 5599 1836 5659 bonesti

1032 5709 1059 5757 ct
1073 5700 1137 5756 boni
1153 5699 1315 5757 testimonii.
