3780 6038
127 192 171 249 hil
781 188 967 250 OPUSCULA
995 224 1030 235 -
1045 196 1107 250 vll.

1722 189 1776 244 222

122 330 174 372 non
196 313 495 372 excommunicandum
510 329 572 372 csse
585 313 633 378 cni
648 313 848 370 multitudinem
871 315 924 369 lin·
939 315 967 377 A
981 316 1060 384 mitti,
1074 316 1130 373 nisi
1144 316 1172 372 in
1186 332 1218 372 ea
1228 322 1329 372 tantum
1344 315 1522 383 necessitate,
1538 312 1584 371 ubi
1605 312 1718 368 timetur
1742 324 1778 366 ne

122 406 163 461 bet
178 417 288 470 secum,
304 419 339 459 ne
361 402 426 457 dnm
448 420 532 459 unnrn
554 405 691 477 corrigere
713 404 835 470 nitimur,
860 420 926 474 per-

122 493 187 549 ditio
213 491 244 547 lut
265 491 426 548 multorum.
464 493 521 549 lloc
556 492 638 549 etiam
675 493 857 564 Hieronymus
892 491 928 548 ad

120 581 302 655 Augustiuum
327 580 431 650 scribit,
455 580 551 638 dicein
576 582 659 654 quod,
685 582 835 637 seeundum
859 581 928 636 bea·

120 679 209 727 torum
223 667 412 741 apostolomn
429 669 505 726 Petri
522 679 548 726 et
567 671 640 726 Pauli
665 671 850 743 prudentiam,
868 669 926 725 dis-

118 758 365 833 pensationemque
378 757 533 824 honestam,
551 759 701 832 aliquando
726 757 785 815 fieri
811 774 927 815 necesse

118 846 257 920 estquod
280 847 345 918 jure
365 847 585 919 reprehenditur,
612 865 646 903 ne
668 847 831 904 christianin
854 846 928 918 plebi

118 935 283 992 scandalum
312 935 431 991 oriatur.
465 937 534 991 Nam
559 945 672 1008 propter
695 945 798 993 metum
823 936 928 992 laudaro-

117 1039 188 1091 rum,
204 1039 243 1080 ne
258 1022 317 1095 ipsi
334 1023 599 1091 scandalizarentur,
615 1034 641 1081 et
656 1025 764 1094 Paulus,
781 1033 843 1098 post
862 1039 926 1081 con·

120 1111 294 1180 versionem,
311 1112 483 1169 Timotheum
498 1114 691 1171 circumcisum
717 1114 789 1181 lecit,
820 1122 845 1170 et
869 1129 926 1170 era-

119 1201 264 1258 remcnias
278 1201 361 1258 etiam
375 1202 497 1258 exercuit
511 1203 677 1270 Judaecrum,
690 1212 716 1257 et
733 1204 826 1259 l‘etrus
836 1201 928 1274 coegit

119 1290 263 1360 quosdam
298 1290 446 1345 iudaizare
478 1290 634 1362 gentilium,
660 1298 776 1364 uterque
816 1299 928 1348 sanetus

116 1376 261 1450 apostolus
274 1377 408 1434 simulans
423 1395 455 1434 se
479 1380 578 1435 veleris
603 1380 673 1452 legis
694 1388 833 1453 praecepta
862 1396 925 1435 ser-

119 1483 238 1534 rarc,ne
253 1467 301 1539 qui
316 1467 411 1522 fideles
426 1482 458 1522 en
472 1468 641 1524 Judaeislacti
654 1467 761 1525 inerant
771 1478 926 1541 susceptam

116 1555 242 1611 veritatis
256 1555 380 1611 notitiam
404 1556 581 1611 scandalizati
609 1567 752 1629 negarent.
782 1558 919 1615 Fecerunt

114 1644 169 1700 hoe
184 1644 273 1699 sancti
288 1643 407 1715 aposloli
423 1644 597 1701 misericordi
613 1655 639 1701 et
654 1648 697 1718 pia
723 1647 924 1718 compassione,

116 1748 173 1789 ncn
188 1731 363 1788 simulatione
378 1731 480 1800 lallaci,
497 1734 623 1805 quamvis
639 1736 730 1807 legem
745 1743 807 1806 post
831 1736 922 1791 Even-

115 1819 220 1893 galium
234 1836 290 1877 non
301 1836 366 1876 esse
379 1821 543 1877 servandam
559 1823 670 1879 minime
685 1824 850 1879 dubitarent.
869 1823 922 1880 Ubi

115 1909 288 1965 beatissimae
315 1909 378 1965 vitm
405 1909 455 1965 riri
492 1910 683 1983 intelliguntur
719 1927 775 1967 ncn
811 1911 923 1987 quidem

115 2005 308 2053 commutasse
324 1997 476 2067 consilium,
493 1998 541 2054 sed
555 1999 590 2053 ad
611 2001 706 2055 horam
725 2016 774 2071 pro
803 2001 922 2057 aliorum

115 2085 212 2142 salute
227 2101 284 2142 suae
299 2085 430 2143 doctrinm
445 2086 617 2143 sententiam.
631 2088 658 2144 Si
679 2089 713 2144 de
723 2090 852 2162 praesenti
863 2105 923 2144 ma-

115 2175 188 2231 teria
202 2173 293 2230 minus
307 2174 352 2231 rel
367 2174 445 2230 aliter
458 2174 524 2244 dixi,
540 2191 621 2248 quam
648 2177 738 2243 debui,
764 2176 925 2249 ignorantias

114 2263 277 2335 deputetur¹
293 2270 321 2319 et
334 2261 511 2336 indulgeatur
525 2263 742 2322 misericorditer
758 2284 764 2330 ;
788 2267 813 2321 si
832 2275 925 2324 autem

114 2353 199 2420 bena,
215 2352 336 2426 benigne
350 2351 523 2424 suscipiatur,
541 2361 568 2408 et
583 2355 746 2411 ohscuratur
762 2355 921 2428 diligenter.

453 2546 535 2615 288
558 2547 591 2601 V-

188 2722 224 2763 ab
237 2720 375 2762 marnac!
389 2719 487 2776 ΡΑΡΛΙ,
504 2721 642 2771 oblatras
657 2722 685 2761 tlt
703 2721 856 2764 ECCLRSM

287 2818 526 2861 nrsrnasartorttts
540 2821 615 2862 rtttttl
629 2821 751 2861 DEEENT.

149 2964 380 3038 Dispensasicnes
395 2964 543 3040 aliqnando
562 2965 590 3020 in
618 2965 744 3024 Ecclesia
784 2965 923 3023 iaciendas

113 3063 188 3120 sunl,
203 3070 259 3110 non
274 3053 385 3126 quidem
399 3069 495 3110 amore
510 3055 645 3126 pecunie,
663 3055 707 3111 rel
722 3055 844 3128 quolibet
872 3056 922 3109 hu·

112 3158 199 3200 mano
212 3142 318 3211 lavore,
335 3144 384 3199 sed
400 3145 479 3215 pinet
491 3144 664 3201 misericordi
673 3145 835 3200 intentione.
847 3144 923 3200 l'unc

113 3233 188 3289 enirn
201 3247 219 3288 a
233 3241 345 3305 pastore
361 3233 497 3289 Ecclesiae
512 3233 682 3305 dispensatio
697 3233 742 3304 pia
763 3240 789 3288 et
815 3231 923 3287 miseri·

113 3320 234 3378 corditer
246 3319 305 3376 deri
319 3321 448 3389 creditur,
465 3337 528 3377 cum
548 3322 653 3394 aliquid
676 3322 767 3376 minus
797 3321 920 3392 periente

113 3410 150 3466 ad
169 3418 278 3483 tempus
303 3409 335 3464 lit
349 3410 386 3465 ab
400 3410 447 3466 illc
470 3410 513 3466 rel
537 3408 597 3466 fieri
611 3411 784 3482 permittitur,
801 3425 856 3466 nou
874 3426 923 3466 vc-

114 3497 222 3553 lnntate
246 3512 307 3565 sna,
336 3496 386 3552 sed
400 3496 518 3553 aliorum
547 3497 720 3562 necessitate,
747 3513 782 3553 ne
801 3497 828 3552 in
849 3497 918 3569 ipsis

112 3586 245 3642 videlieet
269 3583 338 3641 fides
367 3585 519 3641 Christiana
546 3586 726 3658 periclitetur.
757 3586 803 3643 Sic
830 3586 915 3659 igitur

114 3674 245 3731 iacienda
272 3682 313 3730 est
341 3673 510 3746 dispensatio
538 3674 572 3729 ab
602 3675 735 3740 Ecclesia,
758 3683 786 3730 ut
814 3690 923 3746 semper

114 3763 181 3820 fidei
193 3772 297 3820 nostrae
312 3762 413 3819 ueritas
426 3762 588 3830 instruatur,
606 3773 631 3819 ot
648 3764 671 3818 si
696 3763 761 3836 qnid
785 3763 864 3819 aliter
887 3763 922 3819 ad

113 3854 214 3908 hnrom
241 3851 342 3908 iactum
369 3850 450 3906 inerit
477 3850 519 3908 vel
547 3852 735 3923 permissum,
766 3859 921 3925 opportuno

114 3950 242 4014 tempore
257 3939 424 4012 corrigatur.
445 3941 500 3996 llas
515 3939 636 3997 discreta
651 3949 678 3997 et
690 3949 787 3997 sancte
807 3941 921 4012 dispen-

115 4029 285 4086 sationensi
315 4035 380 4085 sunt
406 4028 479 4084 beati
504 4029 621 4100 aposloli
651 4030 746 4085 Petrus
774 4037 801 4085 et
825 4030 922 4085 Paulus

115 4126 231 4190 propter
245 4124 349 4174 metum
362 4117 529 4184 ludaeomm,
545 4133 579 4173 ne
590 4118 642 4190 ipsi
656 4117 921 4174 scandalizarentur.

113 4207 185 4262 Nam
201 4205 299 4261 Paulus
315 4214 376 4275 post
390 4205 600 4262 conversionem
611 4206 785 4262 Timotheum
799 4206 920 4262 circum-

115 4295 207 4352 cisum
222 4294 288 4351 iecit
301 4300 329 4350 et
338 4297 518 4350 ceremonias
528 4295 610 4350 etiam
620 4295 919 4361 exercuitlndreorum3

115 4392 143 4440 et
159 4384 260 4440 Petrus
274 4381 365 4453 coegit
375 4382 509 4454 quosdam
518 4383 664 4440 iudaizare
674 4383 827 4456 gentilium.
839 4384 919 4439 Uter·
937 4396 963 4456 1)

115 4486 170 4544 qne
192 4479 306 4528 sancus
334 4470 477 4542 aposlolus
504 4471 636 4527 simulans
664 4488 695 4528 se
724 4472 825 4528 ueteris
851 4471 923 4544 legis

113 4569 392 4633 pmceptaseruare,
407 4575 441 4615 ne
466 4560 524 4631 qui.
539 4558 636 4617 fideles
664 4577 697 4616 en
727 4560 830 4617 ludoeis
859 4559 923 4617 iacti

114 4648 237 4716 inerant,
262 4656 421 4720 susceptam
445 4648 568 4704 ueritatis
592 4649 719 4705 notitiam
747 4649 923 4705 scandalizati

113 4746 260 4810 negarent.
277 4737 413 4794 Fecerunt
427 4737 480 4792 hoe
493 4737 581 4793 salicti
602 4736 719 4809 apostoli
748 4738 923 4795 misericordi

113 4836 145 4883 et
157 4828 203 4899 pia
215 4825 418 4898 compassione,
427 4841 482 4881 ncn
491 4825 668 4883 simulatione
679 4825 784 4894 lallani;
796 4827 921 4899 quamuis

113 4916 206 4988 legem
216 4914 468 4988 postErangelium
478 4931 533 4970 non
544 4931 606 4971 esse
617 4915 787 4971 servandam
811 4917 924 4972 minime

113 5003 286 5061 dubitarent.
307 5003 534 5060 Ubibeatissimea
557 5003 621 5061 ritae
650 5004 702 5060 viri
732 5004 924 5077 intelliguntur

114 5109 173 5150 non
186 5092 300 5167 quidem
309 5101 494 5148 commutasse
512 5093 595 5162 289
616 5093 770 5160 consilium,
805 5094 855 5149 sed
886 5092 924 5149 ad

115 5185 214 5239 lucram
229 5180 413 5254 proeliorum
428 5180 516 5236 salute
529 5197 586 5237 snae
596 5182 729 5238 doctrinae
739 5181 919 5240 sententiam.

115 5271 188 5326 Nam
202 5284 288 5341 super
302 5268 355 5325 hoc
369 5266 443 5340 quod
458 5267 510 5339 ipsi
524 5275 551 5324 et
565 5268 612 5323 alii
626 5268 708 5324 aliter
735 5268 869 5335 fecerant,
897 5276 924 5326 et

114 5375 148 5415 sc
162 5365 189 5413 et
202 5357 274 5414 alios
287 5363 385 5428 postea
398 5364 588 5413 correxerunt.
611 5359 727 5413 Possunt
744 5357 827 5413 etiam
837 5365 865 5413 et
876 5357 924 5414 de·

115 5448 183 5504 bant
205 5443 266 5502 fieri
292 5444 520 5517 dispensationes,
550 5446 651 5519 quibus
681 5446 870 5503 Ecclesiarnm
897 5457 925 5504 et

113 5533 354 5593 monasteriorum
392 5533 607 5592 consuetudines
651 5535 837 5605 immutentur,
872 5537 925 5594 sed

114 5626 164 5681 ubi
178 5621 352 5697 postponitur
366 5621 455 5679 minns
468 5622 581 5694 benum,
595 5631 626 5679 ut
648 5623 722 5695 qaod
751 5632 793 5681 est
820 5623 923 5683 melius

115 5713 289 5771 mantnunr.
308 5710 523 5771 inculcantem
533 5711 638 5773 matum
646 5710 925 5786 heridahetrelper·

981 405 1146 477 periclitetur
1160 405 1238 472 fides,
1254 414 1280 462 et
1294 405 1360 462 illud
1383 414 1445 478 post
1464 404 1575 461 modum
1602 400 1772 472 corrigatur.

980 495 1048 549 Nam
1063 495 1109 566 qui
1123 495 1194 549 mala
1203 494 1304 551 iaciunt
1313 503 1341 550 ut
1351 495 1462 552 veniant
1473 493 1554 560 bona,
1566 488 1777 561 hcrnmjustam

980 599 1042 639 esso
1056 584 1256 639 damnationem
1273 583 1370 639 Paulus
1385 583 1526 654 apostolus
1548 587 1729 652 protestatur.
1747 576 1777 633 Si

982 673 1044 745 quis
1058 688 1124 730 vero
1138 672 1215 728 aliter
1229 673 1255 726 in
1270 672 1397 729 Ecclesia
1412 669 1629 743 dispensationes
1639 666 1712 732 iacit,
1729 680 1777 720 ra·

982 760 1140 817 tionisimul
1157 768 1183 816 et
1198 760 1306 816 veritati
1330 760 1503 828 contradicit,
1531 773 1582 814 nec
1612 757 1700 812 solnm
1729 753 1773 808 lu-

981 865 1089 906 cernam
1102 850 1244 905 ardentem
1258 864 1312 904 ncn
1327 849 1419 916 habet,
1435 864 1531 906 rerum
1551 845 1636 902 etiem
1662 843 1776 898 aliorum

981 939 1111 996 ardentes
1120 937 1450 1011 exstinguil.Etideoncn
1464 944 1539 994 recte
1553 935 1653 991 dicitur
1675 930 1776 989 Christi

982 1028 1108 1094 sicarius,
1122 1027 1170 1083 sed
1186 1026 1240 1082 dux
1256 1034 1297 1082 est
1313 1042 1448 1084 caecorum
1463 1026 1522 1096 ipsc
1532 1039 1633 1082 mans.

1350 1178 1398 1233 Vl.

1020 1317 1083 1365 QUAE
1098 1318 1160 1357 nilla
1176 1317 1307 1357 ECCLESM
1317 1315 1494 1357 st‘rtctantrnn
1505 1312 1614 1353 HABERE
1629 1310 1729 1364 besan,

1233 1408 1269 1446 Αῐ)
1283 1405 1398 1446 ΕῊΜΒΕΝ
1414 1403 1515 1444 ΡΑΡΑΜ.

1014 1506 1138 1563 Ecclesia
1148 1522 1256 1578 semper
1270 1505 1411 1570 catholica,
1429 1504 1527 1573 libera,
1557 1509 1584 1557 et
1611 1506 1686 1555 easta
1714 1511 1776 1554 esse

979 1597 1071 1651 debet.
1087 1595 1237 1656 catholica.
1252 1596 1316 1667 quia
1330 1610 1381 1650 nec
1396 1592 1477 1650 rendi
1501 1592 1593 1660 debet,
1619 1603 1670 1644 nec
1694 1587 1748 1642 emi
1766 1605 1773 1654 ;

942 1674 1076 1751 Bilbern,
1091 1683 1153 1755 quia
1168 1682 1294 1739 seculari
1309 1682 1436 1754 potestati
1460 1696 1514 1736 non
1540 1678 1624 1734 debet
1651 1674 1750 1744 subjici
1767 1691 1774 1737 ;

976 1781 1062 1839 casta,
1079 1772 1143 1845 quia
1157 1772 1313 1827 nullatenus
1329 1770 1411 1827 debet
1434 1767 1597 1824 muneribus
1624 1762 1775 1835 corrumpi.

977 1861 1091 1931 Quando
1097 1860 1167 1916 enirn
1177 1860 1300 1917 Ecclesia
1310 1859 1437 1917 venditur
1451 1858 1494 1914 vel
1505 1855 1614 1919 emitur,
1628 1859 1777 1910 evacuatur

976 1950 1054 2016 tides,
1071 1949 1133 2020 quia
1147 1949 1219 2021 quod
1234 1947 1448 2019 incomparabile
1463 1946 1563 2002 lactum
1586 1950 1627 2000 est
1656 1957 1673 1996 a
1701 1941 1772 2008 Deo,

976 2039 1010 2093 ab
1024 2038 1134 2095 homine
1148 2037 1302 2110 comparari
1311 2052 1392 2109 posse
1402 2038 1561 2093 aestimetur.
1580 2033 1717 2087 Praeteree
1728 2027 1773 2100 qui

977 2127 1069 2183 uvennit
1092 2126 1254 2193 Ecclesiam,
1279 2125 1408 2196 cupidum
1428 2124 1527 2180 tudam
1561 2120 1700 2185 imitatnr3
1729 2114 1775 2188 qui

977 2226 1065 2273 antem
1083 2217 1166 2286 290
1179 2216 1244 2271 emit
1258 2215 1344 2282 illam,
1360 2213 1502 2269 iudaicam
1525 2209 1666 2266 avaritiam
1691 2213 1776 2262 secta-

977 2313 1032 2360 tur.
1053 2305 1139 2360 ludas
1155 2304 1248 2377 ntique
1262 2304 1410 2376 cupiditate
1426 2300 1546 2358 vendidit
1564 2298 1701 2354 Christum
1729 2294 1776 2368 qni

977 2401 1019 2451 est
1033 2400 1114 2466 caput
1128 2393 1271 2460 Ecclesiae,
1287 2401 1315 2450 et
1323 2392 1411 2449 ludaei
1420 2389 1535 2447 avaritia
1545 2394 1671 2444 emerunt
1681 2384 1771 2439 illum.

978 2482 1094 2552 Quando
1109 2498 1175 2539 uero
1189 2482 1314 2538 Ecclesia
1328 2480 1453 2538 seculari
1468 2475 1595 2552 potestati
1619 2473 1771 2545 subjicitur,

904 2598 906 2604 ·
978 2588 1038 2645 quae
1053 2580 1116 2627 ante
1129 2571 1241 2627 domina
1263 2577 1329 2636 erat,
1351 2568 1451 2626 ancilla
1474 2567 1616 2633 sllicitum
1640 2571 1667 2621 ct
1693 2576 1777 2635 qnam

978 2659 1102 2718 Christus
1117 2660 1249 2716 Dominus
1263 2659 1375 2716 dictauit
1389 2658 1417 2713 in
1439 2672 1530 2722 cruce,
1558 2662 1585 2711 et
1610 2651 1690 2725 quasi
1713 2664 1778 2722 prc-

978 2749 1043 2821 priis
1058 2748 1184 2804 manibus
1199 2749 1234 2804 de
1256 2747 1392 2819 sangnine
1419 2761 1470 2801 suo
1501 2742 1624 2815 scripsit,
1654 2741 1776 2798 chartam

979 2837 1113 2895 libertatis
1142 2837 1252 2893 amittit.
1291 2838 1366 2892 ilaue
1389 2834 1462 2891 enim
1487 2831 1623 2889 libertatis
1651 2828 1777 2885 chartam

979 2926 1101 2982 Christus
1114 2925 1261 2981 vindicarit
1274 2925 1303 2979 in
1317 2940 1408 2990 cruce,
1421 2932 1446 2978 et
1457 2938 1513 2978 snae
1524 2934 1635 2990 spcusae
1645 2915 1779 2973 aeclesia

937 3036 962 3099 C
980 3014 1221 3086 persemetipsum
1236 3012 1321 3079 dedit,
1337 3021 1366 3068 ut
1381 3011 1506 3067 homines
1520 3008 1589 3065 alios
1610 3022 1659 3077 per
1683 3019 1780 3076 pecca·

976 3119 1033 3158 rum
1053 3103 1139 3159 laetos
1154 3101 1257 3157 diaboli
1272 3116 1378 3165 seruos,
1396 3100 1457 3170 ipsa
1469 3097 1556 3154 libera
1569 3096 1675 3152 liberos
1690 3091 1779 3149 stilai

978 3192 1048 3248 filios
1064 3191 1179 3260 iaceret,
1190 3199 1216 3246 el
1227 3205 1303 3255 snos,
1311 3189 1357 3262 qni
1366 3189 1417 3244 sibi
1432 3188 1581 3261 diligenter
1588 3183 1736 3247 servirent,
1750 3187 1780 3237 et

977 3290 1106 3351 tanquam
1121 3281 1199 3337 bouae
1213 3281 1293 3335 matri
1308 3279 1400 3335 devoti
1410 3277 1458 3333 lilii
1470 3275 1608 3331 humiliter
1618 3271 1774 3329 obedirent.

976 3370 1055 3426 Tunc
1069 3371 1151 3425 etiem
1162 3369 1292 3425 Ecclesiae
1311 3368 1425 3425 castitas
1454 3364 1564 3423 omnino
1594 3361 1772 3434 periclitatur,

975 3473 1038 3515 curn
1051 3458 1234 3528 corrumpitur
1248 3458 1306 3528 ipsa
1321 3455 1480 3512 muneribus
1495 3463 1521 3510 el
1537 3470 1570 3509 er
1585 3460 1659 3508 casm
1675 3456 1702 3506 et
1718 3448 1777 3504 rir-

975 3549 1040 3620 gine
1055 3563 1155 3619 sponsa
1170 3547 1289 3614 Domini,
1307 3545 1387 3618 quasi
1403 3544 1501 3600 mulier
1514 3542 1625 3614 publica
1638 3537 1777 3596 veraciter

975 3636 1047 3693 lacta
1060 3636 1240 3708 dignoscitur.
1257 3636 1316 3691 lloc
1330 3634 1402 3690 enim
1419 3641 1461 3689 est
1476 3630 1616 3704 proprium
1642 3625 1775 3684 meretri-

975 3725 1025 3792 cis,
1041 3734 1069 3780 nt
1083 3741 1185 3796 sempe:
1205 3724 1255 3779 sub
1271 3724 1357 3796 pretio
1373 3723 1523 3793 redigatur.
1550 3721 1615 3775 llaec
1637 3716 1687 3773 tria
1716 3730 1778 3787 quas

975 3814 1106 3883 diximus,
1123 3813 1234 3885 proprie
1261 3812 1373 3885 propria
1397 3809 1524 3868 Ecclesia
1545 3809 1646 3864 habere
1669 3805 1775 3871 debet;

976 3919 1092 3974 qnorum
1116 3918 1199 3957 unum
1228 3901 1252 3957 si
1280 3900 1405 3967 deluerit,
1435 3899 1504 3955 ialso
1542 3896 1651 3953 nomine
1677 3892 1778 3949 dicitur

976 4007 1077 4062 sponsa
1092 3990 1192 4046 Christi
1208 4005 1215 4060 ;
1233 4005 1293 4061 quae
1307 3989 1381 4045 velut
1397 3985 1550 4059 paralytica
1563 3986 1645 4054 jacet,
1663 3996 1716 4036 nec
1741 3979 1777 4034 li-

974 4079 1069 4151 gandi,
1085 4094 1137 4135 nec
1151 4077 1274 4134 solvendi
1285 4083 1447 4149 potestatem
1460 4075 1554 4130 habet.
1565 4072 1635 4126 Nam
1649 4068 1775 4125 Christus

975 4167 1166 4240 pasterbonus
1177 4181 1304 4238 sponsam
1316 4164 1425 4221 fidelem
1436 4161 1542 4236 quaerit,
1553 4157 1660 4230 respuit
1671 4155 1773 4211 inlude-

975 4255 1040 4321 lem,
1059 4256 1172 4312 liberam
1189 4253 1240 4310 sibi
1264 4253 1359 4323 sociat,
1383 4251 1476 4326 adjicit
1504 4248 1641 4314 ancillam,
1671 4253 1775 4303 castum

978 4341 1076 4414 diligit,
1093 4339 1151 4396 odit
1165 4346 1333 4411 corruptam,

1353 4478 1411 4534 l'tl.

1194 4606 1274 4675 291
1292 4619 1327 4658 ora
1342 4618 1414 4658 laea
1426 4617 1570 4659 remnants.

978 4738 1119 4865 chiidna
1137 4738 1347 4796 l'indccinensir
1361 4738 1529 4794 monosterii
1541 4736 1658 4792 hnrrrilis
1668 4749 1775 4799 serane,

1013 4812 1126 4865 illectis
1139 4811 1171 4865 tn
1188 4810 1301 4866 Christo
1325 4809 1473 4881 discipulis
1498 4806 1644 4862 llantelinc
1665 4809 1693 4860 et
1716 4807 1775 4858 Arr-

1012 4882 1095 4940 tlrcrr.
1112 4883 1184 4937 burte
1196 4882 1340 4954 principio
1354 4885 1431 4937 sorte
1447 4878 1557 4934 rnelicri
1566 4877 1736 4932 terminare.

1014 5004 1104 5060 llnltis
1119 5020 1152 5061 ac
1167 5003 1283 5059 dirersis
1297 5002 1402 5059 artibus
1417 5000 1511 5058 saeculi
1533 4997 1652 5065 deditus,
1684 4998 1777 5055 iratri-

979 5093 1038 5158 bus,
1056 5109 1126 5165 quos
1144 5109 1212 5148 mere
1241 5090 1438 5163 imperfectioni
1465 5088 1558 5144 dirina
1578 5088 1704 5159 patientia
1733 5104 1777 5144 re·

976 5181 1083 5251 gendes
1098 5180 1245 5250 commisit,
1264 5179 1343 5253 loqui
1357 5178 1400 5234 uel
1414 5179 1536 5235 scribere
1547 5194 1608 5249 qnae
1622 5177 1712 5234 debeo
1723 5194 1777 5233 uun

977 5285 1102 5342 possum.
1119 5271 1224 5327 iustum
1247 5275 1340 5324 temen
1361 5275 1402 5324 est
1428 5266 1499 5323 relle
1527 5265 1615 5341 magis
1643 5267 1777 5337 prodesse

979 5374 1059 5430 quam
1075 5373 1194 5430 praeesse
1210 5376 1217 5423 ;
1235 5373 1284 5414 nec
1297 5364 1438 5429 pastorem
1453 5355 1587 5413 Ecclesia
1598 5355 1678 5412 decet
1687 5356 1779 5411 minus

978 5449 1014 5503 de
1027 5447 1115 5504 salute
1129 5447 1281 5502 animarum
1295 5461 1376 5519 qnam
1389 5445 1424 5501 de
1435 5460 1527 5503 rernm
1541 5443 1778 5500 administratione

980 5551 1042 5593 esse
1056 5536 1215 5593 sollicitum.
1234 5535 1322 5602 Unde,
1339 5534 1404 5593 licet
1418 5535 1529 5591 animus
1552 5549 1630 5590 meus
1648 5547 1700 5604 prc
1727 5544 1779 5588 sna

978 5625 1177 5683 eonsuetudmc
1191 5623 1264 5682 circa
1277 5623 1331 5681 alia
1344 5632 1512 5686 versaretur,
1530 5622 1617 5688 robis,
1633 5636 1704 5692 cuca
1714 5634 1779 5691 spa·

978 5711 1083 5773 cialiter
1095 5714 1334 5797 diligentiam
1356 5713 1392 5771 ad
1415 5710 1633 5773 consolationem
1654 5716 1783 5767 uestram
