3780 6038
107 258 143 311 id
896 250 974 307 t'tTl
1729 258 1762 313 3⁰

106 379 287 439 liurelsordos
299 382 444 453 codrides,
460 382 592 449 loannes,
605 382 731 451 liupones
746 383 775 435 el
785 379 856 435 otios
873 379 939 435 :sed
954 392 1101 449 nunnuorn
1118 395 1207 452 noque
1222 380 1381 447 nobiliores,
1393 397 1481 453 neque
1493 400 1636 440 orrnornru
1647 384 1763 456 nuiple·

104 476 182 531 tulis
192 478 472 547 plerissillnslrs'ores,
484 494 569 550 quom
578 476 725 533 Borionios
733 496 741 528 :
749 480 780 531 ul
789 477 987 534 luntoscils'ecl
995 477 1243 537 celerislondibus
1250 486 1460 554 procellerent,
1470 488 1576 558 qnonlo
1586 486 1655 557 repii
1662 504 1764 559 prero-

102 576 201 645 ontiuo
216 576 535 646 sorspuiniroulcilunt.
552 575 628 632 Unde
636 590 693 630 nou
703 575 766 629 sinc
778 574 871 630 dioino
880 575 997 647 quodum
1009 576 1126 632 consilio
1134 578 1244 648 [siclum
1255 580 1380 652 uidetur,
1389 586 1422 637 nl
1437 582 1648 640 vindocinensis
1663 585 1761 654 lsonor,

106 674 192 742 sepire
201 672 344 744 quorsdssm
353 672 529 729 lsaereditotis
540 674 642 743 portio,
659 671 955 729 cnrndosninosnnleo
968 678 1198 746 supensulnssel,
1207 694 1239 733 uc
1247 682 1419 753 persinpulu
1428 683 1488 752 sure
1498 683 1634 739 consitum
1644 700 1763 739 suorum

105 772 206 843 capitu
224 772 355 843 somilios
365 772 547 838 ollernossct,
557 773 587 827 in
602 773 654 827 lsoc
672 770 1254 843 tnndcmntsiiilsonorifictscisortnnoto
1266 778 1354 847 rcpnli
1365 778 1714 849 slis-pecononicrit:ourn
1728 781 1763 835 nir

107 869 221 925 loonne
230 868 365 925 Borlonio
373 867 505 924 vorclsisn
514 870 628 933 comite,
640 866 777 940 qninluui
789 867 834 922 tui
843 866 1025 937 nlnuussuil,
1037 885 1089 941 per
1098 887 1180 942 orons
1190 874 1327 929 comitum
1339 874 1586 932 vindocinensium
1599 877 1715 946 sosssilio
1728 877 1761 932 in

110 964 397 1023 Bnrboniorninscrto
406 971 458 1032 cst,
466 966 503 1022 nd
511 966 664 1023 ilenricnm
673 980 760 1037 usone
771 965 813 1030 lv,
824 969 936 1036 putrem
945 969 1037 1031 tunm,
1050 982 1147 1037 nepum
1153 969 1342 1037 fortissimum
1351 975 1379 1026 ct
1390 972 1653 1041 clementissimum,
1666 975 1763 1031 Borio-

109 1067 228 1121 niorum
242 1065 387 1121 vindocini
392 1066 556 1137 principum
566 1068 686 1120 stemma
695 1067 771 1119 recto
779 1067 956 1135 ornuspnan
966 1063 1130 1135 interrupto
1140 1065 1211 1120 serie
1225 1066 1359 1121 decurret
1368 1074 1609 1138 :ouosornnrsout
1618 1071 1763 1127 srsmmiin

112 1164 283 1236 Gniliopesti
292 1164 489 1234 monistrolus,
499 1164 763 1233 administraturus
772 1161 935 1234 provincius,
946 1163 997 1214 nui
1009 1161 1197 1233 triumphales
1208 1162 1325 1219 deuictis
1341 1164 1466 1220 lsosliirus
1476 1164 1594 1232 adorsos,
1611 1173 1662 1222 nui
1677 1170 1762 1240 pnrln

109 1262 232 1334 denique
243 1263 286 1318 rel
296 1266 419 1319 luterem
430 1264 472 1318 nei
482 1264 558 1317 cuitu
569 1260 865 1333 repnnrroiiliiorunl.
874 1258 1091 1331 Ecouoquidem
1098 1276 1226 1331 prresnpn
1236 1260 1293 1324 iarn
1304 1266 1399 1317 snerslo
1408 1264 1538 1319 sentiunt
1550 1265 1761 1323 vindocinenses

110 1360 164 1425 tui,
174 1376 228 1432 quo
241 1362 539 1432 iensnjorurnlnornm
554 1359 655 1415 decoro
668 1358 854 1432 ooceut:quisl
865 1357 1085 1427 sibiecpnleruo
1095 1357 1272 1427 drth'ndicio
1281 1359 1416 1430 spondere
1425 1360 1543 1416 debcant
1553 1378 1560 1423 ;
1569 1362 1635 1430 qnid
1644 1363 1762 1434 posteris

110 1459 170 1514 iuis
184 1458 334 1513 vindocini
343 1460 453 1529 fulseris
461 1456 700 1528 ducilossquilus
713 1460 850 1513 uiuorum
860 1455 1004 1526 [omilium
1014 1455 1214 1524 noctsnouonr
1222 1459 1515 1530 eiium‚qnodrclrssio
1524 1460 1581 1515 lrcrc
1588 1461 1696 1516 indoles
1712 1464 1763 1517 tun

108 1552 1763 1630 pollicetur,odirnrnortoiernnominis[umornilcroslcndcs.Gollridusoor·onoster,sindoitnnsr·estiret,ouursloperc

109 1650 357 1724 silioperiisuupuc
366 1653 425 1707 suis
434 1658 459 1707 te
464 1652 646 1723 potissimum
655 1650 725 1707 duce
735 1651 826 1706 lucem
835 1649 976 1707 redditum
982 1654 1178 1721 protolaretur
1191 1652 1265 1709 toul
1276 1656 1358 1725 cujus
1368 1654 1561 1726 illorruspioiis
1580 1656 1763 1728 inpellieuns

110 1749 312 1819 ecircmnlict,
329 1764 413 1821 quum
425 1749 530 1813 luis,in
540 1748 792 1820 cniusipsetutelo
804 1751 833 1804 et
849 1750 1018 1820 patrocinio,
1034 1750 1182 1819 sioioerrt,
1197 1751 1446 1807 uersareturvi'od
1461 1753 1511 1808 tili
1524 1760 1662 1824 pretereo
1678 1752 1762 1811 debc-

110 1848 227 1903 lonlur.
235 1847 308 1903 dnm
317 1847 955 1919 sisundidonsinnmlrnclussequnntur,quis
967 1862 1025 1902 non
1034 1846 1261 1920 inteltiputppnod
1268 1850 1297 1904 in
1310 1849 1761 1919 vindocinensiolirnoprosotnm,

111 1950 269 2016 notumque
279 1946 329 2010 sit,
342 1944 395 2000 tili
406 1945 456 2000 uni
465 1942 568 2011 deleri,
577 1944 612 1998 ssd
626 1959 709 2014 quern
720 1944 832 2015 inleoru
845 1944 988 2000 vindocini
1000 1949 1136 2017 possessio
1149 1949 1371 2020 ptenoncsolido
1387 1950 1454 2020 jure
1470 1953 1616 2020 transfuso
1633 1950 1697 2005 est?
1711 1950 1763 2005 lloc

110 2058 173 2112 erqo
186 2056 297 2112 mopere
308 2042 370 2112 p'usn
381 2041 496 2110 fiducie,
505 2057 558 2113 qno
564 2042 687 2111 justiore
705 2041 842 2112 obsequio,
858 2042 894 2096 sul
905 2046 1003 2098 locum
1012 2050 1168 2115 proxeneta
1188 2062 1237 2102 suo
1247 2062 1324 2102 nune
1343 2049 1602 2118 ncnitsropssntque
1628 2047 1739 2118 puriter
1752 2067 1763 2114 ‚-

111 2140 179 2211 ipse,
191 2143 224 2195 ul
236 2139 313 2194 liuns
323 2141 383 2209 eius
393 2139 503 2211 inperiti
512 2140 765 2212 sotrsmipsinsoice
774 2142 877 2211 poeseos,
888 2142 994 2213 ctouod
1002 2142 1289 2211 jnroliolimcomiles
1304 2144 1523 2201 vindocinenses
1530 2147 1701 2200 monasterio
1712 2160 1763 2202 csso

108 2236 273 2307 presidium
283 2236 504 2309 spoponderunt,
515 2237 644 2293 istratum
655 2254 688 2293 oo
695 2240 864 2310 perpetuum
873 2253 932 2295 csse
941 2239 1008 2294 uelis
1017 2259 1025 2303 ‚·
1035 2255 1092 2311 epo,
1102 2242 1134 2295 nl
1143 2243 1227 2294 trrsue
1236 2239 1285 2296 lsoe
1295 2239 1436 2310 specimen
1445 2240 1541 2310 officii,
1549 2239 1585 2294 od
1595 2238 1764 2294 deditissiml

109 2334 458 2391 nnimiouctorousentum
463 2333 593 2407 placidus
599 2334 1158 2417 recipias:scissiliornpucordinisriustri
1166 2336 1338 2405 uniuersum,
1347 2338 1557 2409 poterrsilsserrs
1565 2336 1699 2409 currendi,
1709 2352 1764 2409 quo

109 2432 204 2503 ipsum
217 2432 304 2499 eides,
315 2432 501 2505 benipnilole,
509 2434 715 2505 cterrssntsoquo
727 2438 836 2489 lucore.

297 2557 503 2615 illustrissime
516 2558 548 2612 nl.
567 2559 593 2615 l.

981 2629 1181 2696 Deditissimus.

1069 2730 1186 2785 incubus
1195 2728 1365 2799 sirmondus,
1378 2732 1601 2788 Socictntisiesu.

805 3057 1042 3160 LECTORI

150 3337 265 3393 Gelliisli
286 3339 402 3407 alsbatis,
424 3343 496 3413 quod
517 3343 579 3412 jure
593 3344 709 3411 mireris,
728 3358 816 3414 neusse
837 3341 910 3414 upud
923 3342 953 3405 A
967 3348 1020 3396 tur.
1037 3341 1176 3413 Epistulas
1193 3341 1228 3395 ab
1243 3339 1380 3411 opusculis
1403 3348 1429 3395 et
1456 3338 1626 3394 sermonibus
1640 3337 1762 3408 sejunxi·

115 3426 226 3482 illorum
254 3436 407 3499 temporum
422 3431 579 3500 historicos,
603 3450 692 3505 nequo
704 3433 775 3504 apud
791 3446 839 3487 eos
867 3431 913 3502 qui
968 3446 1041 3484 mus.
1062 3431 1193 3485 Permistn
1222 3431 1294 3485 enim
1313 3428 1466 3484 etoonluss
1483 3429 1509 3482 in
1539 3436 1656 3501 utroque
1685 3436 1763 3483 erunt

113 3523 210 3571 nostrus
238 3517 281 3573 sel
310 3533 421 3573 avorum
437 3522 568 3576 memoris
591 3520 732 3576 illustrium
750 3521 913 3590 scriptorum

113 3605 222 3660 indices
237 3614 388 3675 texuerunt,
401 3607 456 3663 ullus
471 3626 585 3682 usquam
601 3619 641 3665 est
656 3609 768 3664 mentio.
779 3609 847 3664 Huic
862 3623 913 3663 nos

113 3693 224 3749 silentio
240 3702 268 3748 ut
281 3694 374 3766 aliisue
384 3711 417 3751 ex
431 3706 508 3767 parte
526 3699 709 3763 mederemur,
726 3699 787 3753 vitae
802 3697 913 3752 brevis-

115 3781 188 3835 risun
203 3797 236 3837 ex
252 3782 311 3851 ejus
325 3784 409 3854 ipsius
417 3785 540 3855 epistolis
553 3787 715 3857 collegimus
725 3803 731 3841 :
742 3795 798 3841 tusn
809 3785 914 3856 aliquot

114 3870 248 3942 deinceps
263 3872 384 3939 ejusdem
398 3874 449 3929 aesi
464 3874 727 3945 deillolestimonis‚
739 3874 914 3929 inditoetiam

115 3959 253 4015 Francisci
267 3960 412 4017 Turrensis
426 3964 512 4018 nostri
528 3963 619 4038 elogio
637 3984 644 4029 ;
662 3965 738 4033 eujus
763 3962 914 4036 diligentins

113 4038 290 4121 πολυστορίαν
305 4050 419 4107 Goffridi
434 4052 537 4124 Opere,
555 4069 615 4124 quae
631 4060 747 4109 oisteros
762 4051 914 4125 iugisscvi·

112 4137 260 4205 debentur,
272 4139 382 4195 minime
396 4143 581 4197 latueruntln
597 4142 716 4199 editione
731 4159 816 4214 porro
830 4144 913 4199 odos-

113 4227 201 4281 nsndn
214 4227 286 4283 binis
295 4229 495 4301 exemplaribus
512 4231 630 4303 antiquus
645 4240 671 4287 et
685 4232 779 4304 probae
795 4240 913 4304 utroque

112 4324 184 4371 notae
200 4315 243 4370 usi
252 4334 360 4373 sununs.
381 4318 559 4390 Nnmprseter
572 4322 816 4386 commissionum,
840 4320 912 4393 quod

113 4406 171 4459 eS.
190 4405 261 4460 l’etsi
282 4406 317 4461 de
341 4406 450 4462 Cultura
466 4409 592 4464 coeuolsio
615 4409 688 4465 nacti
707 4411 765 4478 jnns
791 4426 911 4480 eramus,

112 4492 229 4547 alterum
244 4492 325 4548 nobis
339 4496 529 4550 emonnstosio
544 4513 593 4552 suo
610 4497 794 4568 suppeditavit
808 4497 912 4569 prolixa

114 4588 140 4634 et
150 4581 299 4653 singularis
322 4583 355 4638 D.
373 4583 511 4640 Michaelis
527 4585 632 4640 Subleti
656 4587 761 4641 abbatis
782 4586 911 4642 Vindoci-

113 4670 206 4725 ncnsis
227 4672 397 4728 humanitus.
419 4672 467 4729 Cui
482 4674 595 4746 quidem
616 4676 748 4746 opusculo
769 4676 835 4742 dno,
860 4689 950 4753 xusB

113 4773 221 4830 nempe,
235 4775 268 4816 ao
283 4761 500 4833 xssudcbemus,
513 4763 607 4836 quaein
619 4765 705 4821 altero
716 4764 910 4821 desideraban-

967 3519 1067 3574 omnia.
1081 3519 1134 3575 Sed
1150 3519 1176 3572 in
1191 3519 1323 3588 epistolis,
1341 3518 1402 3589 quin
1417 3518 1444 3571 in
1458 3517 1553 3573 codice
1571 3516 1762 3572 vindocinensi

968 3625 1111 3678 perpaucis
1137 3612 1232 3662 esunt.
1264 3608 1517 3662 Cenonsnnnensem
1545 3606 1630 3662 secuti
1645 3620 1761 3660 sumus:

968 3696 1064 3751 ordine
1078 3696 1157 3751 etium
1178 3695 1288 3761 intacto,
1317 3696 1374 3750 nisi
1388 3695 1462 3766 quod
1489 3693 1620 3764 epistolas
1647 3694 1761 3766 aliquot,

968 3790 1118 3857 qusnexteu
1139 3785 1273 3849 ordinem,
1298 3792 1391 3855 utpote
1415 3791 1476 3855 post
1505 3782 1628 3854 primum,
1655 3782 1761 3853 opinor,

968 3873 1158 3930 collectionem
1174 3889 1188 3926 a
1202 3870 1449 3942 (soffridoscriptse,
1466 3871 1535 3926 iuter
1549 3870 1617 3925 elios
1631 3877 1763 3927 truciores

969 3971 994 4018 ct
1008 3977 1150 4018 sermones
1163 3976 1266 4032 spsrsae
1276 3960 1439 4033 legebantur
1449 3959 1560 4031 (quibus
1575 3965 1601 4013 el
1615 3959 1762 4014 asteriscos

968 4052 994 4106 in
1010 4051 1109 4117 indice,
1130 4059 1156 4104 ut
1179 4051 1217 4104 tui
1241 4065 1350 4121 quoquc
1373 4049 1426 4103 sint
1450 4047 1557 4116 judicii,
1586 4045 1762 4119 praelusimus)

967 4140 1024 4195 suis
1034 4153 1155 4211 (suasque
1178 4138 1246 4192 locis
1258 4138 1293 4191 ad
1307 4145 1422 4193 cretosus
1444 4134 1609 4203 adjecimus:
1621 4142 1762 4206 totumque

967 4238 1141 4298 utrarumque
1157 4241 1257 4296 corpus
1286 4226 1391 4280 levandi
1408 4223 1508 4279 fastidii
1521 4223 1608 4296 grstia
1621 4223 1648 4277 in
1677 4223 1763 4278 libros

967 4315 1085 4388 quinque
1100 4314 1190 4386 partiti
1213 4330 1307 4368 sumus
1324 4331 1330 4367 :
1347 4329 1409 4369 cum
1423 4312 1573 4368 lectoribus
1600 4312 1762 4385 plerumque

966 4405 1038 4459 idem
1048 4404 1120 4475 quod
1150 4404 1201 4458 iter
1216 4402 1376 4458 iacientibus
1391 4400 1502 4458 evenire
1525 4399 1621 4465 soleat,
1652 4399 1760 4472 quibus,

967 4502 995 4549 ut
1008 4492 1190 4547 liumatinnus
1200 4490 1237 4546 sit
1254 4505 1260 4544 :

1054 4645 1209 4700 listerunttn
1223 4644 1273 4700 nto
1283 4645 1365 4715 sessis
1375 4648 1512 4716 prueslnre
1519 4644 1639 4708 uidetur,

1096 4734 1147 4803 Qui
1158 4733 1505 4805 nointinscriptsssmillio
1515 4732 1696 4803 mssllnlupis.

116 4932 1754 4959 mmm-⁸¹⁸·-

593 5029 598 5038 ’
673 5084 984 5237 uossnsns
1028 5082 1208 5203 usus.

109 5380 235 5439 Goiirido
258 5382 347 5455 patric
373 5382 423 5439 luit
440 5382 469 5439 in
496 5381 655 5455 ludegasis
672 5400 678 5438 :
695 5398 783 5457 genus
806 5382 909 5439 clarum

107 5470 140 5525 in
155 5470 416 5543 numinenumine,
438 5472 511 5545 quod
525 5471 627 5528 indicet
640 5471 700 5541 eius
723 5471 837 5545 epistola
852 5476 869 5529 t
884 5480 911 5529 ct

106 5558 181 5627 ulie,
196 5558 224 5615 in
239 5558 339 5633 quibus
359 5560 523 5620 lininnldum
550 5559 687 5617 Credonis
707 5559 857 5630 dominum,
883 5567 911 5619 et

107 5646 272 5707 linuriciusn
295 5650 354 5721 ejus
372 5648 457 5707 illium
477 5647 701 5721 consanguineos
720 5665 785 5708 suos
813 5657 906 5708 vocnt.

105 5734 254 5794 Educstus
273 5738 462 5797 ulimmerio
488 5736 683 5799 orchidineono
705 5740 907 5813 Andegsrsnsi

965 5383 1152 5457 magistroque
1166 5396 1231 5435 usus
1246 5378 1403 5448 Guillelmo,
1420 5379 1454 5434 ud
1470 5395 1550 5452 sunem
1565 5378 1635 5435 libro
1651 5394 1678 5433 ss·
1689 5376 1760 5435 scri·

965 5471 1005 5527 bit
1018 5488 1026 5543 ;
1038 5472 1125 5543 prima
1138 5478 1216 5526 aetnte
1230 5470 1303 5526 inter
1311 5466 1462 5525 monachos
1479 5468 1685 5525 vindocinensis
1699 5481 1760 5523 sno-

964 5560 1088 5629 nsstcrii,
1109 5560 1182 5633 quod
1207 5557 1348 5616 Goilridus
1376 5557 1517 5613 darsellus
1545 5572 1638 5613 comes
1665 5553 1760 5629 peusis

963 5657 1026 5707 unte
1045 5648 1124 5705 annis
1149 5648 1177 5703 in
1200 5650 1349 5705 Carnutum
1373 5644 1473 5701 linibus
1494 5645 1629 5713 fundarat,
1659 5656 1760 5701 nomen

963 5740 1051 5800 dedii.
1070 5738 1128 5798 Nec
1141 5738 1228 5797 multo
1242 5733 1724 5815 post,ussitiusudisunns'ssscsiss,
1737 5738 1776 5781 ss,
