3780 6038
195 234 264 289 1103
762 227 934 286 waltttssttt
952 228 1095 286 astatis
1114 231 1145 287 S.
1169 229 1278 286 otastt
1796 226 1852 283 tttt

194 355 337 427 sciplinam
354 360 462 409 ornant.
480 353 635 427 Argentum
660 354 849 426 AEgyptiorum
862 353 989 422 offerunt,
1005 355 1108 415 Acum
1127 371 1225 426 magna
1242 354 1399 412 difficultate
1413 355 1575 429 dignitates,
1592 353 1641 412 rel
1656 352 1795 427 quaelibet
1816 371 1853 410 cn

194 444 259 500 dum
274 441 431 500 secularem
446 441 628 516 eloquentiam
655 443 690 499 ad
706 444 846 500 utilitatem
861 442 993 500 Ecclesia
1047 442 1103 514 pits
1117 443 1281 515 assequitur,
1299 451 1325 498 et
1339 443 1494 515 pereadem
1510 443 1547 499 ad
1563 442 1624 497 ima
1638 440 1752 497 inferni
1765 441 1851 498 dinam

194 539 369 589 convertunt.
389 531 519 588 Gemmas
533 531 640 588 illorum
664 532 777 596 donant,
797 533 860 588 dum
881 542 993 589 seuten-
1047 531 1132 602 gitur.
1152 533 1236 599 Cujus
1260 547 1328 588 vero
1339 532 1419 603 jecur
1433 531 1524 589 rultnr
1537 531 1683 598 vescitur,
1715 539 1745 586 et
1773 529 1849 588 denua

194 628 246 683 tias
256 627 326 683 bene
336 626 455 699 prolatas
467 625 503 682 ad
512 626 728 684 exhortationem
739 628 923 699 proximorum
934 644 994 685 nar·
1047 629 1217 686 revirescere
1242 629 1335 700 fertur,
1351 638 1392 686 est
1406 630 1430 686 is
1458 631 1494 687 de
1520 630 1604 699 cujus
1633 628 1739 685 cordis
1752 627 1849 685 lurum

193 724 270 773 rant.
293 716 390 772 Vestes
409 731 503 771 eorum
527 713 653 783 offemnt,
674 716 736 771 dum
756 717 882 789 exempla
900 719 992 791 genti·
1047 717 1178 788 pascitur,
1210 728 1234 774 et
1258 718 1363 790 expleta
1391 717 1628 791 coucupiscentia,
1663 717 1769 772 iterum
1786 717 1848 774 toda

194 804 260 862 lium
275 804 309 861 ad
334 804 513 860 imitationem
532 803 657 860 iratribus
675 805 811 861 relomnt.
835 807 865 860 ln
894 821 993 880 magna
1046 805 1130 862 libido
1139 806 1303 863 renascitur.
1320 807 1453 877 injecere
1463 807 1535 863 enim
1550 815 1596 864 est
1606 805 1845 878 concupiscentie

194 903 267 961 enim
283 903 365 960 domo
383 918 437 959 non
453 902 541 958 solum
560 918 627 959 vasa
645 919 727 960 aurea
739 912 766 959 at
779 911 920 976 argentea,
943 905 993 961 sed
1046 904 1137 960 vultur
1164 920 1230 961 vero
1253 913 1324 960 amat
1339 914 1508 963 mortuorum
1535 908 1699 962 cadavera.
1732 906 1772 962 be
1806 907 1847 963 bae

194 993 276 1050 etiam
293 992 384 1049 ferrea
398 999 425 1047 et
439 991 531 1048 fictilia
548 1001 611 1047 sunt
624 992 780 1048 necessaria
807 993 845 1063 (ll
859 995 928 1049 lira.
949 996 990 1065 u).
1045 1001 1122 1064 peste
1141 994 1239 1049 itemm
1263 992 1356 1051 dieunt
1376 995 1447 1067 quod
1482 994 1601 1051 Medusa
1627 994 1754 1068 egregia
1771 993 1846 1051 torma

192 1082 297 1138 Domus
311 1096 411 1154 magna
424 1087 465 1136 est
480 1079 614 1136 Ecclesia.
625 1080 696 1136 Vasa
710 1096 793 1137 aurea
808 1090 836 1137 et
849 1090 989 1154 argentea,
1044 1081 1178 1152 plurimos
1191 1081 1226 1137 ad
1238 1097 1361 1139 amorem
1375 1083 1417 1139 sui
1431 1083 1605 1140 incitaverit:
1632 1099 1703 1155 quae
1716 1098 1810 1139 omnes
1821 1100 1846 1140 sa

191 1186 260 1235 sunt
277 1194 361 1236 sacrae
392 1177 561 1234 auctoritatis
580 1177 732 1234 volumina.
757 1177 832 1234 Vasa
851 1177 941 1235 ferrea
965 1186 993 1235 et
1044 1178 1179 1236 intuentes
1193 1180 1219 1233 in
1234 1196 1301 1237 sara
1314 1181 1530 1238 commutaverit.
1555 1181 1599 1237 De
1621 1182 1711 1250 buius
1741 1181 1846 1238 iecisse

192 1267 288 1324 fictilia
303 1271 365 1322 sunt
380 1266 555 1323 secularium
570 1266 673 1338 scripta
688 1267 722 1321 ad
737 1268 877 1323 exteriora
891 1283 990 1323 neces·
1045 1266 1161 1324 Perseus
1175 1268 1336 1340 crystallino
1350 1270 1448 1342 clypeo
1461 1269 1592 1342 protexit,
1615 1286 1744 1342 eamque
1758 1269 1846 1327 saluto

192 1357 274 1412 saria.
292 1357 366 1412 Sicut
381 1356 454 1411 enim
469 1369 566 1411 aurum
581 1370 631 1426 per
645 1354 747 1411 terrum
761 1355 936 1427 splendescit,
951 1357 992 1413 sic
1045 1371 1110 1411 ense
1125 1357 1271 1413 interemit.
1291 1358 1356 1414 llaec
1370 1359 1469 1414 semina
1484 1367 1526 1415 est
1540 1359 1655 1414 luxuria
1671 1376 1738 1432 quae
1753 1375 1785 1415 se
1798 1358 1847 1415 ior·

191 1470 271 1511 sacra
286 1453 425 1524 Scriptura
440 1468 489 1524 per
507 1452 656 1508 seculares
671 1452 832 1524 disciplinas
847 1453 985 1526 fulgescit.
1043 1469 1148 1509 mosam
1164 1453 1242 1526 fingit
1268 1472 1320 1526 per
1334 1455 1473 1513 hominurn
1488 1465 1615 1529 pectora.
1647 1457 1707 1513 Sed
1723 1473 1755 1514 se
1768 1456 1848 1529 inspi-

189 1542 316 1598 l’raditur
330 1541 410 1597 etiam
426 1541 497 1613 quod
518 1540 622 1597 reversi
641 1556 658 1596 a
673 1542 830 1613 captivitate
859 1543 989 1614 templum
1043 1541 1146 1598 cientes
1160 1543 1186 1598 in
1202 1543 1308 1615 lapidea
1322 1553 1478 1610 commutat,
1494 1547 1559 1617 quia
1580 1546 1675 1603 corda
1690 1545 1849 1602 libidinoso·

191 1631 243 1687 Dei
258 1628 484 1686 reaedificaverint
500 1647 548 1701 per
562 1629 706 1701 pecuniam
722 1647 801 1702 quam
817 1632 889 1702 apud
904 1632 990 1702 Baby·
1044 1644 1104 1682 rum
1119 1644 1166 1698 per
1185 1627 1362 1685 dilectionem
1390 1630 1511 1686 indurat.
1539 1631 1584 1687 Ab
1602 1632 1661 1688 bae
1681 1648 1714 1688 se
1735 1632 1848 1688 Perseus

190 1729 291 1786 ioniam
308 1728 498 1800 acquisierint.
513 1728 592 1799 tlpud
604 1728 766 1800 Babylonios
778 1729 880 1800 captivi
895 1738 988 1785 tenen·
1001 1707 1027 1768 Β
1042 1725 1199 1795 crystallino
1214 1726 1311 1798 clypeo
1326 1727 1456 1801 protegit,
1470 1728 1532 1798 quia
1549 1728 1595 1783 vir
1611 1727 1698 1784 fortis
1712 1729 1847 1801 speculam

190 1828 233 1876 tur
247 1821 303 1891 qui,
318 1834 334 1874 a
349 1817 402 1872 lide
417 1817 557 1874 Catliolictt
582 1817 735 1887 deviantes,
750 1817 822 1888 apud
843 1819 987 1876 haereticos
1040 1813 1168 1869 virtutum
1193 1815 1340 1872 intendens
1373 1817 1409 1872 ab
1423 1816 1502 1887 hujus
1516 1817 1618 1873 intuitu
1636 1817 1747 1873 uultum
1762 1819 1847 1875 eorda

187 1909 370 1965 velasancto
390 1906 528 1979 proposito
542 1911 742 1977 apostatantes,
757 1907 828 1978 apud
839 1907 986 1963 seculares
1040 1903 1145 1958 avertit.
1175 1903 1284 1960 Faleato
1312 1921 1378 1962 ense
1405 1921 1463 1961 eam
1492 1905 1638 1975 interimit,
1668 1907 1737 1979 quia
1756 1908 1846 1964 timore

185 2006 213 2063 iu
229 2006 355 2078 captione
369 2004 523 2061 daemonum
535 2005 683 2060 habentur.
716 2002 768 2073 Qui
784 2005 806 2059 si
822 2005 879 2060 Deo
894 2006 986 2077 propi·
1040 2000 1133 2056 aeterui
1148 2001 1219 2073 ignis
1234 2017 1293 2056 earo
1317 2016 1333 2056 a
1352 2018 1381 2057 se
1402 2001 1533 2058 abscidit.
1557 2004 1641 2060 Unde
1658 2002 1766 2077 legitur
1780 2006 1845 2079 quod

186 2095 223 2151 tio
237 2095 272 2150 ad
287 2094 472 2159 Hierusalem,
488 2092 594 2148 scilicet
608 2093 642 2147 ad
654 2101 766 2148 matrem
779 2093 931 2150 Ecclesiam
944 2110 983 2150 re·
1040 2088 1151 2161 quidam
1166 2090 1273 2144 Petrum
1288 2091 1429 2162 parvulum
1444 2088 1572 2146 filiumin
1598 2109 1701 2149 memo
1715 2094 1844 2161 nutrierit,

185 2183 256 2240 versi
272 2183 382 2248 luerint,
398 2189 424 2237 et
439 2181 516 2236 utilia
530 2198 591 2253 quae
605 2180 670 2236 ioris
686 2180 838 2248 didicerint,
850 2180 885 2237 ad
900 2180 985 2237 aeuiti-
1039 2194 1120 2249 quem
1135 2178 1256 2233 adultum
1272 2178 1376 2233 luxuria
1392 2178 1553 2234 titillaverit.
1586 2181 1672 2238 Pater
1686 2191 1782 2239 autem
1792 2184 1845 2255 jus·

185 2280 323 2338 cationem
338 2278 526 2351 proximorum
536 2277 710 2350 protulerint,
722 2277 844 2349 prolecto
854 2279 985 2351 templum
1039 2277 1073 2330 sit
1086 2292 1147 2330 eum
1167 2276 1195 2330 in
1212 2292 1337 2331 eremum
1356 2276 1487 2334 secedere
1501 2286 1528 2333 et
1541 2277 1639 2334 solum
1656 2279 1777 2350 iejuniis
1790 2296 1845 2336 ora·

184 2370 244 2425 Deo
258 2385 292 2424 ex
307 2367 424 2440 pecunia
438 2374 607 2433 construunt,
625 2383 705 2436 quam
732 2367 805 2437 apud
819 2367 985 2440 Babylonios
1038 2364 1157 2420 tionibus
1171 2381 1206 2419 rr.
1218 2364 1315 2421 diebus
1326 2381 1441 2421 vacere.
1461 2365 1585 2438 Expletis
1601 2383 1677 2425 vero
1702 2387 1739 2425 xa
1755 2369 1846 2426 diebus

184 2455 284 2515 lucreti
300 2463 373 2512 sunt.
390 2453 499 2528 lulege
526 2469 633 2527 quoque
661 2454 817 2527 praeoipitur
830 2457 853 2511 si
867 2457 984 2528 populus
1039 2453 1105 2509 vidit
1120 2462 1218 2509 tetram
1228 2461 1255 2510 et
1269 2453 1349 2509 nimis
1359 2453 1478 2510 ltetidam
1489 2454 1638 2513 mulierem
1649 2458 1759 2514 nudam
1769 2474 1846 2531 super

183 2555 321 2613 civitatem
349 2553 498 2620 obsideret,
527 2551 666 2623 etaliquis
697 2553 815 2624 puellam
843 2555 982 2626 pulchram
1040 2552 1199 2616 seirruerc,
1221 2552 1298 2620 cujus
1318 2550 1430 2608 fetorem
1447 2553 1596 2609 lerrenon
1615 2556 1846 2628 valenscoepita

183 2644 254 2716 apud
269 2645 362 2700 hostes
376 2641 558 2714 conspiceret,
573 2657 679 2712 ungues
694 2642 818 2698 etcriues
831 2642 891 2713 ejus
914 2660 983 2715 prae-
1037 2656 1067 2695 sc
1081 2640 1229 2711 repellere.
1242 2640 1279 2694 At
1293 2640 1337 2695 illa
1349 2658 1356 2696 :
1370 2664 1381 2690 ι
1394 2640 1457 2708 Cur,
1467 2640 1745 2713 inquit,meinterim
1754 2645 1845 2702 exhor·

182 2733 299 2791 sciderat
316 2752 322 2788 :
338 2738 435 2803 postea
449 2745 561 2787 uxorem
576 2728 689 2786 duceret
703 2731 796 2802 (Dect.
816 2732 887 2802 xxi).
907 2733 981 2788 Civi·
1035 2730 1131 2796 ruscis,
1151 2728 1229 2800 cujus
1249 2745 1342 2785 amore
1360 2737 1462 2786 tantum
1482 2731 1675 2789 inardescis?
1698 2735 1763 2808 Ego
1778 2735 1846 2790 enim

180 2838 265 2886 tatem
279 2828 437 2884 obsidemus
465 2826 530 2882 dum
557 2825 677 2899 aliquam
705 2843 756 2898 per
784 2827 907 2884 heresim
938 2830 980 2886 vel
1035 2826 1339 2900 aumluxuriaetrnago,
1360 2844 1422 2899 quae
1440 2827 1528 2884 dulcis
1546 2828 1576 2885 in
1592 2831 1744 2888 hominum
1758 2832 1847 2890 eordi-

179 2933 302 2975 errorem
316 2915 458 2990 gentilium
478 2914 586 2987 seriptis
615 2915 659 2970 vel
687 2914 870 2986 disputatione
888 2916 980 2989 impu·
1035 2916 1087 2972 bus
1105 2932 1236 2988 appareo.
1256 2917 1291 2971 Et
1309 2915 1361 2971 nisi
1375 2915 1443 2988 patri
1461 2925 1508 2973 tuo
1526 2918 1691 2987 obedisses,
1722 2921 1795 2978 sicut
1821 2928 1845 2977 et

180 3022 311 3081 mamus.
329 3004 448 3061 Puellam
463 3004 606 3076 pulchram
621 3004 693 3076 opud
723 3021 771 3060 eos
784 3005 978 3077 conspicimus,
1035 3005 1091 3072 alii,
1112 3021 1129 3060 a
1150 3021 1193 3061 me
1208 3012 1358 3077 prostratus
1376 3022 1466 3063 esses.
1485 3029 1497 3055 a
1514 3005 1564 3063 llle
1579 3024 1654 3083 ergo
1680 3019 1777 3085 grates
1792 3012 1845 3068 Deo

180 3121 244 3162 cum
258 3103 378 3177 aliquam
393 3102 554 3158 senteutiam
567 3101 639 3158 bene
652 3102 687 3157 ab
701 3101 746 3164 eis⁴
756 3103 893 3174 prolatam
909 3103 981 3160 inre·
1035 3103 1134 3167 retulit,
1156 3103 1203 3176 qui
1217 3119 1278 3159 eom
1294 3118 1309 3158 a
1324 3103 1417 3175 spiritu
1431 3103 1623 3162 fornicationis
1635 3107 1753 3180 eripuit.
1766 3108 1846 3165 autu

180 3194 281 3250 nimus.
298 3193 347 3249 Cui
357 3192 490 3248 debemus
500 3208 606 3264 ungues
616 3190 943 3262 etcrinespraescindere,
954 3201 980 3249 ct
1034 3191 1089 3249 alia
1103 3191 1231 3263 exempla
1245 3192 1382 3249 deducunt
1392 3208 1442 3248 nos
1456 3193 1491 3248 ad
1506 3193 1570 3250 vitae
1585 3194 1705 3253 itinera.

181 3282 223 3340 sie
242 3280 323 3338 nobis
341 3280 524 3352 conjungere,
545 3279 607 3352 quia
626 3278 767 3351 superflua
782 3289 809 3335 et
838 3290 931 3337 contra
947 3280 980 3335 ir-
1070 3294 1182 3365 Legpffl·
1212 3294 1413 3367 quodquidam
1451 3295 1561 3350 pamm
1591 3311 1745 3371 egressus,
1784 3297 1846 3353 ,qdp

182 3380 245 3436 dem
261 3381 351 3452 posita
367 3377 499 3432 debemus
515 3392 660 3446 spernere;
676 3377 845 3433 benenatum
860 3378 981 3442 dictast

182 3464 246 3521 lidei
261 3476 360 3521 nostrae
380 3465 490 3520 minime
510 3466 647 3521 contraria
662 3466 695 3520 ad
716 3466 924 3523 instructionem
944 3467 981 3522 ll-

181 3555 285 3611 delium
302 3553 380 3609 libris
395 3553 499 3608 nostris
512 3553 646 3610 interere.

218 3685 352 3743 Scribant
371 3684 461 3756 itaque
479 3685 637 3756 philosophi
656 3687 729 3757 quod
744 3688 842 3744 mulier
856 3696 921 3744 rotoe
935 3689 981 3744 in·

182 3792 251 3833 nexa
266 3776 370 3848 jugiter
389 3773 606 3841 circumferatur,
628 3778 707 3846 cujus
744 3786 824 3848 caput
845 3794 917 3835 nono
952 3780 980 3834 in

181 3865 237 3922 alta
251 3864 385 3936 erigatur,
417 3862 536 3919 nuncin
557 3863 611 3918 ima
631 3863 820 3935 demergatur.
841 3867 909 3922 Rota
923 3869 981 3926 baec

183 3981 244 4038 qua»
257 3962 374 4020 volvitur
398 3969 440 4017 est
453 3960 540 4034 gloria
569 3963 773 4032 hujusmundi,
794 3982 855 4036 quae
878 3965 981 4040 jugiter

181 4052 381 4112 circumfertur.
398 4050 495 4106 ldulier
511 4059 577 4107 rote
587 4052 683 4107 innexa
698 4061 749 4122 est,
767 4052 874 4111 torinna
888 4056 981 4126 gloriae

183 4142 300 4198 intexta.
319 4141 405 4211 liujus
420 4148 501 4213 caput
528 4141 675 4214 aliquando
690 4158 808 4211 sursum,
835 4144 981 4218 aliquando

183 4240 269 4297 sertor
281 4239 419 4301 deorsum,
436 4238 499 4309 quia
514 4237 637 4312 plerique
660 4240 798 4297 multoties
819 4244 940 4313 potentia
954 4252 982 4301 et

184 4327 287 4384 divitiis
302 4326 454 4382 exaltantur
470 4343 477 4381 :
494 4342 567 4397 saepe
581 4328 664 4384 etiam
682 4332 807 4400 egestate
822 4339 848 4386 et
863 4333 980 4389 miseriis

182 4415 369 4472 humiliantur.
388 4414 487 4470 Dicunt
501 4415 582 4470 etiarn
598 4417 669 4489 quod
689 4417 800 4490 quidam
823 4419 897 4490 apud
910 4420 980 4479 infc-
994 4423 1020 4484 D

183 4531 231 4572 ros
245 4514 389 4569 damnatus
404 4528 454 4584 per
468 4514 560 4570 radios
572 4523 639 4571 rotae
654 4515 689 4570 sit
712 4516 879 4574 divaricatus
897 4537 904 4585 ;
921 4537 982 4593 quar

182 4612 243 4660 rota
258 4602 318 4658 sine
331 4601 533 4658 intermissione
548 4603 583 4658 ab
598 4603 653 4660 alto
667 4604 771 4660 montis
791 4605 819 4661 in
834 4606 887 4662 ima
902 4608 982 4665 vallis

183 4692 295 4760 lerator,
312 4689 450 4746 etiterum
465 4689 520 4745 alta
532 4699 659 4763 repetens
673 4692 764 4749 denuo
780 4694 926 4752 relabatur.
936 4698 985 4753 Fe·

1035 3384 1180 3455 quemdam
1196 3383 1348 3453 AEtlriopem
1373 3383 1400 3437 in
1415 3383 1484 3438 sitve
1498 3383 1576 3456 ligna
1592 3384 1799 3455 succidentem,
1814 3400 1845 3441 ac

1035 3470 1120 3545 ligata
1134 3472 1225 3527 levare
1240 3479 1398 3527 tentantem.
1410 3471 1545 3540 Quaedam
1556 3473 1726 3530 viderentur
1737 3475 1842 3549 gravia,

1034 3570 1842 3645 dissolvensauxitoneralltcumtancmagisessentone

1034 3675 1109 3727 rosa,
1123 3659 1227 3715 addens
1242 3658 1305 3714 lecit
1320 3675 1353 3714 ea
1368 3659 1561 3730 importabilia.
1582 3658 1655 3731 Quae
1670 3663 1738 3719 dum
1752 3664 1840 3721 tollere

1034 3749 1135 3813 nititur,
1154 3746 1307 3819 spondere
1321 3747 1496 3820 opprimitur.
1515 3747 1566 3803 llle
1595 3758 1694 3808 eutem
1710 3769 1838 3826 progres-

1034 3861 1083 3901 sus
1099 3845 1165 3901 vidit
1179 3845 1226 3901 ubi
1241 3845 1349 3917 quidam
1364 3861 1462 3918 aquam
1480 3845 1508 3900 in
1537 3861 1587 3902 vas
1602 3846 1746 3907 fundebat
1760 3868 1768 3905 τ
1784 3867 1839 3925 quae

1034 3934 1124 3990 inlusa
1138 3934 1233 3989 subtus
1247 3933 1381 4000 etlluebat,
1402 3933 1466 4007 quia
1480 3949 1529 3990 vas
1545 3933 1667 3994 fundum
1681 3955 1739 3996 non
1759 3940 1837 3995 babe-

1034 4024 1090 4079 bat.
1106 4023 1224 4079 Alterius
1239 4024 1423 4098 progreditur,
1440 4030 1468 4079 et
1495 4039 1562 4080 ecce
1590 4025 1652 4082 duo
1679 4029 1734 4085 vtri
1759 4037 1837 4102 ports

1035 4121 1153 4179 ciuitatis
1166 4120 1430 4194 appropinquabant,
1450 4121 1497 4194 qui
1525 4121 1635 4195 liffnmn
1653 4134 1837 4185 transversam

1034 4219 1098 4267 ante
1113 4227 1143 4267 se
1158 4211 1291 4279 terebant,
1307 4218 1334 4266 et
1344 4209 1523 4266 neuteralteri
1536 4211 1753 4273 volenscedere
1763 4218 1836 4273 ambo

1034 4300 1109 4356 loros
1124 4299 1440 4371 remanebant.AEtbiops
1454 4298 1501 4373 qui
1515 4309 1602 4374 auget
1614 4318 1693 4362 onus
1705 4304 1835 4380 lignorum

1037 4407 1079 4454 est
1094 4400 1117 4454 is
1145 4398 1190 4472 qui
1210 4414 1319 4470 semper
1333 4397 1450 4455 cumulat
1476 4397 1587 4470 pondus
1600 4410 1794 4472 peccatorum.
1807 4403 1837 4460 tt

1033 4504 1096 4545 cum
1111 4486 1154 4544 vix
1170 4486 1308 4543 sulliceret
1326 4495 1433 4559 tempus
1446 4486 1480 4541 ad
1495 4487 1677 4546 emendanda
1691 4496 1836 4559 transacta,

1035 4592 1144 4649 semper
1158 4573 1250 4632 inlelir
1265 4592 1322 4632 non
1334 4583 1424 4633 cessat
1438 4575 1539 4633 addere
1554 4576 1725 4650 recentiora,
1754 4596 1835 4656 usque

1035 4674 1100 4731 dum
1114 4672 1471 4746 desperationemlneidens
1484 4674 1685 4746 peonitentiam
1709 4693 1767 4736 non
1780 4694 1835 4736 me·

181 4798 246 4848 runt
260 4788 340 4846 etiam
356 4786 428 4860 quod
444 4786 554 4860 quidam
569 4788 606 4843 ibi
621 4805 719 4845 sarum
734 4789 761 4846 in
784 4791 867 4848 altum
881 4796 982 4851 montis
1033 4771 1121 4831 '‘¹⁰¹'’
1151 4763 1199 4819 ⁸⁸d
1214 4764 1286 4819 '¹¹⁰¹‘
1300 4762 1445 4863 criminun}
1473 4761 1502 4818 5¹¹
1529 4768 1651 4821 ¹¹¹⁰me
1666 4766 1834 4841 d‘Pfimiffl·

181 4880 284 4945 evolat,
304 4893 337 4935 ac
352 4876 459 4950 pondus
478 4876 538 4932 saxi
552 4876 709 4934 solventem
723 4879 758 4936 de
781 4881 885 4939 vertice
900 4899 983 4940 mon·
1033 4851 1083 4908 ¹¹¹⁸
1097 4858 1187 4908 “utem
1202 4851 1248 4924 qui
1261 4868 1361 4925 'qum
1388 4868 1446 4908 Μ
1473 4849 1557 4909 f⁰⁰d⁰
1585 4855 1694 4911 “femi
1708 4857 1834 4926 ifflffliffils

183 4971 219 5025 fi,
238 4966 404 5040 pfaecipipem
432 4964 525 5037 pellat,
555 4982 718 5040 rursumque
746 4968 829 5025 miser
843 4987 939 5027 mum
954 4972 981 5028 in
1035 4957 1076 5004 est
1090 4948 1114 5004 is
1137 4949 1183 5023 qni
1199 4948 1388 5022 eleemosynas
1403 4949 1508 5006 velalia
1522 4949 1614 5023 aliqua
1627 4951 1837 5012 bonaeommit·

184 5067 268 5122 altum
283 5063 414 5120 revolvat.
443 5062 565 5118 Tradunt
580 5063 680 5120 iterum
695 5065 766 5138 quod
781 5067 923 5136 cujusdam
935 5070 980 5140 Je-
1034 5037 1074 5103 ω·
1091 5038 1141 5095 ⁸⁰d
1156 5054 1189 5094 ⁸⁸
1206 5054 1257 5110 W
1282 5037 1482 5094 immundum
1503 5037 1548 5094 νει
1562 5039 1616 5095 858
1642 5041 1709 5099 ”5²5⁸
1733 5043 1835 5101 ’millib

183 5153 527 5211 curibirulturexcedat,
559 5153 632 5224 quod
644 5154 701 5222 jam
725 5166 916 5228 consumptum
932 5160 981 5216 ite·
1034 5135 1112 5193 Unde
1131 5135 1342 5207 ⁵⁰lill²u¹¹¹⁸⁵¹²
1374 5136 1600 5209 ⁸C⁰fldl⁰8²V5²
1625 5141 1788 5213 pecuniam,
1813 5148 1837 5197 ⁶¹

184 5259 244 5297 rum
259 5242 441 5297 recrudescat.
455 5241 518 5296 llaec
531 5242 594 5312 quia
609 5243 719 5312 sepiens
733 5245 801 5300 ratio
816 5249 979 5319 composuit,
1034 5224 1106 5280 ΠΜ
1122 5225 1346 5283 ⁰⁸¹¹¹i1¹⁵³⁰⁰¹¹¹¹¹
1364 5233 1504 5298 P⁰s¹¹¹⁵¹³¹¹¹
1520 5227 1600 5299 ΜΝ·
1611 5229 1646 5295 ι)·
1664 5251 1677 5280 ’
1696 5230 1837 5291 Qum

183 5339 266 5395 debet
279 5339 348 5393 scire
362 5347 454 5394 vestra
464 5337 573 5393 dilectio
589 5339 655 5410 quid
671 5341 762 5397 velint.
775 5343 801 5396 ls
816 5344 861 5415 qui
876 5345 902 5399 in
914 5355 981 5402 rotae
1032 5321 1060 5377 in
1077 5323 1215 5378 smmum
1233 5336 1375 5395 Penusum
1389 5330 1541 5396 ⁰⁰¹¹W⁸²
1565 5323 1612 5396 qni
1628 5324 1706 5383 ΜΠ*
1731 5329 1836 5403 quidm

183 5427 319 5497 uestigare
334 5426 474 5481 demente
490 5425 517 5480 in
543 5427 594 5481 ima
612 5427 858 5499 praecipitatorem
873 5433 917 5488 ille
932 5435 981 5507 qui
1032 5428 1178 5492 ΡΘΓΡθῑΝῑι
1206 5420 1558 5493 sedefll‘fflllwllefibfl*
1581 5421 1759 5498 mm·
1788 5424 1836 5496 Qfl‘

183 5517 217 5572 de
232 5513 376 5570 altitudine
390 5515 531 5584 potestatis
546 5514 589 5570 rel
604 5515 760 5572 divitiamm
777 5519 805 5573 in
818 5522 978 5591 protundum
1032 5533 1100 5575 vero
1116 5519 1189 5591 ligna
1202 5518 1327 5575 terebant
1339 5527 1540 5585 transversum,
1555 5528 1622 5576 ⁸11¹ss
1637 5521 1668 5578 hi
1682 5522 1733 5598 qui
1752 5522 1835 5582 femi

175 5612 282 5671 baratri
294 5626 422 5686 preceps
435 5618 551 5666 rotatur.
571 5609 624 5680 Qui
638 5620 732 5670 autem
748 5631 842 5673 aarum
857 5619 885 5675 in
897 5637 978 5678 mon·
1031 5631 1116 5689 etate
1127 5614 1228 5691 jugum
1243 5617 1390 5689 superbie·
1402 5614 1456 5686 Qui
1468 5615 1535 5673 dum
1557 5616 1729 5681 tltemtmnt
1742 5620 1835 5681 cadeso

162 5712 220 5765 tem
235 5703 350 5780 euoluit,
368 5699 444 5779 quod
457 5701 550 5780 ipsum
579 5717 644 5762 mox
659 5702 789 5780 revolvit,
816 5715 860 5767 est
885 5709 913 5767 is
939 5710 989 5787 qui
1036 5710 1148 5782 nolunt,
1170 5722 1280 5786 portam
1290 5713 1409 5771 emissus
1420 5712 1539 5775 ‹driutis
1552 5714 1668 5793 ingredi
1680 5734 1740 5781 nott
1756 5725 1835 5803 pitz
