3780 6038
174 225 227 280 ott

739 212 911 270 wadnam
930 210 1075 269 iubaris
1094 212 1125 269 S.
1149 213 1263 271 libasti
1781 214 1824 271 att

210 344 263 399 «Et
271 357 319 397 ros
328 339 439 413 quidem
447 339 586 396 tristitiam
596 337 712 394 babetis.
725 357 736 389 ι
748 336 844 394 Omnis
851 336 978 396 Ecclesia
992 337 1020 400 Α
1036 356 1166 413 sponsum
1182 348 1224 397 est
1237 340 1324 414 bloysi
1354 356 1448 399 rerum
1473 348 1526 407 est,
1550 340 1618 414 qnia
1647 327 1734 397 uerno
1750 347 1830 413 potest

173 448 222 505 per
241 431 321 500 hujus
350 430 412 485 rita)
445 429 553 485 labores
573 438 600 484 et
633 427 774 501 angustias
807 428 841 483 ad
875 435 982 483 aeterna

173 521 288 592 pruentia
304 518 457 574 celestium
469 519 634 591 gaudiorum
652 516 819 588 tondit,quia
832 540 843 565 «ι
857 515 983 589 permul-

173 617 216 663 tas
231 608 427 673 tribulationes,
438 616 465 662 ut
479 608 517 663 ait
527 606 684 679 Apostolus,
696 614 802 677 oportet
815 622 868 661 nos
877 606 981 660 intrare

172 707 201 761 iu
213 722 327 779 reguum
344 706 392 760 liei
408 706 479 776 (det.
497 707 561 775 mvl.
582 728 592 751 r
610 705 710 760 Dicens
727 703 863 758 Dominus
884 702 981 757 iterum

175 820 186 844 υ
205 804 230 851 ot
250 795 350 849 ridebo
361 810 409 849 ros
427 818 438 842 r
456 794 605 849 secuudum
622 791 755 864 promittit
771 792 928 855 adrentum,
954 790 981 844 in

174 901 229 957 quo
254 885 418 939 universam
440 883 545 938 ridebit
574 881 727 938 Ecclesiam
742 880 777 936 ad
796 894 977 935 remuneran-

171 986 237 1040 dum
252 1001 284 1040 ex
304 985 425 1057 integro.
449 984 479 1038 Et
496 983 559 1055 quia
573 983 600 1037 iu
615 982 786 1054 plenitudine
797 981 871 1037 illius
887 978 982 1052 gaudii

171 1090 227 1130 uon
244 1074 405 1147 rogabimus
420 1072 512 1138 modo,
546 1072 694 1143 petendum
714 1078 755 1126 est
783 1078 813 1125 ut
838 1069 902 1127 illuc
920 1086 983 1141 per·

171 1163 324 1220 ueniamus.

350 1248 468 1305 sunno
489 1249 535 1304 ult
554 1247 695 1303 l'lSlONE
714 1247 787 1303 DEI.

209 1340 237 1395 Si
264 1338 362 1412 quaeris
377 1346 466 1393 utrum
481 1338 556 1393 Deus
588 1337 675 1408 possit
689 1336 786 1403 rideri,
804 1334 959 1408 respondeo
976 1353 982 1389 :

174 1439 275 1493 Potest.
314 1435 458 1506 Siquaeris
482 1435 555 1491 uude
583 1435 677 1504 sciam,
712 1434 867 1505 respondeo
888 1446 895 1489 τ
915 1432 986 1503 Quin

171 1526 199 1582 in
215 1525 360 1580 verissima
376 1524 517 1593 Scriptura
532 1523 633 1596 legitur
649 1541 655 1578 :
680 1546 691 1569 ι
709 1523 785 1578 Bruti
806 1520 909 1578 mundo
923 1537 984 1578 cor-

174 1615 219 1680 de,
241 1614 369 1685 quoniam
386 1613 438 1684 ipsi
455 1613 543 1668 Deum
576 1613 709 1667 ridebunt
725 1612 840 1680 (duret.
860 1611 928 1681 r),r
959 1619 986 1666 et

1036 431 1128 487 ridere
1141 429 1236 487 inciam
1252 430 1312 500 Dei,
1343 436 1369 486 et
1396 430 1488 488 risere
1503 430 1610 493 (daed.
1630 429 1766 501 xxrrrl;id
1796 437 1830 485 est

1036 536 1118 576 nemo
1138 527 1228 592 potest
1255 536 1316 574 eum
1337 519 1363 574 in
1379 514 1430 576 lrac
1458 519 1515 575 rita
1529 519 1632 576 sidens
1656 518 1755 575 ridere
1773 518 1833 575 sicut

1037 619 1091 665 est.
1114 610 1185 664 Nem
1199 608 1426 677 multirideruut,
1459 609 1509 664 sed
1541 607 1832 680 quodroluntasele·

1037 710 1085 781 git,
1106 725 1161 763 uon
1182 708 1253 781 qnod
1274 716 1371 763 natura
1391 706 1526 763 formarit.
1538 707 1568 763 Si
1583 707 1692 780 quaeris
1705 708 1834 779 quomodo

1037 814 1097 853 enm
1113 797 1180 854 ridit
1198 798 1240 853 rel
1257 797 1324 855 Cain
1348 797 1511 859 sceleratus.
1527 795 1641 869 quando
1662 796 1700 852 de
1715 812 1766 853 suo
1779 813 1834 853 sce·

1036 884 1094 942 lere
1117 887 1152 941 ab
1166 886 1213 942 illo
1236 885 1418 958 iuterrogatus
1436 892 1462 940 et
1474 884 1617 955 judicatus
1632 893 1678 940 est
1694 902 1703 953 ;
1722 886 1770 941 uel
1785 885 1836 958 ipsc

1036 983 1119 1039 otiam
1134 983 1269 1049 diabolus,
1294 982 1404 1055 quando
1435 983 1511 1037 uenit
1529 998 1593 1039 eum
1612 982 1729 1055 angelis
1749 991 1777 1038 ut
1794 998 1836 1040 co·

1037 1089 1096 1128 ram
1117 1073 1164 1128 illo
1181 1072 1321 1127 assisteret
1338 1090 1345 1138 ;
1365 1070 1409 1127 rel
1426 1094 1438 1120 a
1455 1071 1526 1127 beati
1541 1070 1756 1138 mundicordes,
1774 1089 1837 1144 quo·

1036 1163 1109 1218 niam
1124 1161 1175 1233 ipsi
1195 1161 1282 1217 Deum
1297 1159 1428 1216 ridebunt
1447 1159 1559 1231 (batti.
1580 1162 1622 1231 r),
1642 1184 1656 1211 ι
1673 1162 1836 1233 respondeo:

1037 1282 1071 1295 -
1082 1252 1136 1308 boc
1145 1267 1199 1306 uon
1214 1266 1276 1306 esse
1291 1266 1475 1322 consequens,
1487 1257 1516 1305 ut
1530 1249 1614 1307 etiarn
1631 1249 1749 1306 rideant
1759 1251 1837 1306 ὓιιιιι

1039 1350 1084 1421 qui
1112 1364 1197 1405 rores
1234 1348 1270 1404 ab
1287 1363 1321 1403 eo
1340 1346 1425 1403 laetas
1461 1347 1608 1418 aliquando
1629 1347 1763 1404 audiunt.
1787 1348 1839 1405 Νι-

1039 1455 1092 1512 que
1107 1437 1178 1493 euim
1198 1438 1326 1493 viderunt
1357 1436 1466 1508 quando
1499 1436 1566 1492 dixit
1585 1438 1622 1493 ad
1646 1436 1765 1494 Filium:
1780 1461 1791 1489 ι
1809 1438 1838 1495 tu

1038 1534 1194 1603 clarificari,
1211 1534 1348 1590 etiterum
1364 1533 1522 1592 clarificabo
1537 1537 1634 1605 (icon.
1651 1538 1714 1608 sn),
1733 1556 1746 1585 ι

1076 1624 1269 1680 Verumtamen
1289 1640 1344 1679 non
1369 1640 1433 1680 esse
1450 1623 1619 1692 mirandum,
1655 1626 1681 1680 si
1699 1624 1840 1698 aliqnando

175 1718 273 1769 caetera
306 1712 380 1767 tolia.
416 1711 443 1765 Si
474 1711 577 1781 quaeris
613 1710 751 1781 quomodo
772 1708 917 1764 inuisibilis
949 1702 1119 1770 sitBerinm
1152 1730 1208 1769 nnn
1240 1713 1433 1770 mundicordes
1460 1714 1575 1770 videant
1592 1713 1690 1771 Deum
1710 1715 1739 1770 in
1757 1716 1841 1787 speeie

180 1802 279 1870 dictus,
295 1802 321 1856 si
339 1799 427 1856 rideri
442 1808 541 1871 potest,
570 1800 724 1871 respondeo
741 1798 906 1853 invisibilem
922 1812 983 1853 esse

178 1900 286 1947 natura.
308 1889 420 1945 l'idetnr
447 1897 548 1955 autem,
562 1904 623 1943 cnm
653 1887 719 1956 rult,
750 1888 822 1944 sicut
837 1885 901 1941 rult.
918 1886 983 1939 l‘lu·

175 1980 252 2036 rimis
268 1980 341 2036 enim
358 1979 433 2034 risus
449 1985 491 2032 cst
519 1992 572 2032 nou
598 1977 678 2033 sicuti
694 1982 749 2042 est,
767 1975 815 2031 sed
830 1974 902 2047 quali
923 1989 984 2044 ape-

172 2078 214 2137 cie
231 2077 269 2132 illi
298 2075 402 2147 placuit
424 2088 570 2146 apparere.
603 2073 676 2142 Quid
700 2080 742 2129 est
757 2088 823 2144 crgo
842 2071 914 2143 quod
930 2086 982 2126 ea-

172 2169 235 2223 dem
251 2165 317 2221 dicit
332 2165 480 2221 auctoritas
496 2181 502 2218 :
520 2188 531 2211 ι
550 2164 635 2218 licum
661 2179 742 2217 nemo
773 2162 839 2218 uidit
863 2175 983 2233 unquam

172 2258 336 2327 (tanniu).
359 2254 421 2308 ulit
436 2252 507 2325 quod
536 2251 654 2323 amplius
677 2250 788 2322 planius
801 2250 943 2321 explicans
974 2267 981 2304 ε

178 2373 189 2404 ι
208 2351 296 2421 Quem
325 2365 416 2416 nemo,
432 2349 531 2421 inquit,
560 2348 704 2404 homiuum
724 2346 870 2413 viniules
888 2346 984 2402 ridere

173 2448 267 2513 potest
277 2439 304 2509 (Ι
318 2441 402 2496 ioan.
421 2438 469 2508 rr).
481 2437 629 2506 Quomodo
641 2453 709 2509 ergo
721 2437 790 2492 uidit
800 2436 885 2491 Deum
897 2436 984 2491 Abra·

173 2530 249 2595 bam,
266 2530 355 2593 Isaac,
371 2526 466 2591 Jacob,
496 2527 560 2592 iob,
577 2527 696 2597 Moyses,
730 2525 870 2592 blrcbaas,
887 2523 982 2591 isaias,

176 2632 204 2680 et
232 2625 255 2679 si
283 2623 328 2695 qui
357 2622 403 2677 alii
433 2630 495 2677 sunt
523 2621 673 2693 dequibus
702 2621 881 2677 veracissimo
908 2619 984 2676 Scri·

176 2723 256 2786 ptura
287 2719 407 2767 testator
431 2715 504 2783 quod
530 2712 619 2766 Deum
654 2726 738 2766 nemo
766 2710 906 2766 bominum
930 2725 984 2764 uu·

179 2818 261 2876 quam
291 2801 366 2865 uidit,
383 2816 434 2857 uec
449 2800 542 2856 ridere
553 2807 658 2870 potest.
684 2802 784 2870 ilagna
798 2799 916 2871 quasue
932 2805 983 2863 est,

177 2891 314 2967 quomodo
332 2906 385 2946 uon
401 2890 436 2945 sit
450 2888 619 2946 contrarium
631 2889 705 2960 quod
721 2896 758 2944 tot
772 2888 877 2960 antiqui
893 2889 984 2943 Deum

178 2991 314 3053 viderunt,
331 2989 353 3043 si
366 2989 453 3043 Deum
481 3003 563 3043 nemo
576 2987 642 3042 uidit
657 3002 787 3058 uuquam,
811 2986 876 3058 quia
903 3000 986 3041 uento

1039 1819 1119 1876 quom
1143 1802 1270 1858 voluntas
1308 1805 1368 1872 ejus
1393 1803 1496 1869 iecerit,
1516 1803 1620 1860 latente
1639 1805 1787 1872 invisibili,
1819 1813 1842 1861 et

1039 1892 1111 1964 apud
1127 1908 1158 1948 se
1171 1891 1385 1949 incommutabili
1400 1900 1525 1948 manente
1549 1901 1662 1951 natura.
1676 1900 1713 1936 -’-
1729 1894 1758 1950 st
1772 1911 1841 1968 qun·

1040 1990 1077 2045 ris
1091 1998 1182 2046 utrum
1202 1990 1282 2047 etiam
1299 1991 1378 2047 sicuti
1397 1991 1499 2047 dictum
1517 1999 1561 2048 est
1583 1991 1742 2065 aliquando
1764 1993 1841 2065 possit

1037 2078 1135 2145 rideri,
1156 2080 1310 2150 respondeo
1327 2097 1334 2134 :
1351 2079 1426 2136 Filiis
1439 2079 1491 2137 boc
1514 2096 1579 2137 esse
1601 2082 1786 2152 promissum,
1811 2081 1840 2138 de

1039 2169 1254 2242 quibusdietum
1271 2187 1278 2224 :
1295 2190 1307 2217 ι
1326 2169 1433 2227 Scimus
1465 2170 1539 2242 qnia,
1572 2184 1639 2227 cum
1676 2171 1839 2243 apparuerit,

1038 2266 1145 2321 similes
1159 2265 1307 2333 eiecimus,
1341 2266 1650 2339 quoniam‘ridebimus
1684 2284 1752 2325 eum
1771 2268 1840 2325 aienti

1038 2366 1080 2412 est.
1094 2358 1186 2423 (ioan.
1203 2356 1256 2426 ιιι).
1280 2379 1291 2406 u
1321 2356 1382 2412 Nou
1402 2356 1475 2411 enim
1489 2356 1621 2429 quaeritur
1644 2359 1788 2431 quomodo
1801 2358 1839 2415 ri·

1038 2445 1231 2511 deoturDeus,
1269 2460 1324 2500 non
1356 2460 1387 2500 ea
1406 2444 1509 2517 specie,
1530 2462 1583 2518 qna
1602 2446 1632 2502 in
1652 2448 1708 2504 isto
1746 2448 1839 2505 seculo

1038 2534 1123 2591 soluit
1142 2534 1306 2605 quibusdam
1327 2548 1470 2606 apparere,
1505 2534 1556 2591 sed
1576 2536 1728 2607 quomodo
1750 2536 1838 2593 riden-

1039 2632 1124 2686 turin
1143 2631 1190 2687 illo
1209 2647 1309 2705 regno,
1329 2632 1378 2686 ubi
1395 2647 1457 2687 eum
1475 2630 1524 2687 filii
1542 2632 1603 2702 ejus
1622 2633 1761 2691 ridebunt
1770 2633 1841 2692 sicuti

1039 2728 1090 2776 est.
1148 2720 1224 2776 Tunc
1253 2722 1354 2792 quippe
1372 2720 1516 2775 satiabitur
1529 2720 1558 2776 iu
1577 2722 1661 2778 bouis
1679 2722 1841 2779 desiderium

1039 2825 1143 2865 corum.
1181 2809 1243 2865 Non
1262 2809 1333 2864 enim
1348 2808 1453 2880 indigni
1472 2810 1561 2865 Deum
1575 2808 1726 2882 ridebunt,
1741 2812 1778 2869 de
1790 2812 1841 2886 qai·

1039 2898 1091 2955 bus
1105 2898 1205 2954 dietum
1221 2906 1262 2954 est
1282 2915 1289 2954 τ
1305 2920 1317 2947 α
1333 2898 1455 2954 Tollatur
1474 2897 1585 2969 impius,
1615 2914 1654 2956 nn
1679 2902 1777 2957 videat
1790 2902 1842 2959 cln-

1039 2987 1147 3042 ritatem
1163 2987 1223 3042 Dei.
1242 3010 1252 3033 a
1270 2986 1374 3056 Quibus
1390 2986 1472 3041 etiarn
1487 2987 1617 3043 dicetur:
1637 3010 1651 3037 ι
1680 2990 1735 3054 lte,
1763 2989 1791 3045 in
1802 2991 1840 3063 ig·

181 3079 324 3135 bominum
356 3077 433 3143 vidit,
463 3092 514 3134 nec
538 3076 631 3132 ridere
658 3084 762 3146 potest.
790 3075 869 3131 Certe
897 3066 1101 3131 retelliCnem
1130 3083 1272 3140 aternum,
1289 3076 1335 3147 qui
1349 3083 1520 3146 preparatus
1548 3084 1591 3132 eat
1616 3077 1733 3135 diabolo
1748 3087 1776 3134 et
1800 3094 1841 3134 aa·

179 3185 235 3224 uon
250 3175 350 3239 potest,
360 3166 424 3222 dicit
435 3165 611 3232 Ambrosius,
631 3164 674 3220 rel
690 3166 797 3220 Patrem
812 3164 856 3220 rel
873 3163 982 3230 Filium,

178 3267 221 3323 rel
238 3273 315 3323 certe
332 3264 463 3335 Spiritum
473 3268 609 3329 sanctum,
620 3262 642 3316 si
652 3270 743 3318 tamen
762 3270 803 3317 est
819 3261 904 3318 sancti
920 3261 984 3332 Spi-

178 3357 248 3410 ritus
261 3354 341 3419 risio,
354 3368 386 3408 ea
401 3352 493 3422 specie
502 3352 599 3407 videre
609 3350 749 3424 [rideri‘il
759 3366 842 3422 quam
858 3351 984 3407 rolnntaa

180 3442 308 3515 elegerit,
325 3457 381 3496 non
396 3448 493 3495 natura
509 3439 679 3496 lormaverit.
699 3439 835 3509 Quoniam
855 3438 984 3510 Spiritum

180 3546 289 3604 quoque
308 3529 396 3583 risum
411 3528 561 3599 accipimus
574 3528 600 3583 iu
612 3527 751 3595 columba,
768 3537 795 3583 et
810 3528 873 3584 ideo
897 3528 984 3583 Deum

183 3642 266 3683 nemo
281 3625 347 3681 vidit
362 3640 496 3695 uuquam,
517 3623 581 3695 quia
609 3639 668 3678 earn
684 3640 746 3696 quae
769 3624 796 3678 in
812 3625 869 3680 lieo
902 3623 984 3679 habi-

184 3723 224 3771 tat
252 3713 450 3787 plenitudinem
478 3713 598 3778 deitatis,
637 3728 717 3767 nemo
746 3712 864 3784 aspexit,
903 3730 985 3769 nemo

183 3811 275 3861 mente
296 3810 341 3858 aut
355 3801 443 3858 oculis
473 3801 694 3873 comprehendit.
722 3802 802 3858 Unda
817 3803 926 3874 Moyses
942 3803 981 3858 ait

180 3904 251 3971 Deo,
268 3917 330 3958 curn
346 3916 399 3973 quo
415 3900 521 3955 amicus
549 3898 648 3964 amico,
665 3897 733 3955 lucie
762 3896 910 3953 adfaciem
941 3897 984 3953 lo·

182 3993 340 4065 qucbatur:
371 4014 382 4039 ι
412 3989 441 4045 Si
468 3988 561 4045 iuveni
583 3987 698 4061 gratiam
724 3994 788 4042 anto
816 3994 853 4055 te,
873 3989 988 4044 ostende

181 4082 247 4138 mihi
262 4080 435 4150 temetipsum
451 4078 550 4145 (Exod.
567 4080 677 4147 xxxiv).
696 4100 707 4125 n
726 4075 798 4146 Quid
822 4077 914 4148 crgo?
929 4076 984 4143 ille,

184 4187 238 4228 uon
267 4179 327 4226 orat
354 4169 424 4240 ipse.
440 4168 468 4223 Si
497 4183 552 4224 nou
567 4175 641 4223 essct
667 4166 736 4237 ipse,
753 4180 808 4221 uon
832 4165 856 4219 ei
871 4164 988 4236 diceret,

188 4269 311 4326 Ostende
325 4266 397 4323 mibi
410 4265 594 4336 temetipsum,
611 4264 671 4332 sed,
687 4262 808 4319 Ostende
817 4262 882 4317 milri
894 4264 988 4319 licum.

186 4358 220 4413 Et
238 4366 329 4412 tamen
349 4356 372 4410 si
390 4356 451 4426 ejus
470 4361 594 4410 naturam
615 4350 850 4423 substantiamque
877 4351 992 4423 conspi-

1037 3173 1108 3246 gelis
1123 3174 1183 3244 ejus
1195 3172 1305 3242 (narrt.
1327 3178 1404 3243 xxv).
1431 3172 1560 3229 Promisit
1606 3175 1685 3231 Deua
1708 3183 1840 3233 scotten-

1039 3278 1132 3317 surnm
1148 3260 1331 3316 dilectoribus
1359 3260 1425 3330 suis,
1453 3276 1514 3317 cnm
1530 3262 1616 3320 Patra
1629 3280 1722 3321 unam
1753 3266 1839 3333 Oeam,

1038 3365 1093 3404 nou
1122 3348 1307 3421 quomodoin
1334 3349 1387 3405 boc
1401 3348 1502 3405 saculo
1516 3348 1545 3404 in
1566 3364 1691 3423 corpore
1719 3354 1842 3409 manant

1038 3444 1335 3515 abouiaetmalis,et
1361 3445 1388 3500 in
1414 3445 1518 3514 jndicio
1547 3446 1624 3502 enim
1654 3447 1762 3517 futuro,
1797 3463 1842 3522 qna

1038 3535 1079 3591 sic
1106 3542 1239 3590 venturus
1255 3542 1307 3603 est,
1325 3533 1465 3605 quomodo
1494 3534 1571 3589 uisus
1584 3544 1630 3591 est
1656 3537 1724 3595 iens
1738 3540 1767 3595 in
1793 3552 1842 3596 co·

1037 3625 1104 3691 lum,
1141 3622 1195 3680 boc
1222 3629 1264 3679 est
1300 3623 1329 3677 in
1343 3623 1440 3679 cadem
1456 3621 1543 3679 torma
1558 3623 1609 3679 lilii
1624 3626 1842 3685 bominis.Ban·

1038 3714 1102 3770 dem
1116 3713 1209 3784 itaque
1222 3711 1337 3769 lormam
1365 3712 1505 3782 videbunt,
1521 3713 1627 3786 quibus
1645 3716 1777 3774 dicturus
1789 3726 1837 3774 est:

1041 3838 1053 3863 ι
1071 3811 1187 3879 Esurivi,
1217 3819 1244 3867 et
1257 3827 1311 3866 non
1321 3811 1436 3867 dedistis
1449 3811 1515 3866 mibi
1530 3812 1839 3887 manducandam·

1041 3910 1067 3958 et
1083 3902 1146 3973 quia
1174 3900 1260 3957 Judaei
1276 3901 1405 3956 videbunt
1419 3901 1448 3956 in
1462 3916 1543 3972 quem
1558 3914 1747 3977 pupugerunt
1760 3908 1841 3979 (apoc.

1042 3991 1072 4065 l),
1110 4005 1165 4044 non
1193 3989 1267 4043 illam
1291 3989 1344 4044 Dei
1381 3988 1505 4056 termam,
1533 3989 1563 4044 ln
1587 4006 1718 4063 quanon
1734 3992 1841 4050 arbitre-

1043 4091 1150 4140 tuaest
1180 4084 1306 4156 rapinam
1338 4100 1400 4141 esse
1428 4085 1542 4157 aequalis
1567 4084 1632 4143 Deo
1658 4088 1785 4164 (Philip.
1812 4092 1844 4159 u).

1043 4175 1073 4230 br
1111 4173 1158 4229 illa
1186 4174 1230 4229 die
1254 4181 1319 4230 tuuc
1352 4174 1486 4230 videbunt
1508 4175 1611 4241 Deum,
1642 4177 1693 4249 qui
1732 4178 1846 4235 ridebant

1044 4264 1180 4318 sirutest.
1219 4262 1279 4318 Nec
1303 4262 1367 4318 ideo
1394 4263 1536 4331 ridebunt,
1562 4264 1629 4336 quia
1654 4264 1845 4340 pnnperesspi

1045 4352 1099 4406 ritu
1126 4351 1153 4406 iu
1181 4351 1233 4407 buc
1262 4351 1317 4406 rita
1333 4352 1451 4419 suerunt,
1477 4351 1542 4424 quia
1568 4352 1667 4423 mites,
1682 4357 1846 4429 qninlogen

191 4452 274 4512 cerei,
301 4443 384 4499 urulto
412 4443 502 4501 miuus
517 4442 643 4497 diceret:
675 4438 798 4496 Ostende
811 4439 877 4494 mibi
892 4444 991 4495 temet·
1004 4424 1032 4488 D
1047 4457 1098 4519 res,
1114 4456 1250 4505 eneaetera
1267 4466 1274 4515 3
1291 4450 1338 4505 sed
1364 4450 1428 4521 quia
1450 4450 1555 4507 mundo
1572 4460 1641 4507 sunt
1669 4455 1773 4512 corde.
1795 4454 1846 4519 Qut

190 4542 293 4613 ipsum.
318 4540 380 4611 lpse
400 4554 469 4611 ergo
488 4547 547 4594 erat
566 4537 593 4592 in
611 4552 645 4593 ea
664 4535 766 4608 specie,
788 4551 842 4607 qua
861 4551 993 4609 apparere
1046 4538 1149 4596 mundo
1164 4538 1247 4594 eorde
1262 4538 1412 4607 videbitur,
1428 4540 1542 4612 quince
1554 4540 1583 4595 in
1598 4540 1667 4600 loco
1680 4543 1847 4611 ridetnr‚uac

189 4630 325 4687 soluerat.
365 4629 428 4683 Nou
448 4635 538 4683 autem
583 4627 643 4698 ipse
671 4625 822 4696 apparebat
852 4624 881 4679 iu
900 4633 994 4681 natura
1048 4627 1135 4684 oculis
1149 4627 1336 4699 corporalibus
1363 4629 1480 4698 ridetur,
1508 4632 1765 4690 necconacribitur
1783 4634 1843 4697 uisu.

190 4719 313 4792 propria,
334 4733 414 4789 quam
434 4717 544 4789 lloyses
564 4713 812 4785 riderocupiebat.
835 4714 875 4769 Ea
894 4713 994 4786 quippe
1048 4732 1099 4773 uec
1113 4720 1185 4772 tactu
1200 4723 1317 4789 tenetur,
1333 4733 1385 4776 nec
1416 4718 1528 4777 auditur
1555 4717 1657 4791 allatu,
1676 4738 1735 4783 nec
1748 4723 1848 4781 sentitur

190 4807 357 4881 promittitur
389 4805 490 4863 sanctis
509 4805 536 4861 iu
572 4804 625 4861 alia
645 4803 710 4861 rita.
754 4802 833 4860 Unda
852 4802 926 4876 quod
947 4819 988 4860 rc·
1047 4804 1167 4861 incessu.

746 5112 1035 5209 nnattdtca
1067 5115 1295 5210 TERTIA.

803 5342 1000 5410 Secundum
1020 5344 1202 5415 ioannem.

236 5528 389 5590 «Vadoad
405 5545 467 5587 eum
491 5532 536 5604 qui
550 5548 593 5590 me
620 5533 703 5605 misit,
727 5543 754 5593 et
780 5551 860 5594 nemo
884 5552 917 5593 ex
945 5552 996 5595 ro·
1052 5542 1094 5590 rot
1118 5533 1288 5605 interrogare
1313 5550 1367 5607 quo
1394 5533 1458 5592 iret.
1485 5533 1629 5595 Videbunt
1650 5538 1846 5599 cuiminmba

200 5629 243 5689 bis
271 5631 419 5704 interrogat
433 5644 477 5686 me
493 5648 499 5685 :
517 5630 576 5699 Quo
590 5632 692 5691 radis?
712 5656 724 5687 s
742 5636 837 5706 (icon.
864 5636 935 5707 sur.)
949 5635 995 5692 Si·
1049 5634 1255 5701 ascendentem,
1279 5632 1347 5691 certi
1375 5633 1409 5690 rie
1438 5633 1536 5707 gloria,
1565 5636 1615 5711 qui
1630 5638 1713 5713 prius
1727 5640 1845 5717 predicta

189 5731 306 5807 gnificat
320 5747 351 5791 sc
366 5738 422 5789 tam
436 5728 581 5789 manifeste
608 5728 718 5802 iturum,
743 5741 841 5791 utnon
854 5749 925 5807 opus
949 5734 993 5794 lo·
1048 5731 1178 5808 passione
1192 5732 1355 5806 quesierant
1370 5731 1519 5805 :Domina
1534 5748 1591 5811 quo
1606 5736 1719 5799 natet
1788 5720 1793 5727 ¹
