<?xml version="1.0" encoding="UTF-8"?>
<!DOCTYPE html PUBLIC "-//W3C//DTD XHTML 1.0 Transitional//EN"
    "http://www.w3.org/TR/xhtml1/DTD/xhtml1-transitional.dtd">
<html xmlns="http://www.w3.org/1999/xhtml" xml:lang="en" lang="en">
 <head>
  <title>
</title>
<meta http-equiv="Content-Type" content="text/html;charset=utf-8" />
  <meta name='ocr-system' content='tesseract 3.04.00' />
  <meta name='ocr-capabilities' content='ocr_page ocr_carea ocr_par ocr_line ocrx_word'/>
</head>
<body>
  <div class='ocr_page' id='page_1' title='image "./patrologiaecurs60unkngoog_0268.png"; bbox 0 0 3780 6038; ppageno 0'>
   <div class='ocr_carea' id='block_1_1' title="bbox 103 283 161 341">
    <p class='ocr_par' dir='ltr' id='par_1_1' title="bbox 103 283 161 341">
     <span class='ocr_line' id='line_1_1' title="bbox 103 283 161 341; baseline 0 0"><span class='ocrx_word' id='word_1_1' title='bbox 103 283 161 341; x_wconf 71' lang='lat'>825</span> 
     </span>
    </p>
   </div>
   <div class='ocr_carea' id='block_1_2' title="bbox 457 404 561 460">
    <p class='ocr_par' dir='ltr' id='par_1_2' title="bbox 457 404 561 460">
     <span class='ocr_line' id='line_1_2' title="bbox 457 404 561 460; baseline 0 0"><span class='ocrx_word' id='word_1_2' title='bbox 457 404 561 460; x_wconf 82' lang='lat' dir='ltr'><strong>XXIV.</strong></span> 
     </span>
    </p>
   </div>
   <div class='ocr_carea' id='block_1_3' title="bbox 108 510 908 830">
    <p class='ocr_par' dir='ltr' id='par_1_3' title="bbox 108 510 908 728">
     <span class='ocr_line' id='line_1_3' title="bbox 108 510 907 640; baseline -0.015 -68"><span class='ocrx_word' id='word_1_3' title='bbox 108 515 238 588; x_wconf 78' lang='lat' dir='ltr'>Epistola</span> <span class='ocrx_word' id='word_1_4' title='bbox 249 513 373 640; x_wconf 58' lang='lat' dir='ltr'>duperia</span> <span class='ocrx_word' id='word_1_5' title='bbox 393 512 587 584; x_wconf 74' lang='lat' dir='ltr'>deplananstr</span> <span class='ocrx_word' id='word_1_6' title='bbox 612 511 648 566; x_wconf 87' lang='lat' dir='ltr'>ud</span> <span class='ocrx_word' id='word_1_7' title='bbox 668 510 834 566; x_wconf 81' lang='lat' dir='ltr'>Prrarlmlern</span> <span class='ocrx_word' id='word_1_8' title='bbox 855 523 907 578; x_wconf 84' lang='lat' dir='ltr'>pr-</span> 
     </span>
     <span class='ocr_line' id='line_1_4' title="bbox 147 578 908 657; baseline -0.011 -18"><span class='ocrx_word' id='word_1_9' title='bbox 147 601 225 657; x_wconf 85' lang='lat' dir='ltr'>pcm.</span> <span class='ocrx_word' id='word_1_10' title='bbox 237 615 272 624; x_wconf 96' lang='lat'>—</span> <span class='ocrx_word' id='word_1_11' title='bbox 311 585 406 639; x_wconf 81' lang='lat' dir='ltr'>untias</span> <span class='ocrx_word' id='word_1_12' title='bbox 425 583 563 652; x_wconf 77' lang='lat' dir='ltr'>Allericl,</span> <span class='ocrx_word' id='word_1_13' title='bbox 581 582 689 639; x_wconf 80' lang='lat' dir='ltr'>abbatis</span> <span class='ocrx_word' id='word_1_14' title='bbox 714 578 908 639; x_wconf 70' lang='lat' dir='ltr'>cislerciensis</span> 
     </span>
     <span class='ocr_line' id='line_1_5' title="bbox 145 655 430 728; baseline -0.014 -16"><span class='ocrx_word' id='word_1_15' title='bbox 145 655 430 728; x_wconf 80' lang='lat' dir='ltr'>primicemmeradat.</span> 
     </span>
    </p>

    <p class='ocr_par' dir='ltr' id='par_1_4' title="bbox 354 757 675 830">
     <span class='ocr_line' id='line_1_6' title="bbox 354 757 675 830; baseline 0 -16"><span class='ocrx_word' id='word_1_16' title='bbox 354 762 441 829; x_wconf 88' lang='lat' dir='ltr'>(intra</span> <span class='ocrx_word' id='word_1_17' title='bbox 454 775 502 815; x_wconf 89' lang='lat' dir='ltr'>an.</span> <span class='ocrx_word' id='word_1_18' title='bbox 525 757 675 830; x_wconf 79' lang='lat' dir='ltr'>lost-ss.)</span> 
     </span>
    </p>
   </div>
   <div class='ocr_carea' id='block_1_4' title="bbox 344 846 682 923">
    <p class='ocr_par' dir='ltr' id='par_1_5' title="bbox 344 846 682 923">
     <span class='ocr_line' id='line_1_7' title="bbox 344 846 682 923; baseline -0.006 -18"><span class='ocrx_word' id='word_1_19' title='bbox 344 847 455 923; x_wconf 69' lang='grc'><strong>[10000.</strong></span> <span class='ocrx_word' id='word_1_20' title='bbox 472 849 538 905; x_wconf 84' lang='lat' dir='ltr'>ibid.</span> <span class='ocrx_word' id='word_1_21' title='bbox 555 864 583 920; x_wconf 93' lang='lat' dir='ltr'>p.</span> <span class='ocrx_word' id='word_1_22' title='bbox 600 846 682 920; x_wconf 69' lang='lat' dir='ltr'>ota]</span> 
     </span>
    </p>
   </div>
   <div class='ocr_carea' id='block_1_5' title="bbox 112 952 917 1733">
    <p class='ocr_par' dir='ltr' id='par_1_6' title="bbox 112 952 913 1205">
     <span class='ocr_line' id='line_1_8' title="bbox 150 952 912 1014; baseline -0.016 0"><span class='ocrx_word' id='word_1_23' title='bbox 150 955 381 1014; x_wconf 85' lang='lat' dir='ltr'>Reverentissimo</span> <span class='ocrx_word' id='word_1_24' title='bbox 409 956 483 1012; x_wconf 89' lang='lat' dir='ltr'>Patri</span> <span class='ocrx_word' id='word_1_25' title='bbox 511 963 539 1011; x_wconf 90' lang='lat' dir='ltr'>et</span> <span class='ocrx_word' id='word_1_26' title='bbox 566 954 678 1011; x_wconf 89' lang='lat' dir='ltr'>domino</span> <span class='ocrx_word' id='word_1_27' title='bbox 697 968 747 1008; x_wconf 95' lang='lat' dir='ltr'>suo</span> <span class='ocrx_word' id='word_1_28' title='bbox 776 952 912 1005; x_wconf 78' lang='lat' dir='ltr'>Pascrmar</span> 
     </span>
     <span class='ocr_line' id='line_1_9' title="bbox 112 1043 913 1118; baseline -0.012 -17"><span class='ocrx_word' id='word_1_29' title='bbox 112 1063 201 1118; x_wconf 87' lang='lat' dir='ltr'>papae,</span> <span class='ocrx_word' id='word_1_30' title='bbox 214 1046 303 1111; x_wconf 89' lang='grc' dir='ltr'><strong>110οο,</strong></span> <span class='ocrx_word' id='word_1_31' title='bbox 320 1043 512 1117; x_wconf 82' lang='lat' dir='ltr'>Lugdunensis</span> <span class='ocrx_word' id='word_1_32' title='bbox 525 1043 655 1098; x_wconf 76' lang='lat' dir='ltr'>Ecclesiae</span> <span class='ocrx_word' id='word_1_33' title='bbox 671 1057 781 1104; x_wconf 79' lang='lat' dir='ltr'>serane,</span> <span class='ocrx_word' id='word_1_34' title='bbox 799 1053 913 1110; x_wconf 90' lang='lat' dir='ltr'>perom-</span> 
     </span>
     <span class='ocr_line' id='line_1_10' title="bbox 113 1135 303 1205; baseline -0.016 -16"><span class='ocrx_word' id='word_1_35' title='bbox 113 1135 303 1205; x_wconf 87' lang='lat' dir='ltr'>niaseipsum.</span> 
     </span>
    </p>

    <p class='ocr_par' dir='ltr' id='par_1_7' title="bbox 114 1215 917 1733">
     <span class='ocr_line' id='line_1_11' title="bbox 152 1215 913 1293; baseline -0.012 -16"><span class='ocrx_word' id='word_1_36' title='bbox 152 1224 264 1278; x_wconf 87' lang='lat' dir='ltr'>Fratres</span> <span class='ocrx_word' id='word_1_37' title='bbox 279 1221 323 1277; x_wconf 91' lang='lat' dir='ltr'>isti</span> <span class='ocrx_word' id='word_1_38' title='bbox 337 1221 512 1293; x_wconf 81' lang='lat' dir='ltr'>praesentium</span> <span class='ocrx_word' id='word_1_39' title='bbox 527 1217 618 1292; x_wconf 80' lang='lat' dir='ltr'>geruli</span> <span class='ocrx_word' id='word_1_40' title='bbox 637 1217 670 1273; x_wconf 91' lang='lat' dir='ltr'>ad</span> <span class='ocrx_word' id='word_1_41' title='bbox 680 1215 849 1289; x_wconf 77' lang='lat' dir='ltr'>paternitatis</span> <span class='ocrx_word' id='word_1_42' title='bbox 863 1229 913 1268; x_wconf 90' lang='lat' dir='ltr'>ve·</span> 
     </span>
     <span class='ocr_line' id='line_1_12' title="bbox 114 1302 914 1378; baseline -0.014 -11"><span class='ocrx_word' id='word_1_43' title='bbox 114 1321 182 1367; x_wconf 76' lang='lat' dir='ltr'>atrae</span> <span class='ocrx_word' id='word_1_44' title='bbox 197 1310 385 1367; x_wconf 77' lang='lat' dir='ltr'>celsitudinem</span> <span class='ocrx_word' id='word_1_45' title='bbox 395 1309 538 1364; x_wconf 90' lang='lat' dir='ltr'>tendentes</span> <span class='ocrx_word' id='word_1_46' title='bbox 556 1323 605 1378; x_wconf 88' lang='lat' dir='ltr'>per</span> <span class='ocrx_word' id='word_1_47' title='bbox 615 1323 665 1362; x_wconf 87' lang='lat' dir='ltr'>nos</span> <span class='ocrx_word' id='word_1_48' title='bbox 684 1305 823 1360; x_wconf 79' lang='lat' dir='ltr'>transitum</span> <span class='ocrx_word' id='word_1_49' title='bbox 838 1302 914 1357; x_wconf 86' lang='lat' dir='ltr'>lece-</span> 
     </span>
     <span class='ocr_line' id='line_1_13' title="bbox 115 1391 917 1470; baseline -0.014 -16"><span class='ocrx_word' id='word_1_50' title='bbox 115 1407 195 1456; x_wconf 89' lang='lat' dir='ltr'>runt.</span> <span class='ocrx_word' id='word_1_51' title='bbox 212 1398 326 1470; x_wconf 79' lang='lat' dir='ltr'>Etonia</span> <span class='ocrx_word' id='word_1_52' title='bbox 350 1396 421 1452; x_wconf 89' lang='lat' dir='ltr'>inlra</span> <span class='ocrx_word' id='word_1_53' title='bbox 448 1396 617 1467; x_wconf 80' lang='lat' dir='ltr'>provinciam</span> <span class='ocrx_word' id='word_1_54' title='bbox 641 1401 774 1459; x_wconf 80' lang='lat' dir='ltr'>nostram,</span> <span class='ocrx_word' id='word_1_55' title='bbox 791 1391 917 1447; x_wconf 81' lang='lat' dir='ltr'>videlieet</span> 
     </span>
     <span class='ocr_line' id='line_1_14' title="bbox 116 1479 915 1559; baseline -0.014 -17"><span class='ocrx_word' id='word_1_56' title='bbox 116 1488 147 1542; x_wconf 88' lang='grc'>10</span> <span class='ocrx_word' id='word_1_57' title='bbox 163 1487 325 1559; x_wconf 89' lang='lat' dir='ltr'>episcopatu</span> <span class='ocrx_word' id='word_1_58' title='bbox 341 1484 524 1552; x_wconf 86' lang='lat' dir='ltr'>Cabilonensi,</span> <span class='ocrx_word' id='word_1_59' title='bbox 553 1483 774 1555; x_wconf 81' lang='lat' dir='ltr'>permansionem</span> <span class='ocrx_word' id='word_1_60' title='bbox 804 1479 915 1549; x_wconf 88' lang='lat' dir='ltr'>habent,</span> 
     </span>
     <span class='ocr_line' id='line_1_15' title="bbox 117 1570 917 1643; baseline -0.013 -12"><span class='ocrx_word' id='word_1_61' title='bbox 117 1576 280 1631; x_wconf 86' lang='lat' dir='ltr'>humilitatis</span> <span class='ocrx_word' id='word_1_62' title='bbox 296 1583 396 1630; x_wconf 76' lang='lat' dir='ltr'>nostrae</span> <span class='ocrx_word' id='word_1_63' title='bbox 406 1573 503 1628; x_wconf 92' lang='lat' dir='ltr'>litteris</span> <span class='ocrx_word' id='word_1_64' title='bbox 517 1572 589 1643; x_wconf 91' lang='lat' dir='ltr'>apud</span> <span class='ocrx_word' id='word_1_65' title='bbox 597 1570 786 1628; x_wconf 87' lang='lat' dir='ltr'>celsitudinem</span> <span class='ocrx_word' id='word_1_66' title='bbox 799 1575 917 1622; x_wconf 83' lang='lat' dir='ltr'>uestram</span> 
     </span>
     <span class='ocr_line' id='line_1_16' title="bbox 118 1660 917 1733; baseline -0.015 -12"><span class='ocrx_word' id='word_1_67' title='bbox 118 1681 151 1721; x_wconf 85' lang='lat' dir='ltr'>se</span> <span class='ocrx_word' id='word_1_68' title='bbox 162 1663 350 1721; x_wconf 89' lang='lat' dir='ltr'>commendari</span> <span class='ocrx_word' id='word_1_69' title='bbox 365 1662 501 1733; x_wconf 86' lang='lat' dir='ltr'>petierunt</span> <span class='ocrx_word' id='word_1_70' title='bbox 517 1679 523 1714; x_wconf 92' lang='lat'>:</span> <span class='ocrx_word' id='word_1_71' title='bbox 537 1660 627 1715; x_wconf 87' lang='lat' dir='ltr'>sciatis</span> <span class='ocrx_word' id='word_1_72' title='bbox 654 1667 747 1714; x_wconf 90' lang='lat' dir='ltr'>autem</span> <span class='ocrx_word' id='word_1_73' title='bbox 775 1664 840 1711; x_wconf 91' lang='lat' dir='ltr'>tunc</span> <span class='ocrx_word' id='word_1_74' title='bbox 868 1672 917 1710; x_wconf 91' lang='lat' dir='ltr'>eos</span> 
     </span>
    </p>
   </div>
   <div class='ocr_carea' id='block_1_6' title="bbox 693 275 1164 336">
    <p class='ocr_par' dir='ltr' id='par_1_8' title="bbox 693 275 1164 336">
     <span class='ocr_line' id='line_1_17' title="bbox 693 275 1164 336; baseline -0.008 -2"><span class='ocrx_word' id='word_1_75' title='bbox 693 276 867 336; x_wconf 79' lang='lat' dir='ltr'>EPISTOLAE</span> <span class='ocrx_word' id='word_1_76' title='bbox 891 278 935 333; x_wconf 87' lang='grc' dir='ltr'>ΕΤ</span> <span class='ocrx_word' id='word_1_77' title='bbox 954 275 1164 332; x_wconf 78' lang='lat' dir='ltr'>Pttttlttttatt.</span> 
     </span>
    </p>
   </div>
   <div class='ocr_carea' id='block_1_7' title="bbox 919 400 1755 470">
    <p class='ocr_par' dir='ltr' id='par_1_9' title="bbox 919 400 1755 470">
     <span class='ocr_line' id='line_1_18' title="bbox 919 400 1755 470; baseline 0.007 -16"><span class='ocrx_word' id='word_1_78' title='bbox 919 400 947 461; x_wconf 85' lang='grc' dir='ltr'>Α</span> <span class='ocrx_word' id='word_1_79' title='bbox 962 400 1072 455; x_wconf 90' lang='lat' dir='ltr'>domino</span> <span class='ocrx_word' id='word_1_80' title='bbox 1087 401 1117 457; x_wconf 87' lang='lat' dir='ltr'>P.</span> <span class='ocrx_word' id='word_1_81' title='bbox 1130 417 1180 470; x_wconf 91' lang='lat' dir='ltr'>pro</span> <span class='ocrx_word' id='word_1_82' title='bbox 1195 400 1320 455; x_wconf 84' lang='lat' dir='ltr'>Artensis</span> <span class='ocrx_word' id='word_1_83' title='bbox 1335 401 1466 458; x_wconf 74' lang='lat' dir='ltr'>Ecclesiae¹</span> <span class='ocrx_word' id='word_1_84' title='bbox 1481 403 1689 460; x_wconf 88' lang='lat' dir='ltr'>commutatione</span> <span class='ocrx_word' id='word_1_85' title='bbox 1704 419 1755 460; x_wconf 88' lang='lat' dir='ltr'>nos</span> 
     </span>
    </p>
   </div>
   <div class='ocr_carea' id='block_1_8' title="bbox 1701 278 1753 334">
    <p class='ocr_par' dir='ltr' id='par_1_10' title="bbox 1701 278 1753 334">
     <span class='ocr_line' id='line_1_19' title="bbox 1701 278 1753 334; baseline 0 0"><span class='ocrx_word' id='word_1_86' title='bbox 1701 278 1753 334; x_wconf 67' lang='lat'>526</span> 
     </span>
    </p>
   </div>
   <div class='ocr_carea' id='block_1_9' title="bbox 963 489 1767 1713">
    <p class='ocr_par' dir='ltr' id='par_1_11' title="bbox 963 489 1767 1713">
     <span class='ocr_line' id='line_1_20' title="bbox 963 489 1756 564; baseline 0.008 -21"><span class='ocrx_word' id='word_1_87' title='bbox 963 490 1076 543; x_wconf 89' lang='lat' dir='ltr'>daturos</span> <span class='ocrx_word' id='word_1_88' title='bbox 1092 489 1169 543; x_wconf 84' lang='lat' dir='ltr'>vobis</span> <span class='ocrx_word' id='word_1_89' title='bbox 1197 489 1342 545; x_wconf 85' lang='lat' dir='ltr'>ecclesiam</span> <span class='ocrx_word' id='word_1_90' title='bbox 1357 492 1390 545; x_wconf 91' lang='lat' dir='ltr'>de</span> <span class='ocrx_word' id='word_1_91' title='bbox 1405 492 1505 547; x_wconf 85' lang='lat' dir='ltr'>Sancto</span> <span class='ocrx_word' id='word_1_92' title='bbox 1521 494 1669 560; x_wconf 79' lang='lat' dir='ltr'>Germano,</span> <span class='ocrx_word' id='word_1_93' title='bbox 1694 509 1756 564; x_wconf 83' lang='lat' dir='ltr'>quae</span> 
     </span>
     <span class='ocr_line' id='line_1_21' title="bbox 963 576 1757 650; baseline 0.008 -21"><span class='ocrx_word' id='word_1_94' title='bbox 963 577 1015 630; x_wconf 90' lang='lat' dir='ltr'>sita</span> <span class='ocrx_word' id='word_1_95' title='bbox 1030 586 1069 631; x_wconf 84' lang='lat' dir='ltr'>est</span> <span class='ocrx_word' id='word_1_96' title='bbox 1084 576 1154 630; x_wconf 89' lang='lat' dir='ltr'>inter</span> <span class='ocrx_word' id='word_1_97' title='bbox 1182 576 1326 633; x_wconf 89' lang='lat' dir='ltr'>ecclesiam</span> <span class='ocrx_word' id='word_1_98' title='bbox 1342 578 1376 634; x_wconf 89' lang='lat' dir='ltr'>dc</span> <span class='ocrx_word' id='word_1_99' title='bbox 1391 579 1499 650; x_wconf 81' lang='lat' dir='ltr'>Capella</span> <span class='ocrx_word' id='word_1_100' title='bbox 1514 589 1540 636; x_wconf 90' lang='lat' dir='ltr'>et</span> <span class='ocrx_word' id='word_1_101' title='bbox 1564 581 1707 637; x_wconf 88' lang='lat' dir='ltr'>ecclesiam</span> <span class='ocrx_word' id='word_1_102' title='bbox 1722 581 1757 635; x_wconf 88' lang='lat' dir='ltr'>de</span> 
     </span>
     <span class='ocr_line' id='line_1_22' title="bbox 964 665 1757 740; baseline 0.006 -21"><span class='ocrx_word' id='word_1_103' title='bbox 964 665 1086 721; x_wconf 87' lang='lat' dir='ltr'>illarlieo.</span> <span class='ocrx_word' id='word_1_104' title='bbox 1099 665 1186 733; x_wconf 85' lang='lat' dir='ltr'>Quam</span> <span class='ocrx_word' id='word_1_105' title='bbox 1202 667 1410 737; x_wconf 78' lang='lat' dir='ltr'>promissionem</span> <span class='ocrx_word' id='word_1_106' title='bbox 1426 685 1497 724; x_wconf 90' lang='lat' dir='ltr'>nunc</span> <span class='ocrx_word' id='word_1_107' title='bbox 1513 669 1687 740; x_wconf 86' lang='lat' dir='ltr'>perficientes</span> <span class='ocrx_word' id='word_1_108' title='bbox 1697 685 1757 726; x_wconf 90' lang='lat' dir='ltr'>eon·</span> 
     </span>
     <span class='ocr_line' id='line_1_23' title="bbox 965 753 1760 830; baseline 0.004 -21"><span class='ocrx_word' id='word_1_109' title='bbox 965 753 1087 809; x_wconf 88' lang='lat' dir='ltr'>cedimus</span> <span class='ocrx_word' id='word_1_110' title='bbox 1105 753 1182 809; x_wconf 84' lang='lat' dir='ltr'>uobis</span> <span class='ocrx_word' id='word_1_111' title='bbox 1206 763 1232 809; x_wconf 86' lang='lat' dir='ltr'>et</span> <span class='ocrx_word' id='word_1_112' title='bbox 1259 755 1384 811; x_wconf 89' lang='lat' dir='ltr'>ecelesiae</span> <span class='ocrx_word' id='word_1_113' title='bbox 1408 757 1546 813; x_wconf 85' lang='lat' dir='ltr'>cluniensi</span> <span class='ocrx_word' id='word_1_114' title='bbox 1575 759 1760 830; x_wconf 84' lang='lat' dir='ltr'>supradictam</span> 
     </span>
     <span class='ocr_line' id='line_1_24' title="bbox 966 841 1762 919; baseline 0.008 -22"><span class='ocrx_word' id='word_1_115' title='bbox 966 841 1112 898; x_wconf 88' lang='lat' dir='ltr'>ecelesiam</span> <span class='ocrx_word' id='word_1_116' title='bbox 1131 842 1223 898; x_wconf 84' lang='lat' dir='ltr'>Sancti</span> <span class='ocrx_word' id='word_1_117' title='bbox 1239 843 1365 898; x_wconf 87' lang='lat' dir='ltr'>Germani</span> <span class='ocrx_word' id='word_1_118' title='bbox 1383 844 1444 914; x_wconf 86' lang='lat' dir='ltr'>jure</span> <span class='ocrx_word' id='word_1_119' title='bbox 1459 855 1590 918; x_wconf 89' lang='lat' dir='ltr'>perpetuo</span> <span class='ocrx_word' id='word_1_120' title='bbox 1617 847 1762 919; x_wconf 88' lang='lat' dir='ltr'>possiden·</span> 
     </span>
     <span class='ocr_line' id='line_1_25' title="bbox 966 930 1763 1003; baseline 0.009 -18"><span class='ocrx_word' id='word_1_121' title='bbox 966 932 1038 997; x_wconf 89' lang='lat' dir='ltr'>dam,</span> <span class='ocrx_word' id='word_1_122' title='bbox 1054 930 1203 986; x_wconf 88' lang='lat' dir='ltr'>retinentes</span> <span class='ocrx_word' id='word_1_123' title='bbox 1231 930 1258 985; x_wconf 92' lang='lat' dir='ltr'>in</span> <span class='ocrx_word' id='word_1_124' title='bbox 1273 948 1304 986; x_wconf 89' lang='lat' dir='ltr'>ca</span> <span class='ocrx_word' id='word_1_125' title='bbox 1319 932 1465 1003; x_wconf 83' lang='lat' dir='ltr'>synodales</span> <span class='ocrx_word' id='word_1_126' title='bbox 1488 951 1588 991; x_wconf 90' lang='lat' dir='ltr'>census</span> <span class='ocrx_word' id='word_1_127' title='bbox 1609 944 1634 991; x_wconf 91' lang='lat' dir='ltr'>et</span> <span class='ocrx_word' id='word_1_128' title='bbox 1649 953 1763 993; x_wconf 89' lang='lat' dir='ltr'>censum</span> 
     </span>
     <span class='ocr_line' id='line_1_26' title="bbox 967 1018 1762 1090; baseline 0.009 -17"><span class='ocrx_word' id='word_1_129' title='bbox 967 1018 1051 1074; x_wconf 90' lang='lat' dir='ltr'>alium</span> <span class='ocrx_word' id='word_1_130' title='bbox 1072 1035 1153 1090; x_wconf 88' lang='lat' dir='ltr'>quem</span> <span class='ocrx_word' id='word_1_131' title='bbox 1169 1019 1255 1074; x_wconf 75' lang='lat' dir='ltr'>beatae</span> <span class='ocrx_word' id='word_1_132' title='bbox 1269 1037 1410 1076; x_wconf 77' lang='lat' dir='ltr'>memoriae</span> <span class='ocrx_word' id='word_1_133' title='bbox 1423 1022 1540 1078; x_wconf 91' lang='lat' dir='ltr'>domnus</span> <span class='ocrx_word' id='word_1_134' title='bbox 1568 1024 1702 1080; x_wconf 88' lang='lat' dir='ltr'>Gibuinus</span> <span class='ocrx_word' id='word_1_135' title='bbox 1716 1042 1762 1081; x_wconf 90' lang='lat' dir='ltr'>ar-</span> 
     </span>
     <span class='ocr_line' id='line_1_27' title="bbox 967 1106 1764 1186; baseline 0.008 -23"><span class='ocrx_word' id='word_1_136' title='bbox 967 1106 1157 1178; x_wconf 82' lang='lat' dir='ltr'>chiepiscopus</span> <span class='ocrx_word' id='word_1_137' title='bbox 1173 1108 1200 1161; x_wconf 91' lang='lat' dir='ltr'>in</span> <span class='ocrx_word' id='word_1_138' title='bbox 1216 1107 1260 1163; x_wconf 91' lang='lat' dir='ltr'>illa</span> <span class='ocrx_word' id='word_1_139' title='bbox 1288 1109 1429 1181; x_wconf 78' lang='lat' dir='ltr'>imposuit,</span> <span class='ocrx_word' id='word_1_140' title='bbox 1445 1111 1626 1167; x_wconf 90' lang='lat' dir='ltr'>obedientiam</span> <span class='ocrx_word' id='word_1_141' title='bbox 1655 1130 1764 1186; x_wconf 86' lang='lat' dir='ltr'>quoque</span> 
     </span>
     <span class='ocr_line' id='line_1_28' title="bbox 968 1196 1767 1268; baseline 0.011 -19"><span class='ocrx_word' id='word_1_142' title='bbox 968 1202 994 1250; x_wconf 89' lang='lat' dir='ltr'>et</span> <span class='ocrx_word' id='word_1_143' title='bbox 1009 1196 1191 1250; x_wconf 88' lang='lat' dir='ltr'>reuerentiam</span> <span class='ocrx_word' id='word_1_144' title='bbox 1210 1196 1391 1268; x_wconf 74' lang='lat' dir='ltr'>episcopalem</span> <span class='ocrx_word' id='word_1_145' title='bbox 1407 1199 1476 1254; x_wconf 90' lang='lat' dir='ltr'>sicut</span> <span class='ocrx_word' id='word_1_146' title='bbox 1488 1200 1515 1254; x_wconf 91' lang='lat' dir='ltr'>in</span> <span class='ocrx_word' id='word_1_147' title='bbox 1530 1201 1767 1258; x_wconf 80' lang='lat' dir='ltr'>eaeteriseecleaiis</span> 
     </span>
     <span class='ocr_line' id='line_1_29' title="bbox 970 1284 1766 1360; baseline 0.011 -22"><span class='ocrx_word' id='word_1_148' title='bbox 970 1299 1037 1355; x_wconf 90' lang='lat' dir='ltr'>quas</span> <span class='ocrx_word' id='word_1_149' title='bbox 1054 1284 1133 1343; x_wconf 90' lang='lat' dir='ltr'>beato</span> <span class='ocrx_word' id='word_1_150' title='bbox 1150 1284 1228 1340; x_wconf 87' lang='lat' dir='ltr'>Petro</span> <span class='ocrx_word' id='word_1_151' title='bbox 1255 1287 1452 1343; x_wconf 81' lang='lat' dir='ltr'>concessimus.</span> <span class='ocrx_word' id='word_1_152' title='bbox 1484 1288 1599 1360; x_wconf 79' lang='lat' dir='ltr'>Signum</span> <span class='ocrx_word' id='word_1_153' title='bbox 1614 1290 1699 1345; x_wconf 88' lang='lat' dir='ltr'>Girini</span> <span class='ocrx_word' id='word_1_154' title='bbox 1718 1290 1766 1346; x_wconf 90' lang='lat' dir='ltr'>de-</span> 
     </span>
     <span class='ocr_line' id='line_1_30' title="bbox 970 1373 1761 1448; baseline 0.005 -19"><span class='ocrx_word' id='word_1_155' title='bbox 970 1373 1033 1429; x_wconf 91' lang='lat' dir='ltr'>cani</span> <span class='ocrx_word' id='word_1_156' title='bbox 1048 1373 1077 1429; x_wconf 88' lang='lat' dir='ltr'>S.</span> <span class='ocrx_word' id='word_1_157' title='bbox 1095 1373 1223 1428; x_wconf 88' lang='lat' dir='ltr'>Teotardi</span> <span class='ocrx_word' id='word_1_158' title='bbox 1247 1376 1402 1430; x_wconf 90' lang='lat' dir='ltr'>camerarii.</span> <span class='ocrx_word' id='word_1_159' title='bbox 1418 1375 1450 1433; x_wconf 93' lang='lat' dir='ltr'>S.</span> <span class='ocrx_word' id='word_1_160' title='bbox 1465 1376 1551 1432; x_wconf 88' lang='lat' dir='ltr'>Girini</span> <span class='ocrx_word' id='word_1_161' title='bbox 1565 1378 1710 1448; x_wconf 90' lang='lat' dir='ltr'>capellani.</span> <span class='ocrx_word' id='word_1_162' title='bbox 1730 1381 1761 1436; x_wconf 88' lang='lat' dir='ltr'>S.</span> 
     </span>
     <span class='ocr_line' id='line_1_31' title="bbox 970 1460 1765 1538; baseline 0.009 -22"><span class='ocrx_word' id='word_1_163' title='bbox 970 1460 1277 1517; x_wconf 89' lang='lat' dir='ltr'>Gausceranicantoris.</span> <span class='ocrx_word' id='word_1_164' title='bbox 1295 1463 1322 1518; x_wconf 93' lang='lat' dir='ltr'>S.</span> <span class='ocrx_word' id='word_1_165' title='bbox 1339 1465 1455 1520; x_wconf 69' lang='lat' dir='ltr'>arnaldi</span> <span class='ocrx_word' id='word_1_166' title='bbox 1467 1466 1604 1538; x_wconf 81' lang='lat' dir='ltr'>magistri.</span> <span class='ocrx_word' id='word_1_167' title='bbox 1622 1468 1651 1522; x_wconf 92' lang='lat' dir='ltr'>S.</span> <span class='ocrx_word' id='word_1_168' title='bbox 1672 1468 1765 1523; x_wconf 89' lang='lat' dir='ltr'>Godo·</span> 
     </span>
     <span class='ocr_line' id='line_1_32' title="bbox 971 1549 1452 1623; baseline 0.006 -21"><span class='ocrx_word' id='word_1_169' title='bbox 971 1549 1013 1602; x_wconf 90' lang='lat' dir='ltr'>nis</span> <span class='ocrx_word' id='word_1_170' title='bbox 1028 1549 1156 1605; x_wconf 86' lang='lat' dir='ltr'>canonici</span> <span class='ocrx_word' id='word_1_171' title='bbox 1171 1558 1197 1605; x_wconf 90' lang='lat' dir='ltr'>et</span> <span class='ocrx_word' id='word_1_172' title='bbox 1210 1551 1452 1623; x_wconf 65' lang='lat' dir='ltr'>archipresbyteri.</span> 
     </span>
     <span class='ocr_line' id='line_1_33' title="bbox 1006 1638 1767 1713; baseline 0.012 -22"><span class='ocrx_word' id='word_1_173' title='bbox 1006 1638 1767 1713; x_wconf 65' lang='grc'><strong>10100100000100001000000110010110101010001106,</strong></span> 
     </span>
    </p>
   </div>
   <div class='ocr_carea' id='block_1_10' title="bbox 118 1726 1199 1826">
    <p class='ocr_par' dir='ltr' id='par_1_12' title="bbox 118 1726 1199 1826">
     <span class='ocr_line' id='line_1_34' title="bbox 118 1726 1199 1826; baseline -0.013 -17"><span class='ocrx_word' id='word_1_174' title='bbox 118 1754 154 1809; x_wconf 85' lang='grc'>(10</span> <span class='ocrx_word' id='word_1_175' title='bbox 166 1751 358 1826; x_wconf 87' lang='lat' dir='ltr'>quodamloco</span> <span class='ocrx_word' id='word_1_176' title='bbox 378 1750 426 1821; x_wconf 90' lang='lat' dir='ltr'>qui</span> <span class='ocrx_word' id='word_1_177' title='bbox 440 1751 547 1805; x_wconf 86' lang='lat' dir='ltr'>Nouum</span> <span class='ocrx_word' id='word_1_178' title='bbox 576 1748 775 1803; x_wconf 89' lang='lat' dir='ltr'>monasterium</span> <span class='ocrx_word' id='word_1_179' title='bbox 797 1753 916 1810; x_wconf 85' lang='lat' dir='ltr'>roratur,</span> <span class='ocrx_word' id='word_1_180' title='bbox 933 1751 961 1812; x_wconf 84' lang='grc' dir='ltr'>Β</span> <span class='ocrx_word' id='word_1_181' title='bbox 976 1726 1123 1783; x_wconf 66' lang='lat' dir='ltr'>lssdlssllofle</span> <span class='ocrx_word' id='word_1_182' title='bbox 1139 1742 1199 1781; x_wconf 65' lang='lat'>¹¹¹¹·</span> 
     </span>
    </p>
   </div>
   <div class='ocr_carea' id='block_1_11' title="bbox 118 1834 923 3050">
    <p class='ocr_par' dir='ltr' id='par_1_13' title="bbox 118 1834 923 3050">
     <span class='ocr_line' id='line_1_35' title="bbox 118 1834 920 1915; baseline -0.016 -16"><span class='ocrx_word' id='word_1_183' title='bbox 118 1843 253 1915; x_wconf 80' lang='lat' dir='ltr'>adquam</span> <span class='ocrx_word' id='word_1_184' title='bbox 278 1840 312 1896; x_wconf 91' lang='lat' dir='ltr'>de</span> <span class='ocrx_word' id='word_1_185' title='bbox 338 1838 507 1894; x_wconf 82' lang='lat' dir='ltr'>llolismensi</span> <span class='ocrx_word' id='word_1_186' title='bbox 522 1837 646 1893; x_wconf 89' lang='lat' dir='ltr'>Ecclesia</span> <span class='ocrx_word' id='word_1_187' title='bbox 673 1850 735 1891; x_wconf 92' lang='lat' dir='ltr'>cum</span> <span class='ocrx_word' id='word_1_188' title='bbox 750 1834 847 1888; x_wconf 88' lang='lat' dir='ltr'>abbate</span> <span class='ocrx_word' id='word_1_189' title='bbox 871 1848 920 1887; x_wconf 94' lang='lat' dir='ltr'>suo</span> 
     </span>
     <span class='ocr_line' id='line_1_36' title="bbox 120 1922 920 1999; baseline -0.016 -12"><span class='ocrx_word' id='word_1_190' title='bbox 120 1937 255 1988; x_wconf 81' lang='lat' dir='ltr'>exeuntes</span> <span class='ocrx_word' id='word_1_191' title='bbox 281 1935 393 1999; x_wconf 88' lang='lat' dir='ltr'>propter</span> <span class='ocrx_word' id='word_1_192' title='bbox 406 1926 550 1983; x_wconf 87' lang='lat' dir='ltr'>arctiorem</span> <span class='ocrx_word' id='word_1_193' title='bbox 580 1934 607 1980; x_wconf 90' lang='lat' dir='ltr'>et</span> <span class='ocrx_word' id='word_1_194' title='bbox 634 1923 810 1979; x_wconf 87' lang='lat' dir='ltr'>secretiorem</span> <span class='ocrx_word' id='word_1_195' title='bbox 839 1922 920 1976; x_wconf 85' lang='lat' dir='ltr'>uitam</span> 
     </span>
     <span class='ocr_line' id='line_1_37' title="bbox 120 2013 921 2088; baseline -0.014 -12"><span class='ocrx_word' id='word_1_196' title='bbox 120 2018 275 2076; x_wconf 85' lang='lat' dir='ltr'>seeundum</span> <span class='ocrx_word' id='word_1_197' title='bbox 288 2016 419 2088; x_wconf 78' lang='lat' dir='ltr'>Regulam</span> <span class='ocrx_word' id='word_1_198' title='bbox 433 2015 521 2069; x_wconf 90' lang='lat' dir='ltr'>saneti</span> <span class='ocrx_word' id='word_1_199' title='bbox 533 2013 759 2084; x_wconf 87' lang='lat' dir='ltr'>Benedictiqaam</span> <span class='ocrx_word' id='word_1_200' title='bbox 770 2026 921 2082; x_wconf 88' lang='lat' dir='ltr'>proposue-</span> 
     </span>
     <span class='ocr_line' id='line_1_38' title="bbox 120 2099 920 2170; baseline -0.015 -7"><span class='ocrx_word' id='word_1_201' title='bbox 120 2117 182 2163; x_wconf 88' lang='lat' dir='ltr'>rant</span> <span class='ocrx_word' id='word_1_202' title='bbox 197 2106 344 2162; x_wconf 88' lang='lat' dir='ltr'>tenendam</span> <span class='ocrx_word' id='word_1_203' title='bbox 359 2103 534 2159; x_wconf 85' lang='lat' dir='ltr'>habitandam</span> <span class='ocrx_word' id='word_1_204' title='bbox 549 2109 691 2167; x_wconf 86' lang='lat' dir='ltr'>venerunt,</span> <span class='ocrx_word' id='word_1_205' title='bbox 707 2099 838 2170; x_wconf 88' lang='lat' dir='ltr'>depositis</span> <span class='ocrx_word' id='word_1_206' title='bbox 853 2113 920 2169; x_wconf 86' lang='lat' dir='ltr'>quo·</span> 
     </span>
     <span class='ocr_line' id='line_1_39' title="bbox 124 2186 920 2253; baseline -0.016 -2"><span class='ocrx_word' id='word_1_207' title='bbox 124 2195 250 2251; x_wconf 89' lang='lat' dir='ltr'>rumdam</span> <span class='ocrx_word' id='word_1_208' title='bbox 261 2193 486 2249; x_wconf 90' lang='lat' dir='ltr'>monasteriorum</span> <span class='ocrx_word' id='word_1_209' title='bbox 502 2188 758 2253; x_wconf 83' lang='lat' dir='ltr'>consuetudinibus,</span> <span class='ocrx_word' id='word_1_210' title='bbox 775 2186 920 2243; x_wconf 88' lang='lat' dir='ltr'>imbecilli-</span> 
     </span>
     <span class='ocr_line' id='line_1_40' title="bbox 119 2270 922 2345; baseline -0.015 -10"><span class='ocrx_word' id='word_1_211' title='bbox 119 2288 205 2335; x_wconf 90' lang='lat' dir='ltr'>tatem</span> <span class='ocrx_word' id='word_1_212' title='bbox 221 2293 298 2334; x_wconf 90' lang='lat' dir='ltr'>suam</span> <span class='ocrx_word' id='word_1_213' title='bbox 312 2276 347 2332; x_wconf 90' lang='lat' dir='ltr'>ad</span> <span class='ocrx_word' id='word_1_214' title='bbox 364 2283 468 2330; x_wconf 91' lang='lat' dir='ltr'>tanturn</span> <span class='ocrx_word' id='word_1_215' title='bbox 496 2273 604 2345; x_wconf 88' lang='lat' dir='ltr'>pondus</span> <span class='ocrx_word' id='word_1_216' title='bbox 620 2271 808 2327; x_wconf 84' lang='lat' dir='ltr'>sustinendam</span> <span class='ocrx_word' id='word_1_217' title='bbox 837 2270 922 2339; x_wconf 90' lang='lat' dir='ltr'>impa-</span> 
     </span>
     <span class='ocr_line' id='line_1_41' title="bbox 121 2358 920 2436; baseline -0.015 -12"><span class='ocrx_word' id='word_1_218' title='bbox 121 2384 183 2424; x_wconf 89' lang='lat' dir='ltr'>rem</span> <span class='ocrx_word' id='word_1_219' title='bbox 196 2365 363 2436; x_wconf 88' lang='lat' dir='ltr'>judicantes.</span> <span class='ocrx_word' id='word_1_220' title='bbox 380 2364 457 2419; x_wconf 89' lang='lat' dir='ltr'>Unde</span> <span class='ocrx_word' id='word_1_221' title='bbox 471 2361 655 2418; x_wconf 88' lang='lat' dir='ltr'>blolismensis</span> <span class='ocrx_word' id='word_1_222' title='bbox 670 2359 803 2415; x_wconf 79' lang='lat' dir='ltr'>Ecclesiae</span> <span class='ocrx_word' id='word_1_223' title='bbox 812 2358 920 2425; x_wconf 81' lang='lat' dir='ltr'>iratres,</span> 
     </span>
     <span class='ocr_line' id='line_1_42' title="bbox 121 2449 922 2528; baseline -0.014 -16"><span class='ocrx_word' id='word_1_224' title='bbox 121 2466 150 2512; x_wconf 90' lang='lat' dir='ltr'>et</span> <span class='ocrx_word' id='word_1_225' title='bbox 166 2453 334 2528; x_wconf 90' lang='lat' dir='ltr'>quidamalli</span> <span class='ocrx_word' id='word_1_226' title='bbox 351 2454 511 2522; x_wconf 84' lang='lat' dir='ltr'>adjacentes</span> <span class='ocrx_word' id='word_1_227' title='bbox 525 2450 649 2506; x_wconf 88' lang='lat' dir='ltr'>monaehi</span> <span class='ocrx_word' id='word_1_228' title='bbox 674 2466 721 2503; x_wconf 84' lang='lat' dir='ltr'>eos</span> <span class='ocrx_word' id='word_1_229' title='bbox 750 2449 880 2504; x_wconf 84' lang='lat' dir='ltr'>inlestare</span> <span class='ocrx_word' id='word_1_230' title='bbox 896 2454 922 2502; x_wconf 90' lang='lat' dir='ltr'>et</span> 
     </span>
     <span class='ocr_line' id='line_1_43' title="bbox 120 2537 922 2617; baseline -0.014 -16"><span class='ocrx_word' id='word_1_231' title='bbox 120 2544 276 2617; x_wconf 87' lang='lat' dir='ltr'>inquietare</span> <span class='ocrx_word' id='word_1_232' title='bbox 291 2558 345 2597; x_wconf 89' lang='lat' dir='ltr'>non</span> <span class='ocrx_word' id='word_1_233' title='bbox 361 2540 500 2606; x_wconf 83' lang='lat' dir='ltr'>desinunt,</span> <span class='ocrx_word' id='word_1_234' title='bbox 529 2539 696 2594; x_wconf 72' lang='lat' dir='ltr'>aestimantes</span> <span class='ocrx_word' id='word_1_235' title='bbox 724 2554 753 2592; x_wconf 91' lang='lat' dir='ltr'>se</span> <span class='ocrx_word' id='word_1_236' title='bbox 769 2537 880 2592; x_wconf 83' lang='lat' dir='ltr'>viliores</span> <span class='ocrx_word' id='word_1_237' title='bbox 895 2544 922 2590; x_wconf 87' lang='lat' dir='ltr'>et</span> 
     </span>
     <span class='ocr_line' id='line_1_44' title="bbox 120 2625 923 2703; baseline -0.014 -14"><span class='ocrx_word' id='word_1_238' title='bbox 120 2632 311 2703; x_wconf 84' lang='lat' dir='ltr'>despectiores</span> <span class='ocrx_word' id='word_1_239' title='bbox 326 2629 421 2684; x_wconf 89' lang='lat' dir='ltr'>baberi</span> <span class='ocrx_word' id='word_1_240' title='bbox 437 2627 509 2699; x_wconf 88' lang='lat' dir='ltr'>apud</span> <span class='ocrx_word' id='word_1_241' title='bbox 521 2627 661 2691; x_wconf 80' lang='lat' dir='ltr'>saeculum,</span> <span class='ocrx_word' id='word_1_242' title='bbox 678 2626 701 2680; x_wconf 85' lang='lat' dir='ltr'>si</span> <span class='ocrx_word' id='word_1_243' title='bbox 715 2625 845 2697; x_wconf 85' lang='lat' dir='ltr'>istiquasi</span> <span class='ocrx_word' id='word_1_244' title='bbox 861 2625 923 2678; x_wconf 92' lang='lat' dir='ltr'>siu-</span> 
     </span>
     <span class='ocr_line' id='line_1_45' title="bbox 122 2713 922 2794; baseline -0.014 -18"><span class='ocrx_word' id='word_1_245' title='bbox 122 2720 275 2794; x_wconf 81' lang='lat' dir='ltr'>gulareset</span> <span class='ocrx_word' id='word_1_246' title='bbox 290 2719 353 2774; x_wconf 86' lang='grc'><strong>0001</strong></span> <span class='ocrx_word' id='word_1_247' title='bbox 372 2717 498 2772; x_wconf 89' lang='lat' dir='ltr'>monachi</span> <span class='ocrx_word' id='word_1_248' title='bbox 521 2717 592 2770; x_wconf 85' lang='lat' dir='ltr'>inter</span> <span class='ocrx_word' id='word_1_249' title='bbox 607 2731 655 2769; x_wconf 90' lang='lat' dir='ltr'>eos</span> <span class='ocrx_word' id='word_1_250' title='bbox 671 2714 793 2768; x_wconf 84' lang='lat' dir='ltr'>babitare</span> <span class='ocrx_word' id='word_1_251' title='bbox 810 2713 922 2768; x_wconf 84' lang='lat' dir='ltr'>ridean-</span> 
     </span>
     <span class='ocr_line' id='line_1_46' title="bbox 121 2801 921 2881; baseline -0.014 -16"><span class='ocrx_word' id='word_1_252' title='bbox 121 2820 168 2866; x_wconf 91' lang='lat' dir='ltr'>tur</span> <span class='ocrx_word' id='word_1_253' title='bbox 185 2825 193 2879; x_wconf 89' lang='lat'>;</span> <span class='ocrx_word' id='word_1_254' title='bbox 209 2815 378 2881; x_wconf 87' lang='lat' dir='ltr'>quapropter</span> <span class='ocrx_word' id='word_1_255' title='bbox 402 2804 681 2861; x_wconf 87' lang='lat' dir='ltr'>desiderantissimam</span> <span class='ocrx_word' id='word_1_256' title='bbox 698 2802 777 2857; x_wconf 89' lang='lat' dir='ltr'>nobis</span> <span class='ocrx_word' id='word_1_257' title='bbox 799 2801 921 2871; x_wconf 88' lang='lat' dir='ltr'>paterni·</span> 
     </span>
     <span class='ocr_line' id='line_1_47' title="bbox 120 2890 921 2960; baseline -0.015 -5"><span class='ocrx_word' id='word_1_258' title='bbox 120 2904 207 2955; x_wconf 89' lang='lat' dir='ltr'>tatem</span> <span class='ocrx_word' id='word_1_259' title='bbox 224 2905 344 2952; x_wconf 82' lang='lat' dir='ltr'>uestram</span> <span class='ocrx_word' id='word_1_260' title='bbox 360 2893 498 2948; x_wconf 89' lang='lat' dir='ltr'>humiliter</span> <span class='ocrx_word' id='word_1_261' title='bbox 508 2900 535 2947; x_wconf 93' lang='lat' dir='ltr'>et</span> <span class='ocrx_word' id='word_1_262' title='bbox 550 2908 609 2947; x_wconf 91' lang='lat' dir='ltr'>cam</span> <span class='ocrx_word' id='word_1_263' title='bbox 626 2890 921 2960; x_wconf 81' lang='lat' dir='ltr'>fiduciadeprecamur,</span> 
     </span>
     <span class='ocr_line' id='line_1_48' title="bbox 121 2978 922 3050; baseline -0.014 -7"><span class='ocrx_word' id='word_1_264' title='bbox 121 2997 153 3043; x_wconf 93' lang='lat' dir='ltr'>ut</span> <span class='ocrx_word' id='word_1_265' title='bbox 177 2984 358 3041; x_wconf 81' lang='lat' dir='ltr'>tratresistos</span> <span class='ocrx_word' id='word_1_266' title='bbox 385 2991 467 3036; x_wconf 91' lang='lat' dir='ltr'>totam</span> <span class='ocrx_word' id='word_1_267' title='bbox 493 2997 572 3050; x_wconf 81' lang='lat' dir='ltr'>spem</span> <span class='ocrx_word' id='word_1_268' title='bbox 595 2995 671 3034; x_wconf 91' lang='lat' dir='ltr'>suam</span> <span class='ocrx_word' id='word_1_269' title='bbox 687 2979 714 3032; x_wconf 91' lang='lat' dir='ltr'>in</span> <span class='ocrx_word' id='word_1_270' title='bbox 744 2978 830 3042; x_wconf 86' lang='lat' dir='ltr'>robis,</span> <span class='ocrx_word' id='word_1_271' title='bbox 862 2987 922 3048; x_wconf 89' lang='lat' dir='ltr'>post</span> 
     </span>
    </p>
   </div>
   <div class='ocr_carea' id='block_1_12' title="bbox 1304 1907 1433 1963">
    <p class='ocr_par' dir='ltr' id='par_1_14' title="bbox 1304 1907 1433 1963">
     <span class='ocr_line' id='line_1_49' title="bbox 1304 1907 1433 1963; baseline 0.016 -2"><span class='ocrx_word' id='word_1_272' title='bbox 1304 1907 1433 1963; x_wconf 80' lang='lat' dir='ltr'>xxvsst.</span> 
     </span>
    </p>
   </div>
   <div class='ocr_carea' id='block_1_13' title="bbox 974 2010 1771 2228">
    <p class='ocr_par' dir='ltr' id='par_1_15' title="bbox 974 2010 1771 2228">
     <span class='ocr_line' id='line_1_50' title="bbox 974 2010 1771 2104; baseline 0.011 -38"><span class='ocrx_word' id='word_1_273' title='bbox 974 2010 1054 2104; x_wconf 75' lang='lat' dir='ltr'>Hupo</span> <span class='ocrx_word' id='word_1_274' title='bbox 1070 2012 1264 2096; x_wconf 23' lang='lat' dir='ltr'>Ltupduneyasir</span> <span class='ocrx_word' id='word_1_275' title='bbox 1282 2014 1508 2086; x_wconf 74' lang='lat' dir='ltr'>archiepiscopus</span> <span class='ocrx_word' id='word_1_276' title='bbox 1525 2031 1620 2072; x_wconf 87' lang='lat' dir='ltr'>coram</span> <span class='ocrx_word' id='word_1_277' title='bbox 1636 2016 1771 2090; x_wconf 74' lang='lat' dir='ltr'>episcopia</span> 
     </span>
     <span class='ocr_line' id='line_1_51' title="bbox 1012 2084 1771 2158; baseline 0.009 -19"><span class='ocrx_word' id='word_1_278' title='bbox 1012 2085 1287 2155; x_wconf 61' lang='lat' dir='ltr'>(rratranopolrlcnn</span> <span class='ocrx_word' id='word_1_279' title='bbox 1297 2084 1428 2140; x_wconf 75' lang='grc'><strong>1110000101</strong></span> <span class='ocrx_word' id='word_1_280' title='bbox 1440 2088 1620 2158; x_wconf 71' lang='lat' dir='ltr'>disponens-t,</span> <span class='ocrx_word' id='word_1_281' title='bbox 1630 2104 1690 2143; x_wconf 87' lang='lat' dir='ltr'>rom</span> <span class='ocrx_word' id='word_1_282' title='bbox 1709 2091 1771 2146; x_wconf 78' lang='lat' dir='ltr'>enit</span> 
     </span>
     <span class='ocr_line' id='line_1_52' title="bbox 1009 2154 1771 2228; baseline 0.01 -20"><span class='ocrx_word' id='word_1_283' title='bbox 1009 2155 1178 2209; x_wconf 78' lang='lat' dir='ltr'>discordium</span> <span class='ocrx_word' id='word_1_284' title='bbox 1187 2154 1264 2209; x_wconf 82' lang='lat' dir='ltr'>irater</span> <span class='ocrx_word' id='word_1_285' title='bbox 1275 2155 1423 2211; x_wconf 81' lang='lat' dir='ltr'>oronualrus</span> <span class='ocrx_word' id='word_1_286' title='bbox 1432 2157 1532 2213; x_wconf 83' lang='lat' dir='ltr'>Sancti</span> <span class='ocrx_word' id='word_1_287' title='bbox 1543 2159 1661 2228; x_wconf 79' lang='lat' dir='ltr'>Renipni</span> <span class='ocrx_word' id='word_1_288' title='bbox 1702 2162 1771 2216; x_wconf 84' lang='lat' dir='ltr'>ieie·</span> 
     </span>
    </p>
   </div>
   <div class='ocr_carea' id='block_1_14' title="bbox 1009 2226 1771 2351">
    <p class='ocr_par' dir='ltr' id='par_1_16' title="bbox 1009 2226 1771 2351">
     <span class='ocr_line' id='line_1_53' title="bbox 1009 2226 1771 2350; baseline 0.012 -72"><span class='ocrx_word' id='word_1_289' title='bbox 1009 2227 1110 2350; x_wconf 62' lang='grc' dir='ltr'><strong>00ηοξῖ</strong></span> <span class='ocrx_word' id='word_1_290' title='bbox 1131 2229 1159 2279; x_wconf 86' lang='grc'>01</span> <span class='ocrx_word' id='word_1_291' title='bbox 1172 2226 1287 2281; x_wconf 85' lang='lat' dir='ltr'>elericos</span> <span class='ocrx_word' id='word_1_292' title='bbox 1308 2226 1473 2283; x_wconf 77' lang='lat' dir='ltr'>bisuntinos</span> <span class='ocrx_word' id='word_1_293' title='bbox 1485 2244 1536 2300; x_wconf 90' lang='lat' dir='ltr'>pro</span> <span class='ocrx_word' id='word_1_294' title='bbox 1550 2229 1677 2285; x_wconf 81' lang='lat' dir='ltr'>ecclesiia</span> <span class='ocrx_word' id='word_1_295' title='bbox 1698 2232 1771 2290; x_wconf 86' lang='lat' dir='ltr'>Seli-</span> 
     </span>
     <span class='ocr_line' id='line_1_54' title="bbox 1010 2311 1156 2351; baseline 0 -2"><span class='ocrx_word' id='word_1_296' title='bbox 1010 2311 1094 2350; x_wconf 82' lang='lat' dir='ltr'>aeurr</span> <span class='ocrx_word' id='word_1_297' title='bbox 1112 2311 1156 2351; x_wconf 83' lang='lat' dir='ltr'>ur.</span> 
     </span>
    </p>
   </div>
   <div class='ocr_carea' id='block_1_15' title="bbox 1072 2385 1673 2562">
    <p class='ocr_par' dir='ltr' id='par_1_17' title="bbox 1072 2385 1673 2562">
     <span class='ocr_line' id='line_1_55' title="bbox 1273 2385 1474 2457; baseline 0.005 -16"><span class='ocrx_word' id='word_1_298' title='bbox 1273 2385 1365 2449; x_wconf 77' lang='lat' dir='ltr'>(duno</span> <span class='ocrx_word' id='word_1_299' title='bbox 1382 2387 1474 2457; x_wconf 86' lang='grc'><strong>1106.)</strong></span> 
     </span>
     <span class='ocr_line' id='line_1_56' title="bbox 1072 2481 1673 2562; baseline 0.022 -29"><span class='ocrx_word' id='word_1_300' title='bbox 1072 2481 1207 2552; x_wconf 52' lang='lat' dir='ltr'>[ibatne.</span> <span class='ocrx_word' id='word_1_301' title='bbox 1224 2482 1395 2554; x_wconf 79' lang='lat' dir='ltr'>Barpandire</span> <span class='ocrx_word' id='word_1_302' title='bbox 1412 2485 1529 2554; x_wconf 76' lang='lat' dir='ltr'>clerte,</span> <span class='ocrx_word' id='word_1_303' title='bbox 1547 2504 1576 2559; x_wconf 88' lang='lat' dir='ltr'>p.</span> <span class='ocrx_word' id='word_1_304' title='bbox 1598 2488 1673 2562; x_wconf 69' lang='grc'><strong>201]</strong></span> 
     </span>
    </p>
   </div>
   <div class='ocr_carea' id='block_1_16' title="bbox 965 2595 968 2602">
    <p class='ocr_par' dir='ltr' id='par_1_18' title="bbox 965 2595 968 2602">
     <span class='ocr_line' id='line_1_57' title="bbox 965 2595 968 2602; baseline 0 0"><span class='ocrx_word' id='word_1_305' title='bbox 965 2595 968 2602; x_wconf 72' lang='grc' dir='ltr'>ι</span> 
     </span>
    </p>
   </div>
   <div class='ocr_carea' id='block_1_17' title="bbox 976 2623 1770 2782">
    <p class='ocr_par' dir='ltr' id='par_1_19' title="bbox 976 2623 1770 2782">
     <span class='ocr_line' id='line_1_58' title="bbox 1010 2623 1770 2703; baseline 0.02 -29"><span class='ocrx_word' id='word_1_306' title='bbox 1010 2623 1089 2676; x_wconf 85' lang='grc'><strong>11000</strong></span> <span class='ocrx_word' id='word_1_307' title='bbox 1101 2623 1293 2694; x_wconf 77' lang='lat' dir='ltr'>Lugdunensis</span> <span class='ocrx_word' id='word_1_308' title='bbox 1305 2625 1536 2699; x_wconf 85' lang='lat' dir='ltr'>archiepiscopus,</span> <span class='ocrx_word' id='word_1_309' title='bbox 1547 2638 1646 2686; x_wconf 85' lang='lat' dir='ltr'>sanctae</span> <span class='ocrx_word' id='word_1_310' title='bbox 1657 2640 1770 2703; x_wconf 86' lang='lat' dir='ltr'>aposto·</span> 
     </span>
     <span class='ocr_line' id='line_1_59' title="bbox 976 2708 1257 2782; baseline 0.004 -19"><span class='ocrx_word' id='word_1_311' title='bbox 976 2708 1035 2765; x_wconf 79' lang='lat' dir='ltr'>licea</span> <span class='ocrx_word' id='word_1_312' title='bbox 1050 2711 1123 2765; x_wconf 91' lang='lat' dir='ltr'>sedis</span> <span class='ocrx_word' id='word_1_313' title='bbox 1138 2710 1257 2782; x_wconf 81' lang='lat' dir='ltr'>legatus.</span> 
     </span>
    </p>
   </div>
   <div class='ocr_carea' id='block_1_18' title="bbox 1010 2797 1771 2879">
    <p class='ocr_par' dir='ltr' id='par_1_20' title="bbox 1010 2797 1771 2879">
     <span class='ocr_line' id='line_1_60' title="bbox 1010 2797 1771 2879; baseline 0.014 -25"><span class='ocrx_word' id='word_1_314' title='bbox 1010 2798 1145 2854; x_wconf 84' lang='lat' dir='ltr'>Omnibus</span> <span class='ocrx_word' id='word_1_315' title='bbox 1162 2797 1287 2855; x_wconf 81' lang='lat' dir='ltr'>fidelibus</span> <span class='ocrx_word' id='word_1_316' title='bbox 1301 2809 1392 2856; x_wconf 90' lang='lat' dir='ltr'>notum</span> <span class='ocrx_word' id='word_1_317' title='bbox 1403 2818 1465 2859; x_wconf 87' lang='lat' dir='ltr'>esse</span> <span class='ocrx_word' id='word_1_318' title='bbox 1480 2805 1605 2862; x_wconf 86' lang='lat' dir='ltr'>volumus</span> <span class='ocrx_word' id='word_1_319' title='bbox 1616 2809 1689 2879; x_wconf 90' lang='lat' dir='ltr'>quod</span> <span class='ocrx_word' id='word_1_320' title='bbox 1703 2817 1771 2865; x_wconf 91' lang='lat' dir='ltr'>tem·</span> 
     </span>
    </p>
   </div>
   <div class='ocr_carea' id='block_1_19' title="bbox 975 2888 1768 3041">
    <p class='ocr_par' dir='ltr' id='par_1_21' title="bbox 975 2888 1768 3041">
     <span class='ocr_line' id='line_1_61' title="bbox 975 2888 1766 2967; baseline 0.014 -26"><span class='ocrx_word' id='word_1_321' title='bbox 975 2903 1042 2958; x_wconf 91' lang='lat' dir='ltr'>pore</span> <span class='ocrx_word' id='word_1_322' title='bbox 1057 2888 1152 2942; x_wconf 89' lang='lat' dir='ltr'>domni</span> <span class='ocrx_word' id='word_1_323' title='bbox 1168 2888 1305 2943; x_wconf 84' lang='lat' dir='ltr'>Pasclralis</span> <span class='ocrx_word' id='word_1_324' title='bbox 1327 2892 1350 2943; x_wconf 94' lang='grc'>11</span> <span class='ocrx_word' id='word_1_325' title='bbox 1365 2907 1443 2960; x_wconf 68' lang='lat' dir='ltr'>papae</span> <span class='ocrx_word' id='word_1_326' title='bbox 1465 2901 1491 2947; x_wconf 91' lang='lat' dir='ltr'>et</span> <span class='ocrx_word' id='word_1_327' title='bbox 1506 2903 1642 2965; x_wconf 71' lang='lat' dir='ltr'>precepto</span> <span class='ocrx_word' id='word_1_328' title='bbox 1670 2897 1766 2967; x_wconf 75' lang='lat' dir='ltr'>ipsius,</span> 
     </span>
     <span class='ocr_line' id='line_1_62' title="bbox 975 2975 1768 3041; baseline 0.015 -12"><span class='ocrx_word' id='word_1_329' title='bbox 975 2975 1130 3030; x_wconf 80' lang='lat' dir='ltr'>bisuntinos</span> <span class='ocrx_word' id='word_1_330' title='bbox 1144 2975 1267 3041; x_wconf 86' lang='lat' dir='ltr'>clericos,</span> <span class='ocrx_word' id='word_1_331' title='bbox 1284 2983 1310 3031; x_wconf 87' lang='lat' dir='ltr'>et</span> <span class='ocrx_word' id='word_1_332' title='bbox 1325 2978 1448 3032; x_wconf 87' lang='lat' dir='ltr'>abbatem</span> <span class='ocrx_word' id='word_1_333' title='bbox 1464 2980 1656 3040; x_wconf 86' lang='lat' dir='ltr'>Divionensem</span> <span class='ocrx_word' id='word_1_334' title='bbox 1670 2986 1768 3041; x_wconf 82' lang='lat' dir='ltr'>laren-</span> 
     </span>
    </p>
   </div>
   <div class='ocr_carea' id='block_1_20' title="bbox 121 3063 1771 3766">
    <p class='ocr_par' dir='ltr' id='par_1_22' title="bbox 121 3063 1771 3766">
     <span class='ocr_line' id='line_1_63' title="bbox 121 3063 1769 3146; baseline -0.008 -13"><span class='ocrx_word' id='word_1_335' title='bbox 121 3079 212 3132; x_wconf 88' lang='lat' dir='ltr'>Deum</span> <span class='ocrx_word' id='word_1_336' title='bbox 227 3080 371 3146; x_wconf 84' lang='lat' dir='ltr'>ponentes,</span> <span class='ocrx_word' id='word_1_337' title='bbox 390 3079 416 3125; x_wconf 90' lang='lat' dir='ltr'>et</span> <span class='ocrx_word' id='word_1_338' title='bbox 431 3069 534 3125; x_wconf 90' lang='lat' dir='ltr'>idcirco</span> <span class='ocrx_word' id='word_1_339' title='bbox 549 3069 584 3123; x_wconf 91' lang='lat' dir='ltr'>ad</span> <span class='ocrx_word' id='word_1_340' title='bbox 593 3068 763 3138; x_wconf 85' lang='lat' dir='ltr'>apostolatus</span> <span class='ocrx_word' id='word_1_341' title='bbox 776 3067 858 3121; x_wconf 83' lang='lat' dir='ltr'>vestri</span> <span class='ocrx_word' id='word_1_342' title='bbox 869 3082 919 3123; x_wconf 88' lang='lat' dir='ltr'>aa·</span> <span class='ocrx_word' id='word_1_343' title='bbox 976 3072 1067 3117; x_wconf 89' lang='lat' dir='ltr'>tonem</span> <span class='ocrx_word' id='word_1_344' title='bbox 1083 3064 1117 3117; x_wconf 91' lang='lat' dir='ltr'>ad</span> <span class='ocrx_word' id='word_1_345' title='bbox 1132 3063 1315 3119; x_wconf 86' lang='lat' dir='ltr'>deliniendam</span> <span class='ocrx_word' id='word_1_346' title='bbox 1330 3068 1544 3123; x_wconf 78' lang='lat' dir='ltr'>controversiam</span> <span class='ocrx_word' id='word_1_347' title='bbox 1563 3087 1623 3141; x_wconf 74' lang='lat' dir='ltr'>quaa</span> <span class='ocrx_word' id='word_1_348' title='bbox 1637 3072 1707 3128; x_wconf 76' lang='lat' dir='ltr'>inter</span> <span class='ocrx_word' id='word_1_349' title='bbox 1721 3091 1769 3130; x_wconf 72' lang='lat' dir='ltr'>eos</span> 
     </span>
     <span class='ocr_line' id='line_1_64' title="bbox 122 3152 1769 3232; baseline -0.004 -9"><span class='ocrx_word' id='word_1_350' title='bbox 122 3165 280 3224; x_wconf 86' lang='lat' dir='ltr'>ctoritatem</span> <span class='ocrx_word' id='word_1_351' title='bbox 291 3159 491 3232; x_wconf 79' lang='lat' dir='ltr'>confugientes,</span> <span class='ocrx_word' id='word_1_352' title='bbox 523 3158 709 3230; x_wconf 81' lang='lat' dir='ltr'>benignepro</span> <span class='ocrx_word' id='word_1_353' title='bbox 736 3166 921 3212; x_wconf 87' lang='lat' dir='ltr'>morevestro</span> <span class='ocrx_word' id='word_1_354' title='bbox 977 3152 1333 3208; x_wconf 81' lang='lat' dir='ltr'>eratdeecelesiaSanetae</span> <span class='ocrx_word' id='word_1_355' title='bbox 1348 3154 1769 3232; x_wconf 80' lang='lat' dir='ltr'>llariaeSalinensi.Lugdunum</span> 
     </span>
     <span class='ocr_line' id='line_1_65' title="bbox 122 3240 1770 3324; baseline -0.007 -13"><span class='ocrx_word' id='word_1_356' title='bbox 122 3251 291 3324; x_wconf 86' lang='lat' dir='ltr'>respiciatis,</span> <span class='ocrx_word' id='word_1_357' title='bbox 307 3255 335 3304; x_wconf 92' lang='lat' dir='ltr'>et</span> <span class='ocrx_word' id='word_1_358' title='bbox 349 3263 398 3303; x_wconf 90' lang='lat' dir='ltr'>eos</span> <span class='ocrx_word' id='word_1_359' title='bbox 412 3262 444 3303; x_wconf 90' lang='lat' dir='ltr'>aa</span> <span class='ocrx_word' id='word_1_360' title='bbox 460 3247 549 3303; x_wconf 91' lang='lat' dir='ltr'>locum</span> <span class='ocrx_word' id='word_1_361' title='bbox 566 3247 684 3316; x_wconf 86' lang='lat' dir='ltr'>ipsorum</span> <span class='ocrx_word' id='word_1_362' title='bbox 696 3245 731 3299; x_wconf 89' lang='lat' dir='ltr'>ab</span> <span class='ocrx_word' id='word_1_363' title='bbox 746 3245 797 3299; x_wconf 91' lang='lat' dir='ltr'>bac</span> <span class='ocrx_word' id='word_1_364' title='bbox 812 3244 923 3302; x_wconf 82' lang='lat' dir='ltr'>infesta·</span> <span class='ocrx_word' id='word_1_365' title='bbox 976 3241 1124 3296; x_wconf 83' lang='lat' dir='ltr'>convenire</span> <span class='ocrx_word' id='word_1_366' title='bbox 1139 3240 1254 3296; x_wconf 89' lang='lat' dir='ltr'>lecimus</span> <span class='ocrx_word' id='word_1_367' title='bbox 1271 3256 1277 3294; x_wconf 95' lang='lat'>:</span> <span class='ocrx_word' id='word_1_368' title='bbox 1295 3258 1410 3313; x_wconf 88' lang='lat' dir='ltr'>quorum</span> <span class='ocrx_word' id='word_1_369' title='bbox 1421 3244 1574 3300; x_wconf 88' lang='lat' dir='ltr'>actionibus</span> <span class='ocrx_word' id='word_1_370' title='bbox 1588 3255 1614 3301; x_wconf 92' lang='lat' dir='ltr'>et</span> <span class='ocrx_word' id='word_1_371' title='bbox 1630 3253 1770 3321; x_wconf 80' lang='lat' dir='ltr'>responsis</span> 
     </span>
     <span class='ocr_line' id='line_1_66' title="bbox 121 3328 1771 3410; baseline -0.004 -11"><span class='ocrx_word' id='word_1_372' title='bbox 121 3344 198 3399; x_wconf 89' lang='lat' dir='ltr'>tione</span> <span class='ocrx_word' id='word_1_373' title='bbox 212 3349 238 3396; x_wconf 92' lang='lat' dir='ltr'>et</span> <span class='ocrx_word' id='word_1_374' title='bbox 248 3336 434 3410; x_wconf 90' lang='lat' dir='ltr'>inquietudine</span> <span class='ocrx_word' id='word_1_375' title='bbox 462 3334 612 3399; x_wconf 77' lang='lat' dir='ltr'>liberando¹</span> <span class='ocrx_word' id='word_1_376' title='bbox 629 3334 801 3389; x_wconf 82' lang='lat' dir='ltr'>auctoritatis</span> <span class='ocrx_word' id='word_1_377' title='bbox 825 3342 923 3389; x_wconf 76' lang='lat' dir='ltr'>vestrae</span> <span class='ocrx_word' id='word_1_378' title='bbox 976 3328 1084 3394; x_wconf 85' lang='lat' dir='ltr'>auditis,</span> <span class='ocrx_word' id='word_1_379' title='bbox 1094 3330 1181 3384; x_wconf 83' lang='lat' dir='ltr'>visum</span> <span class='ocrx_word' id='word_1_380' title='bbox 1197 3337 1241 3384; x_wconf 92' lang='lat' dir='ltr'>est</span> <span class='ocrx_word' id='word_1_381' title='bbox 1255 3331 1347 3396; x_wconf 80' lang='lat' dir='ltr'>nobis,</span> <span class='ocrx_word' id='word_1_382' title='bbox 1360 3339 1385 3385; x_wconf 92' lang='grc'>01</span> <span class='ocrx_word' id='word_1_383' title='bbox 1396 3332 1592 3403; x_wconf 86' lang='lat' dir='ltr'>quinobiscum</span> <span class='ocrx_word' id='word_1_384' title='bbox 1603 3346 1680 3392; x_wconf 88' lang='lat' dir='ltr'>erant</span> <span class='ocrx_word' id='word_1_385' title='bbox 1690 3354 1771 3397; x_wconf 87' lang='lat' dir='ltr'>vene-</span> 
     </span>
     <span class='ocr_line' id='line_1_67' title="bbox 121 3421 1768 3506; baseline 0.001 -17"><span class='ocrx_word' id='word_1_386' title='bbox 121 3427 268 3506; x_wconf 73' lang='lat' dir='ltr'>privilegio</span> <span class='ocrx_word' id='word_1_387' title='bbox 283 3425 420 3491; x_wconf 70' lang='lat' dir='ltr'>muniatis,</span> <span class='ocrx_word' id='word_1_388' title='bbox 436 3432 529 3493; x_wconf 72' lang='grc' dir='ltr'><strong>υῑρθῑθ</strong></span> <span class='ocrx_word' id='word_1_389' title='bbox 556 3437 691 3492; x_wconf 83' lang='lat' dir='ltr'>pauperes</span> <span class='ocrx_word' id='word_1_390' title='bbox 707 3421 807 3476; x_wconf 76' lang='lat' dir='ltr'>Christi</span> <span class='ocrx_word' id='word_1_391' title='bbox 820 3421 922 3476; x_wconf 86' lang='lat' dir='ltr'>nullam</span> <span class='ocrx_word' id='word_1_392' title='bbox 976 3424 1106 3480; x_wconf 88' lang='lat' dir='ltr'>rabilibus</span> <span class='ocrx_word' id='word_1_393' title='bbox 1121 3426 1267 3497; x_wconf 87' lang='lat' dir='ltr'>episcopis,</span> <span class='ocrx_word' id='word_1_394' title='bbox 1285 3427 1768 3505; x_wconf 61' lang='grc' dir='ltr'><strong>1100001001Ιί0οῑ6001100000111000,</strong></span> 
     </span>
     <span class='ocr_line' id='line_1_68' title="bbox 122 3511 1770 3590; baseline 0.002 -13"><span class='ocrx_word' id='word_1_395' title='bbox 122 3528 218 3578; x_wconf 88' lang='lat' dir='ltr'>contra</span> <span class='ocrx_word' id='word_1_396' title='bbox 232 3532 300 3572; x_wconf 85' lang='lat' dir='ltr'>suos</span> <span class='ocrx_word' id='word_1_397' title='bbox 315 3513 429 3570; x_wconf 73' lang='lat' dir='ltr'>aemulos</span> <span class='ocrx_word' id='word_1_398' title='bbox 445 3512 546 3568; x_wconf 86' lang='lat' dir='ltr'>divitiis</span> <span class='ocrx_word' id='word_1_399' title='bbox 573 3511 616 3565; x_wconf 86' lang='lat' dir='ltr'>rel</span> <span class='ocrx_word' id='word_1_400' title='bbox 631 3511 752 3581; x_wconf 89' lang='lat' dir='ltr'>potentia</span> <span class='ocrx_word' id='word_1_401' title='bbox 780 3511 922 3566; x_wconf 81' lang='grc'><strong>(10100010-</strong></span> <span class='ocrx_word' id='word_1_402' title='bbox 977 3515 1089 3570; x_wconf 89' lang='lat' dir='ltr'>lrmioni</span> <span class='ocrx_word' id='word_1_403' title='bbox 1103 3515 1205 3580; x_wconf 83' lang='lat' dir='ltr'>Iliensi,</span> <span class='ocrx_word' id='word_1_404' title='bbox 1220 3522 1247 3570; x_wconf 91' lang='lat' dir='ltr'>et</span> <span class='ocrx_word' id='word_1_405' title='bbox 1261 3517 1380 3572; x_wconf 84' lang='lat' dir='ltr'>Roberto</span> <span class='ocrx_word' id='word_1_406' title='bbox 1396 3517 1571 3590; x_wconf 79' lang='lat' dir='ltr'>lingonensi,</span> <span class='ocrx_word' id='word_1_407' title='bbox 1588 3530 1617 3576; x_wconf 92' lang='lat' dir='ltr'>ut</span> <span class='ocrx_word' id='word_1_408' title='bbox 1632 3523 1770 3580; x_wconf 85' lang='lat' dir='ltr'>amicabili</span> 
     </span>
     <span class='ocr_line' id='line_1_69' title="bbox 122 3599 1770 3678; baseline -0.004 -13"><span class='ocrx_word' id='word_1_409' title='bbox 122 3624 188 3665; x_wconf 87' lang='lat' dir='ltr'>nera</span> <span class='ocrx_word' id='word_1_410' title='bbox 203 3611 344 3677; x_wconf 77' lang='lat' dir='ltr'>parantes,</span> <span class='ocrx_word' id='word_1_411' title='bbox 356 3603 404 3657; x_wconf 90' lang='lat' dir='ltr'>sed</span> <span class='ocrx_word' id='word_1_412' title='bbox 414 3601 440 3655; x_wconf 90' lang='lat' dir='ltr'>ia</span> <span class='ocrx_word' id='word_1_413' title='bbox 450 3600 510 3656; x_wconf 87' lang='lat' dir='ltr'>sula</span> <span class='ocrx_word' id='word_1_414' title='bbox 524 3599 575 3654; x_wconf 87' lang='lat' dir='ltr'>Dei</span> <span class='ocrx_word' id='word_1_415' title='bbox 590 3599 676 3654; x_wconf 91' lang='lat' dir='ltr'>nostri</span> <span class='ocrx_word' id='word_1_416' title='bbox 691 3599 835 3654; x_wconf 89' lang='lat' dir='ltr'>clementia</span> <span class='ocrx_word' id='word_1_417' title='bbox 845 3615 922 3669; x_wconf 88' lang='lat' dir='ltr'>spem</span> <span class='ocrx_word' id='word_1_418' title='bbox 976 3612 1057 3673; x_wconf 90' lang='lat' dir='ltr'>pacto</span> <span class='ocrx_word' id='word_1_419' title='bbox 1072 3603 1163 3673; x_wconf 91' lang='lat' dir='ltr'>potius</span> <span class='ocrx_word' id='word_1_420' title='bbox 1178 3620 1259 3675; x_wconf 90' lang='lat' dir='ltr'>qnam</span> <span class='ocrx_word' id='word_1_421' title='bbox 1281 3604 1404 3674; x_wconf 85' lang='lat' dir='ltr'>judiciali</span> <span class='ocrx_word' id='word_1_422' title='bbox 1419 3609 1563 3678; x_wconf 85' lang='lat' dir='ltr'>sententia,</span> <span class='ocrx_word' id='word_1_423' title='bbox 1580 3626 1676 3666; x_wconf 80' lang='lat' dir='ltr'>eorum</span> <span class='ocrx_word' id='word_1_424' title='bbox 1696 3613 1770 3669; x_wconf 69' lang='lat' dir='ltr'>tieem</span> 
     </span>
     <span class='ocr_line' id='line_1_70' title="bbox 122 3690 1771 3766; baseline -0.008 -1"><span class='ocrx_word' id='word_1_425' title='bbox 122 3696 267 3753; x_wconf 57' lang='lat' dir='ltr'>hlbefllffl·</span> <span class='ocrx_word' id='word_1_426' title='bbox 976 3690 1127 3746; x_wconf 90' lang='lat' dir='ltr'>liniremus.</span> <span class='ocrx_word' id='word_1_427' title='bbox 1160 3692 1292 3748; x_wconf 86' lang='lat' dir='ltr'>Convenit</span> <span class='ocrx_word' id='word_1_428' title='bbox 1317 3694 1400 3766; x_wconf 82' lang='lat' dir='ltr'>igitur</span> <span class='ocrx_word' id='word_1_429' title='bbox 1422 3696 1492 3751; x_wconf 91' lang='lat' dir='ltr'>iuter</span> <span class='ocrx_word' id='word_1_430' title='bbox 1515 3713 1564 3753; x_wconf 91' lang='lat' dir='ltr'>eos</span> <span class='ocrx_word' id='word_1_431' title='bbox 1591 3708 1620 3753; x_wconf 93' lang='lat' dir='ltr'>ut</span> <span class='ocrx_word' id='word_1_432' title='bbox 1643 3701 1771 3758; x_wconf 84' lang='lat' dir='ltr'>monaehi</span> 
     </span>
    </p>
   </div>
   <div class='ocr_carea' id='block_1_21' title="bbox 124 3795 922 4054">
    <p class='ocr_par' dir='ltr' id='par_1_23' title="bbox 124 3795 922 4054">
     <span class='ocr_line' id='line_1_71' title="bbox 416 3795 631 3860; baseline -0.028 -8"><span class='ocrx_word' id='word_1_433' title='bbox 416 3795 631 3860; x_wconf 72' lang='lat' dir='ltr'>xxv-xxva.</span> 
     </span>
     <span class='ocr_line' id='line_1_72' title="bbox 124 3890 922 3973; baseline -0.015 -15"><span class='ocrx_word' id='word_1_434' title='bbox 124 3897 255 3973; x_wconf 64' lang='lat' dir='ltr'>Hercula</span> <span class='ocrx_word' id='word_1_435' title='bbox 273 3896 309 3952; x_wconf 85' lang='lat' dir='ltr'>ad</span> <span class='ocrx_word' id='word_1_436' title='bbox 326 3894 354 3951; x_wconf 89' lang='lat' dir='ltr'>S.</span> <span class='ocrx_word' id='word_1_437' title='bbox 379 3893 551 3949; x_wconf 84' lang='lat' dir='ltr'>Anrelmum</span> <span class='ocrx_word' id='word_1_438' title='bbox 571 3892 807 3946; x_wconf 77' lang='lat' dir='ltr'>Centauricusem</span> <span class='ocrx_word' id='word_1_439' title='bbox 826 3890 922 3948; x_wconf 74' lang='grc'><strong>00011-</strong></span> 
     </span>
     <span class='ocr_line' id='line_1_73' title="bbox 437 3983 609 4054; baseline -0.017 -17"><span class='ocrx_word' id='word_1_440' title='bbox 437 3983 609 4054; x_wconf 81' lang='lat' dir='ltr'>episcopum.</span> 
     </span>
    </p>
   </div>
   <div class='ocr_carea' id='block_1_22' title="bbox 125 4093 921 4240">
    <p class='ocr_par' dir='ltr' id='par_1_24' title="bbox 125 4093 921 4240">
     <span class='ocr_line' id='line_1_74' title="bbox 125 4093 921 4176; baseline -0.016 -15"><span class='ocrx_word' id='word_1_441' title='bbox 125 4104 207 4176; x_wconf 82' lang='lat' dir='ltr'>(vtae</span> <span class='ocrx_word' id='word_1_442' title='bbox 222 4101 296 4157; x_wconf 89' lang='lat' dir='ltr'>inter</span> <span class='ocrx_word' id='word_1_443' title='bbox 308 4097 438 4170; x_wconf 89' lang='lat' dir='ltr'>epistolas</span> <span class='ocrx_word' id='word_1_444' title='bbox 467 4097 498 4152; x_wconf 89' lang='lat' dir='ltr'>S.</span> <span class='ocrx_word' id='word_1_445' title='bbox 524 4093 655 4174; x_wconf 71' lang='lat' dir='ltr'>anselmi,</span> <span class='ocrx_word' id='word_1_446' title='bbox 671 4111 736 4164; x_wconf 90' lang='lat' dir='ltr'>epp.</span> <span class='ocrx_word' id='word_1_447' title='bbox 769 4096 803 4151; x_wconf 79' lang='lat' dir='ltr'>(ll</span> <span class='ocrx_word' id='word_1_448' title='bbox 818 4103 845 4151; x_wconf 91' lang='lat' dir='ltr'>et</span> <span class='ocrx_word' id='word_1_449' title='bbox 861 4096 921 4163; x_wconf 76' lang='grc'><strong>111,</strong></span> 
     </span>
     <span class='ocr_line' id='line_1_75' title="bbox 269 4167 779 4240; baseline -0.014 -14"><span class='ocrx_word' id='word_1_450' title='bbox 269 4171 330 4226; x_wconf 92' lang='lat' dir='ltr'>libri</span> <span class='ocrx_word' id='word_1_451' title='bbox 345 4185 385 4240; x_wconf 85' lang='lat' dir='ltr'>ur,</span> <span class='ocrx_word' id='word_1_452' title='bbox 406 4169 573 4238; x_wconf 79' lang='lat' dir='ltr'>Patroloprra</span> <span class='ocrx_word' id='word_1_453' title='bbox 585 4175 656 4221; x_wconf 88' lang='lat' dir='ltr'>tom.</span> <span class='ocrx_word' id='word_1_454' title='bbox 675 4167 779 4237; x_wconf 79' lang='lat' dir='ltr'>CLIX.)</span> 
     </span>
    </p>
   </div>
   <div class='ocr_carea' id='block_1_23' title="bbox 464 4335 580 4390">
    <p class='ocr_par' dir='ltr' id='par_1_25' title="bbox 464 4335 580 4390">
     <span class='ocr_line' id='line_1_76' title="bbox 464 4335 580 4390; baseline -0.009 0"><span class='ocrx_word' id='word_1_455' title='bbox 464 4335 580 4390; x_wconf 77' lang='lat' dir='ltr'>xxvtt.</span> 
     </span>
    </p>
   </div>
   <div class='ocr_carea' id='block_1_24' title="bbox 125 4422 924 4555">
    <p class='ocr_par' dir='ltr' id='par_1_26' title="bbox 125 4422 924 4555">
     <span class='ocr_line' id='line_1_77' title="bbox 125 4422 924 4500; baseline -0.02 -7"><span class='ocrx_word' id='word_1_456' title='bbox 125 4429 386 4500; x_wconf 76' lang='lat' dir='ltr'>BoratioHuponir</span> <span class='ocrx_word' id='word_1_457' title='bbox 401 4423 605 4495; x_wconf 79' lang='lat' dir='ltr'>archiepiscopi</span> <span class='ocrx_word' id='word_1_458' title='bbox 621 4422 819 4491; x_wconf 70' lang='lat' dir='ltr'>lucdunensis</span> <span class='ocrx_word' id='word_1_459' title='bbox 833 4422 866 4478; x_wconf 86' lang='lat' dir='ltr'>de</span> <span class='ocrx_word' id='word_1_460' title='bbox 880 4437 924 4478; x_wconf 86' lang='grc'>00-</span> 
     </span>
     <span class='ocr_line' id='line_1_78' title="bbox 343 4494 709 4555; baseline -0.025 0"><span class='ocrx_word' id='word_1_461' title='bbox 343 4498 430 4555; x_wconf 81' lang='lat' dir='ltr'>elesia</span> <span class='ocrx_word' id='word_1_462' title='bbox 450 4496 549 4550; x_wconf 85' lang='lat' dir='ltr'>Sancti</span> <span class='ocrx_word' id='word_1_463' title='bbox 569 4494 709 4549; x_wconf 82' lang='lat' dir='ltr'>Germani.</span> 
     </span>
    </p>
   </div>
   <div class='ocr_carea' id='block_1_25' title="bbox 326 4584 732 4749">
    <p class='ocr_par' dir='ltr' id='par_1_27' title="bbox 326 4584 732 4749">
     <span class='ocr_line' id='line_1_79' title="bbox 428 4584 629 4655; baseline -0.02 -16"><span class='ocrx_word' id='word_1_464' title='bbox 428 4586 518 4655; x_wconf 83' lang='grc' dir='ltr'>(Αοοο</span> <span class='ocrx_word' id='word_1_465' title='bbox 534 4584 629 4651; x_wconf 82' lang='grc'><strong>1106.)</strong></span> 
     </span>
     <span class='ocr_line' id='line_1_80' title="bbox 326 4671 732 4749; baseline -0.012 -19"><span class='ocrx_word' id='word_1_466' title='bbox 326 4675 452 4749; x_wconf 65' lang='grc'><strong>1111000,</strong></span> <span class='ocrx_word' id='word_1_467' title='bbox 468 4672 587 4729; x_wconf 77' lang='lat' dir='ltr'>illocali.</span> <span class='ocrx_word' id='word_1_468' title='bbox 606 4671 655 4735; x_wconf 86' lang='lat'>111,</span> <span class='ocrx_word' id='word_1_469' title='bbox 669 4671 732 4740; x_wconf 71' lang='lat' dir='ltr'>oa]</span> 
     </span>
    </p>
   </div>
   <div class='ocr_carea' id='block_1_26' title="bbox 131 4776 930 5036">
    <p class='ocr_par' dir='ltr' id='par_1_28' title="bbox 131 4776 930 5036">
     <span class='ocr_line' id='line_1_81' title="bbox 166 4776 930 4844; baseline -0.017 0"><span class='ocrx_word' id='word_1_470' title='bbox 166 4782 401 4844; x_wconf 83' lang='lat' dir='ltr'>Reverentissimo</span> <span class='ocrx_word' id='word_1_471' title='bbox 417 4779 488 4835; x_wconf 83' lang='lat' dir='ltr'>Patri</span> <span class='ocrx_word' id='word_1_472' title='bbox 503 4779 730 4833; x_wconf 79' lang='lat' dir='ltr'>dominelluaoar</span> <span class='ocrx_word' id='word_1_473' title='bbox 741 4776 930 4832; x_wconf 70' lang='lat' dir='ltr'>cluniensium</span> 
     </span>
     <span class='ocr_line' id='line_1_82' title="bbox 131 4865 929 4943; baseline -0.02 -8"><span class='ocrx_word' id='word_1_474' title='bbox 131 4875 227 4935; x_wconf 88' lang='lat' dir='ltr'>abbati</span> <span class='ocrx_word' id='word_1_475' title='bbox 243 4872 326 4929; x_wconf 87' lang='lat' dir='ltr'>ettoti</span> <span class='ocrx_word' id='word_1_476' title='bbox 339 4866 546 4943; x_wconf 72' lang='lat' dir='ltr'>congregationi</span> <span class='ocrx_word' id='word_1_477' title='bbox 557 4865 697 4921; x_wconf 77' lang='lat' dir='ltr'>cluniensi</span> <span class='ocrx_word' id='word_1_478' title='bbox 709 4865 746 4920; x_wconf 90' lang='lat' dir='ltr'>illi</span> <span class='ocrx_word' id='word_1_479' title='bbox 765 4866 929 4933; x_wconf 80' lang='lat' dir='ltr'>commissae,</span> 
     </span>
     <span class='ocr_line' id='line_1_83' title="bbox 133 4955 817 5036; baseline -0.022 -13"><span class='ocrx_word' id='word_1_480' title='bbox 133 4968 215 5022; x_wconf 83' lang='lat' dir='ltr'>Huoo</span> <span class='ocrx_word' id='word_1_481' title='bbox 222 4958 411 5036; x_wconf 75' lang='lat' dir='ltr'>Lugdunensis</span> <span class='ocrx_word' id='word_1_482' title='bbox 428 4955 557 5012; x_wconf 69' lang='lat' dir='ltr'>Ecclesiae</span> <span class='ocrx_word' id='word_1_483' title='bbox 572 4971 678 5019; x_wconf 81' lang='lat' dir='ltr'>servus,</span> <span class='ocrx_word' id='word_1_484' title='bbox 691 4955 817 5009; x_wconf 88' lang='lat' dir='ltr'>salutem.</span> 
     </span>
    </p>
   </div>
   <div class='ocr_carea' id='block_1_27' title="bbox 975 3790 1785 5012">
    <p class='ocr_par' dir='ltr' id='par_1_29' title="bbox 975 3790 1785 5012">
     <span class='ocr_line' id='line_1_84' title="bbox 977 3790 1771 3864; baseline 0.016 -20"><span class='ocrx_word' id='word_1_485' title='bbox 977 3790 1157 3845; x_wconf 84' lang='lat' dir='ltr'>Divionenses</span> <span class='ocrx_word' id='word_1_486' title='bbox 1172 3806 1269 3845; x_wconf 89' lang='lat' dir='ltr'>omnes</span> <span class='ocrx_word' id='word_1_487' title='bbox 1282 3791 1408 3862; x_wconf 88' lang='lat' dir='ltr'>querelas</span> <span class='ocrx_word' id='word_1_488' title='bbox 1424 3809 1492 3864; x_wconf 88' lang='lat' dir='ltr'>quas</span> <span class='ocrx_word' id='word_1_489' title='bbox 1509 3794 1642 3851; x_wconf 83' lang='lat' dir='ltr'>adversus</span> <span class='ocrx_word' id='word_1_490' title='bbox 1657 3797 1771 3856; x_wconf 82' lang='lat' dir='ltr'>clericos</span> 
     </span>
     <span class='ocr_line' id='line_1_85' title="bbox 977 3879 1771 3952; baseline 0.014 -20"><span class='ocrx_word' id='word_1_491' title='bbox 977 3879 1132 3934; x_wconf 79' lang='lat' dir='ltr'>bisuntinos</span> <span class='ocrx_word' id='word_1_492' title='bbox 1144 3887 1190 3933; x_wconf 92' lang='lat' dir='ltr'>aut</span> <span class='ocrx_word' id='word_1_493' title='bbox 1206 3879 1317 3950; x_wconf 89' lang='lat' dir='ltr'>scripto,</span> <span class='ocrx_word' id='word_1_494' title='bbox 1333 3890 1378 3934; x_wconf 89' lang='lat' dir='ltr'>aut</span> <span class='ocrx_word' id='word_1_495' title='bbox 1397 3881 1453 3936; x_wconf 91' lang='lat' dir='ltr'>sine</span> <span class='ocrx_word' id='word_1_496' title='bbox 1471 3883 1584 3952; x_wconf 89' lang='lat' dir='ltr'>scripto,</span> <span class='ocrx_word' id='word_1_497' title='bbox 1600 3885 1627 3938; x_wconf 90' lang='lat' dir='ltr'>in</span> <span class='ocrx_word' id='word_1_498' title='bbox 1643 3887 1771 3943; x_wconf 87' lang='lat' dir='ltr'>Salinea-</span> 
     </span>
     <span class='ocr_line' id='line_1_86' title="bbox 977 3967 1772 4040; baseline 0.015 -20"><span class='ocrx_word' id='word_1_499' title='bbox 977 3967 1772 4040; x_wconf 78' lang='lat' dir='ltr'>sibuseeclesiisbabereridebanturpcrmanumnostram</span> 
     </span>
     <span class='ocr_line' id='line_1_87' title="bbox 977 4055 1773 4131; baseline 0.014 -21"><span class='ocrx_word' id='word_1_500' title='bbox 977 4055 1031 4110; x_wconf 92' lang='lat' dir='ltr'>illis</span> <span class='ocrx_word' id='word_1_501' title='bbox 1041 4055 1150 4110; x_wconf 87' lang='lat' dir='ltr'>clericis</span> <span class='ocrx_word' id='word_1_502' title='bbox 1161 4055 1271 4109; x_wconf 92' lang='lat' dir='ltr'>omnino</span> <span class='ocrx_word' id='word_1_503' title='bbox 1287 4056 1425 4127; x_wconf 83' lang='lat' dir='ltr'>wirpirent</span> <span class='ocrx_word' id='word_1_504' title='bbox 1440 4066 1466 4112; x_wconf 92' lang='lat' dir='ltr'>et</span> <span class='ocrx_word' id='word_1_505' title='bbox 1493 4058 1667 4131; x_wconf 89' lang='lat' dir='ltr'>dimitterent,</span> <span class='ocrx_word' id='word_1_506' title='bbox 1684 4072 1710 4118; x_wconf 90' lang='lat' dir='ltr'>et</span> <span class='ocrx_word' id='word_1_507' title='bbox 1726 4065 1773 4122; x_wconf 85' lang='lat' dir='ltr'>Ec-</span> 
     </span>
     <span class='ocr_line' id='line_1_88' title="bbox 976 4142 1772 4217; baseline 0.014 -19"><span class='ocrx_word' id='word_1_508' title='bbox 976 4142 1068 4198; x_wconf 73' lang='lat' dir='ltr'>clesiae</span> <span class='ocrx_word' id='word_1_509' title='bbox 1088 4144 1197 4215; x_wconf 91' lang='lat' dir='ltr'>quidem</span> <span class='ocrx_word' id='word_1_510' title='bbox 1221 4144 1366 4198; x_wconf 69' lang='lat' dir='ltr'>bisuntinae</span> <span class='ocrx_word' id='word_1_511' title='bbox 1389 4145 1495 4217; x_wconf 88' lang='lat' dir='ltr'>cleriei,</span> <span class='ocrx_word' id='word_1_512' title='bbox 1523 4162 1619 4203; x_wconf 89' lang='lat' dir='ltr'>omnes</span> <span class='ocrx_word' id='word_1_513' title='bbox 1640 4152 1772 4209; x_wconf 87' lang='lat' dir='ltr'>ecclesias</span> 
     </span>
     <span class='ocr_line' id='line_1_89' title="bbox 978 4231 1773 4312; baseline 0.013 -24"><span class='ocrx_word' id='word_1_514' title='bbox 978 4231 1136 4288; x_wconf 89' lang='lat' dir='ltr'>Salineases</span> <span class='ocrx_word' id='word_1_515' title='bbox 1151 4231 1210 4286; x_wconf 89' lang='lat' dir='ltr'>sine</span> <span class='ocrx_word' id='word_1_516' title='bbox 1224 4232 1299 4285; x_wconf 92' lang='lat' dir='ltr'>omni</span> <span class='ocrx_word' id='word_1_517' title='bbox 1320 4232 1494 4289; x_wconf 84' lang='lat' dir='ltr'>Divionensis</span> <span class='ocrx_word' id='word_1_518' title='bbox 1509 4235 1638 4293; x_wconf 72' lang='lat' dir='ltr'>Ecclesiae</span> <span class='ocrx_word' id='word_1_519' title='bbox 1661 4242 1773 4312; x_wconf 88' lang='lat' dir='ltr'>querela</span> 
     </span>
     <span class='ocr_line' id='line_1_90' title="bbox 975 4320 1775 4391; baseline 0.018 -18"><span class='ocrx_word' id='word_1_520' title='bbox 975 4321 1038 4391; x_wconf 89' lang='lat' dir='ltr'>jure</span> <span class='ocrx_word' id='word_1_521' title='bbox 1058 4328 1188 4391; x_wconf 89' lang='lat' dir='ltr'>perpetuo</span> <span class='ocrx_word' id='word_1_522' title='bbox 1203 4320 1395 4391; x_wconf 82' lang='lat' dir='ltr'>possidereat3</span> <span class='ocrx_word' id='word_1_523' title='bbox 1412 4323 1506 4380; x_wconf 90' lang='lat' dir='ltr'>clerici</span> <span class='ocrx_word' id='word_1_524' title='bbox 1521 4339 1587 4381; x_wconf 89' lang='lat' dir='ltr'>vero</span> <span class='ocrx_word' id='word_1_525' title='bbox 1608 4327 1775 4386; x_wconf 87' lang='lat' dir='ltr'>Divionensi·</span> 
     </span>
     <span class='ocr_line' id='line_1_91' title="bbox 979 4408 1778 4483; baseline 0.016 -19"><span class='ocrx_word' id='word_1_526' title='bbox 979 4408 1031 4464; x_wconf 86' lang='lat' dir='ltr'>bus</span> <span class='ocrx_word' id='word_1_527' title='bbox 1042 4408 1181 4464; x_wconf 88' lang='lat' dir='ltr'>monachis</span> <span class='ocrx_word' id='word_1_528' title='bbox 1192 4411 1385 4478; x_wconf 80' lang='lat' dir='ltr'>concederent,</span> <span class='ocrx_word' id='word_1_529' title='bbox 1401 4422 1533 4483; x_wconf 87' lang='lat' dir='ltr'>quatenus</span> <span class='ocrx_word' id='word_1_530' title='bbox 1553 4414 1582 4469; x_wconf 90' lang='lat' dir='ltr'>in</span> <span class='ocrx_word' id='word_1_531' title='bbox 1598 4419 1778 4477; x_wconf 86' lang='lat' dir='ltr'>terraDivio·</span> 
     </span>
     <span class='ocr_line' id='line_1_92' title="bbox 981 4497 1780 4578; baseline 0.013 -24"><span class='ocrx_word' id='word_1_532' title='bbox 981 4498 1075 4555; x_wconf 89' lang='lat' dir='ltr'>nensis</span> <span class='ocrx_word' id='word_1_533' title='bbox 1091 4497 1232 4564; x_wconf 70' lang='lat' dir='ltr'>Ecclesiae,</span> <span class='ocrx_word' id='word_1_534' title='bbox 1248 4498 1376 4571; x_wconf 88' lang='lat' dir='ltr'>inaliquo</span> <span class='ocrx_word' id='word_1_535' title='bbox 1392 4502 1563 4558; x_wconf 89' lang='lat' dir='ltr'>convenienti</span> <span class='ocrx_word' id='word_1_536' title='bbox 1572 4504 1780 4578; x_wconf 88' lang='lat' dir='ltr'>loco,eapellam</span> 
     </span>
     <span class='ocr_line' id='line_1_93' title="bbox 983 4587 1778 4667; baseline 0.009 -23"><span class='ocrx_word' id='word_1_537' title='bbox 983 4595 1088 4659; x_wconf 88' lang='lat' dir='ltr'>septem</span> <span class='ocrx_word' id='word_1_538' title='bbox 1107 4594 1259 4642; x_wconf 88' lang='lat' dir='ltr'>statuarum</span> <span class='ocrx_word' id='word_1_539' title='bbox 1277 4587 1305 4642; x_wconf 95' lang='lat' dir='ltr'>in</span> <span class='ocrx_word' id='word_1_540' title='bbox 1322 4588 1503 4660; x_wconf 82' lang='lat' dir='ltr'>longitudine,</span> <span class='ocrx_word' id='word_1_541' title='bbox 1532 4602 1647 4664; x_wconf 73' lang='lat' dir='ltr'>excepta</span> <span class='ocrx_word' id='word_1_542' title='bbox 1661 4596 1778 4667; x_wconf 88' lang='lat' dir='ltr'>obsidia,</span> 
     </span>
     <span class='ocr_line' id='line_1_94' title="bbox 983 4675 1780 4753; baseline 0.009 -21"><span class='ocrx_word' id='word_1_543' title='bbox 983 4678 1017 4732; x_wconf 92' lang='lat' dir='ltr'>ad</span> <span class='ocrx_word' id='word_1_544' title='bbox 1032 4693 1113 4732; x_wconf 89' lang='lat' dir='ltr'>unum</span> <span class='ocrx_word' id='word_1_545' title='bbox 1131 4684 1232 4731; x_wconf 89' lang='lat' dir='ltr'>tantum</span> <span class='ocrx_word' id='word_1_546' title='bbox 1246 4675 1331 4732; x_wconf 89' lang='lat' dir='ltr'>altare</span> <span class='ocrx_word' id='word_1_547' title='bbox 1347 4687 1529 4750; x_wconf 83' lang='lat' dir='ltr'>competente,</span> <span class='ocrx_word' id='word_1_548' title='bbox 1559 4690 1585 4736; x_wconf 90' lang='lat' dir='ltr'>et</span> <span class='ocrx_word' id='word_1_549' title='bbox 1613 4692 1731 4753; x_wconf 89' lang='lat' dir='ltr'>quatuor</span> <span class='ocrx_word' id='word_1_550' title='bbox 1751 4685 1780 4739; x_wconf 90' lang='lat' dir='ltr'>in</span> 
     </span>
     <span class='ocr_line' id='line_1_95' title="bbox 985 4765 1782 4828; baseline 0.008 -6"><span class='ocrx_word' id='word_1_551' title='bbox 985 4766 1125 4822; x_wconf 84' lang='lat' dir='ltr'>latitudine</span> <span class='ocrx_word' id='word_1_552' title='bbox 1141 4767 1168 4818; x_wconf 90' lang='lat' dir='ltr'>in</span> <span class='ocrx_word' id='word_1_553' title='bbox 1197 4765 1296 4819; x_wconf 86' lang='lat' dir='ltr'>Salluis</span> <span class='ocrx_word' id='word_1_554' title='bbox 1325 4766 1465 4822; x_wconf 78' lang='lat' dir='ltr'>adificare</span> <span class='ocrx_word' id='word_1_555' title='bbox 1489 4768 1581 4822; x_wconf 91' lang='lat' dir='ltr'>liceat.</span> <span class='ocrx_word' id='word_1_556' title='bbox 1615 4771 1782 4828; x_wconf 89' lang='lat' dir='ltr'>Cimiterium</span> 
     </span>
     <span class='ocr_line' id='line_1_96' title="bbox 986 4854 1783 4931; baseline 0.006 -20"><span class='ocrx_word' id='word_1_557' title='bbox 986 4863 1078 4911; x_wconf 89' lang='lat' dir='ltr'>autem</span> <span class='ocrx_word' id='word_1_558' title='bbox 1094 4870 1126 4908; x_wconf 88' lang='lat' dir='ltr'>ex</span> <span class='ocrx_word' id='word_1_559' title='bbox 1141 4854 1215 4908; x_wconf 92' lang='lat' dir='ltr'>omni</span> <span class='ocrx_word' id='word_1_560' title='bbox 1230 4863 1305 4923; x_wconf 90' lang='lat' dir='ltr'>parte</span> <span class='ocrx_word' id='word_1_561' title='bbox 1330 4855 1401 4910; x_wconf 89' lang='lat' dir='ltr'>cirea</span> <span class='ocrx_word' id='word_1_562' title='bbox 1412 4855 1498 4924; x_wconf 92' lang='lat' dir='ltr'>ipsam</span> <span class='ocrx_word' id='word_1_563' title='bbox 1514 4857 1649 4925; x_wconf 86' lang='lat' dir='ltr'>capellam</span> <span class='ocrx_word' id='word_1_564' title='bbox 1679 4870 1783 4931; x_wconf 91' lang='lat' dir='ltr'>septem</span> 
     </span>
     <span class='ocr_line' id='line_1_97' title="bbox 988 4941 1785 5012; baseline -0.001 -13"><span class='ocrx_word' id='word_1_565' title='bbox 988 4951 1136 4999; x_wconf 85' lang='lat' dir='ltr'>statuarum</span> <span class='ocrx_word' id='word_1_566' title='bbox 1152 4941 1286 5006; x_wconf 79' lang='lat' dir='ltr'>similiter,</span> <span class='ocrx_word' id='word_1_567' title='bbox 1312 4943 1345 4996; x_wconf 86' lang='lat' dir='ltr'>ad</span> <span class='ocrx_word' id='word_1_568' title='bbox 1361 4942 1549 5012; x_wconf 89' lang='lat' dir='ltr'>sepeliendum</span> <span class='ocrx_word' id='word_1_569' title='bbox 1574 4952 1676 5000; x_wconf 90' lang='lat' dir='ltr'>tantum</span> <span class='ocrx_word' id='word_1_570' title='bbox 1688 4963 1785 5005; x_wconf 72' lang='lat' dir='ltr'>mona.</span> 
     </span>
    </p>
   </div>
   <div class='ocr_carea' id='block_1_28' title="bbox 134 5029 1795 5744">
    <p class='ocr_par' dir='ltr' id='par_1_30' title="bbox 134 5029 1795 5744">
     <span class='ocr_line' id='line_1_98' title="bbox 171 5029 1786 5118; baseline -0.018 -7"><span class='ocrx_word' id='word_1_571' title='bbox 171 5054 279 5112; x_wconf 89' lang='lat' dir='ltr'>Scimus</span> <span class='ocrx_word' id='word_1_572' title='bbox 293 5065 343 5104; x_wconf 91' lang='lat' dir='ltr'>nos</span> <span class='ocrx_word' id='word_1_573' title='bbox 360 5055 459 5118; x_wconf 75' lang='lat' dir='ltr'>rogatu</span> <span class='ocrx_word' id='word_1_574' title='bbox 474 5043 566 5100; x_wconf 91' lang='lat' dir='ltr'>domni</span> <span class='ocrx_word' id='word_1_575' title='bbox 583 5044 611 5097; x_wconf 91' lang='lat' dir='ltr'>P.</span> <span class='ocrx_word' id='word_1_576' title='bbox 630 5044 732 5098; x_wconf 91' lang='lat' dir='ltr'>domini</span> <span class='ocrx_word' id='word_1_577' title='bbox 748 5059 823 5114; x_wconf 86' lang='lat' dir='ltr'>papae</span> <span class='ocrx_word' id='word_1_578' title='bbox 838 5058 933 5098; x_wconf 91' lang='lat' dir='ltr'>came·</span> <span class='ocrx_word' id='word_1_579' title='bbox 989 5030 1067 5097; x_wconf 76' lang='grc'><strong>01100,</strong></span> <span class='ocrx_word' id='word_1_580' title='bbox 1078 5029 1145 5083; x_wconf 82' lang='lat' dir='ltr'>alias</span> <span class='ocrx_word' id='word_1_581' title='bbox 1155 5045 1222 5084; x_wconf 83' lang='lat' dir='ltr'>rero</span> <span class='ocrx_word' id='word_1_582' title='bbox 1233 5031 1408 5100; x_wconf 87' lang='lat' dir='ltr'>personasibi</span> <span class='ocrx_word' id='word_1_583' title='bbox 1420 5046 1474 5084; x_wconf 90' lang='lat' dir='ltr'>non</span> <span class='ocrx_word' id='word_1_584' title='bbox 1485 5033 1629 5102; x_wconf 88' lang='lat' dir='ltr'>sepeliant.</span> <span class='ocrx_word' id='word_1_585' title='bbox 1641 5036 1786 5093; x_wconf 67' lang='lat' dir='ltr'>parochia.</span> 
     </span>
     <span class='ocr_line' id='line_1_99' title="bbox 135 5117 1788 5202; baseline -0.01 -2"><span class='ocrx_word' id='word_1_586' title='bbox 135 5143 201 5202; x_wconf 90' lang='lat' dir='ltr'>rarii</span> <span class='ocrx_word' id='word_1_587' title='bbox 210 5139 358 5197; x_wconf 88' lang='lat' dir='ltr'>ecclesiam</span> <span class='ocrx_word' id='word_1_588' title='bbox 375 5141 515 5190; x_wconf 72' lang='lat' dir='ltr'>anensem</span> <span class='ocrx_word' id='word_1_589' title='bbox 534 5132 612 5186; x_wconf 85' lang='lat' dir='ltr'>rubis</span> <span class='ocrx_word' id='word_1_590' title='bbox 629 5140 655 5185; x_wconf 88' lang='lat' dir='ltr'>et</span> <span class='ocrx_word' id='word_1_591' title='bbox 671 5131 807 5186; x_wconf 75' lang='lat' dir='ltr'>Ecclesiae</span> <span class='ocrx_word' id='word_1_592' title='bbox 835 5141 934 5188; x_wconf 83' lang='lat' dir='ltr'>vestrae</span> <span class='ocrx_word' id='word_1_593' title='bbox 989 5127 1135 5173; x_wconf 89' lang='lat' dir='ltr'>nosautem</span> <span class='ocrx_word' id='word_1_594' title='bbox 1152 5117 1317 5182; x_wconf 63' lang='lat' dir='ltr'>Salineases</span> <span class='ocrx_word' id='word_1_595' title='bbox 1334 5134 1385 5173; x_wconf 90' lang='lat' dir='ltr'>nec</span> <span class='ocrx_word' id='word_1_596' title='bbox 1400 5119 1488 5182; x_wconf 86' lang='lat' dir='ltr'>rivas,</span> <span class='ocrx_word' id='word_1_597' title='bbox 1506 5136 1556 5176; x_wconf 91' lang='lat' dir='ltr'>nec</span> <span class='ocrx_word' id='word_1_598' title='bbox 1567 5128 1788 5184; x_wconf 87' lang='lat' dir='ltr'>mortuossusei-</span> 
     </span>
     <span class='ocr_line' id='line_1_100' title="bbox 134 5205 1786 5294; baseline -0.01 -6"><span class='ocrx_word' id='word_1_599' title='bbox 134 5233 203 5289; x_wconf 88' lang='lat' dir='ltr'>olim</span> <span class='ocrx_word' id='word_1_600' title='bbox 217 5228 339 5285; x_wconf 86' lang='lat' dir='ltr'>dedisse.</span> <span class='ocrx_word' id='word_1_601' title='bbox 355 5225 415 5294; x_wconf 83' lang='lat' dir='ltr'>Qua</span> <span class='ocrx_word' id='word_1_602' title='bbox 425 5222 460 5278; x_wconf 88' lang='lat' dir='ltr'>de</span> <span class='ocrx_word' id='word_1_603' title='bbox 474 5236 554 5277; x_wconf 85' lang='lat' dir='ltr'>causa</span> <span class='ocrx_word' id='word_1_604' title='bbox 569 5218 617 5274; x_wconf 88' lang='lat' dir='ltr'>lilii</span> <span class='ocrx_word' id='word_1_605' title='bbox 629 5222 713 5275; x_wconf 85' lang='lat' dir='ltr'>nostri</span> <span class='ocrx_word' id='word_1_606' title='bbox 729 5220 854 5275; x_wconf 88' lang='lat' dir='ltr'>canonici</span> <span class='ocrx_word' id='word_1_607' title='bbox 864 5223 936 5294; x_wconf 71' lang='lat' dir='ltr'>bug·</span> <span class='ocrx_word' id='word_1_608' title='bbox 990 5208 1074 5279; x_wconf 71' lang='lat' dir='ltr'>Plffill·</span> <span class='ocrx_word' id='word_1_609' title='bbox 1090 5207 1169 5274; x_wconf 77' lang='lat' dir='ltr'>Quod</span> <span class='ocrx_word' id='word_1_610' title='bbox 1185 5206 1207 5260; x_wconf 81' lang='lat' dir='ltr'>Sl</span> <span class='ocrx_word' id='word_1_611' title='bbox 1221 5205 1320 5276; x_wconf 65' lang='lat' dir='ltr'>aliquis</span> <span class='ocrx_word' id='word_1_612' title='bbox 1348 5208 1574 5276; x_wconf 76' lang='lat' dir='ltr'>parochianarum</span> <span class='ocrx_word' id='word_1_613' title='bbox 1591 5212 1786 5284; x_wconf 76' lang='lat' dir='ltr'>salinensium,</span> 
     </span>
     <span class='ocr_line' id='line_1_101' title="bbox 135 5294 1789 5380; baseline -0.016 -3"><span class='ocrx_word' id='word_1_614' title='bbox 135 5319 270 5378; x_wconf 87' lang='lat' dir='ltr'>dunensis</span> <span class='ocrx_word' id='word_1_615' title='bbox 287 5314 417 5371; x_wconf 84' lang='lat' dir='ltr'>Ecclesiae</span> <span class='ocrx_word' id='word_1_616' title='bbox 446 5308 546 5364; x_wconf 89' lang='lat' dir='ltr'>turbati</span> <span class='ocrx_word' id='word_1_617' title='bbox 561 5316 702 5378; x_wconf 87' lang='lat' dir='ltr'>coepemnt</span> <span class='ocrx_word' id='word_1_618' title='bbox 717 5308 849 5364; x_wconf 84' lang='lat' dir='ltr'>instanter</span> <span class='ocrx_word' id='word_1_619' title='bbox 873 5325 937 5380; x_wconf 90' lang='lat' dir='ltr'>pre·</span> <span class='ocrx_word' id='word_1_620' title='bbox 991 5294 1204 5366; x_wconf 79' lang='lat' dir='ltr'>inaegritudinis</span> <span class='ocrx_word' id='word_1_621' title='bbox 1231 5294 1302 5349; x_wconf 73' lang='lat' dir='ltr'>¹⁰0l⁰</span> <span class='ocrx_word' id='word_1_622' title='bbox 1313 5296 1428 5364; x_wconf 71' lang='lat' dir='ltr'>positus,</span> <span class='ocrx_word' id='word_1_623' title='bbox 1457 5300 1606 5355; x_wconf 86' lang='lat' dir='ltr'>monachus</span> <span class='ocrx_word' id='word_1_624' title='bbox 1635 5319 1685 5374; x_wconf 87' lang='lat' dir='ltr'>pro</span> <span class='ocrx_word' id='word_1_625' title='bbox 1714 5316 1789 5362; x_wconf 66' lang='lat' dir='ltr'>meru</span> 
     </span>
     <span class='ocr_line' id='line_1_102' title="bbox 137 5380 1791 5468; baseline -0.01 -3"><span class='ocrx_word' id='word_1_626' title='bbox 137 5408 194 5467; x_wconf 87' lang='lat' dir='ltr'>cari</span> <span class='ocrx_word' id='word_1_627' title='bbox 218 5403 393 5463; x_wconf 89' lang='lat' dir='ltr'>clementiam</span> <span class='ocrx_word' id='word_1_628' title='bbox 420 5406 542 5455; x_wconf 89' lang='lat' dir='ltr'>nostram</span> <span class='ocrx_word' id='word_1_629' title='bbox 565 5414 599 5453; x_wconf 91' lang='lat' dir='ltr'>ne</span> <span class='ocrx_word' id='word_1_630' title='bbox 622 5397 762 5468; x_wconf 85' lang='lat' dir='ltr'>praelatam</span> <span class='ocrx_word' id='word_1_631' title='bbox 787 5398 937 5453; x_wconf 88' lang='lat' dir='ltr'>eeclesiam</span> <span class='ocrx_word' id='word_1_632' title='bbox 991 5385 1088 5439; x_wconf 70' lang='lat' dir='ltr'>m0f¹ls</span> <span class='ocrx_word' id='word_1_633' title='bbox 1117 5380 1187 5439; x_wconf 63' lang='lat' dir='ltr'>effici</span> <span class='ocrx_word' id='word_1_634' title='bbox 1213 5382 1338 5450; x_wconf 78' lang='lat' dir='ltr'>voluerit,</span> <span class='ocrx_word' id='word_1_635' title='bbox 1367 5400 1432 5449; x_wconf 79' lang='lat' dir='ltr'>nun,</span> <span class='ocrx_word' id='word_1_636' title='bbox 1457 5385 1684 5462; x_wconf 82' lang='lat' dir='ltr'>nisipresbytero</span> <span class='ocrx_word' id='word_1_637' title='bbox 1708 5396 1791 5466; x_wconf 79' lang='lat' dir='ltr'>cujus</span> 
     </span>
     <span class='ocr_line' id='line_1_103' title="bbox 138 5481 1793 5565; baseline -0.004 -13"><span class='ocrx_word' id='word_1_638' title='bbox 138 5500 286 5555; x_wconf 76' lang='lat' dir='ltr'>natenaem</span> <span class='ocrx_word' id='word_1_639' title='bbox 313 5501 469 5565; x_wconf 87' lang='lat' dir='ltr'>pateremur</span> <span class='ocrx_word' id='word_1_640' title='bbox 492 5486 580 5559; x_wconf 86' lang='lat' dir='ltr'>aliqua</span> <span class='ocrx_word' id='word_1_641' title='bbox 597 5486 743 5542; x_wconf 87' lang='lat' dir='ltr'>occasione</span> <span class='ocrx_word' id='word_1_642' title='bbox 772 5486 885 5541; x_wconf 90' lang='lat' dir='ltr'>alienari</span> <span class='ocrx_word' id='word_1_643' title='bbox 908 5493 937 5542; x_wconf 87' lang='lat' dir='ltr'>et</span> <span class='ocrx_word' id='word_1_644' title='bbox 992 5481 1174 5551; x_wconf 82' lang='lat' dir='ltr'>parochianus</span> <span class='ocrx_word' id='word_1_645' title='bbox 1185 5489 1235 5547; x_wconf 86' lang='lat' dir='ltr'>est,</span> <span class='ocrx_word' id='word_1_646' title='bbox 1251 5490 1399 5548; x_wconf 86' lang='lat' dir='ltr'>annuente,</span> <span class='ocrx_word' id='word_1_647' title='bbox 1415 5498 1477 5537; x_wconf 91' lang='lat' dir='ltr'>eum</span> <span class='ocrx_word' id='word_1_648' title='bbox 1492 5485 1652 5556; x_wconf 90' lang='lat' dir='ltr'>suscipiant.</span> <span class='ocrx_word' id='word_1_649' title='bbox 1667 5491 1793 5548; x_wconf 89' lang='lat' dir='ltr'>Conces-</span> 
     </span>
     <span class='ocr_line' id='line_1_104' title="bbox 139 5566 1795 5659; baseline -0.013 -15"><span class='ocrx_word' id='word_1_650' title='bbox 139 5583 267 5659; x_wconf 81' lang='lat' dir='ltr'>separari</span> <span class='ocrx_word' id='word_1_651' title='bbox 275 5583 311 5639; x_wconf 94' lang='lat' dir='ltr'>ab</span> <span class='ocrx_word' id='word_1_652' title='bbox 329 5579 450 5639; x_wconf 84' lang='lat' dir='ltr'>eeclesia</span> <span class='ocrx_word' id='word_1_653' title='bbox 463 5575 556 5633; x_wconf 85' lang='lat' dir='ltr'>Sancti</span> <span class='ocrx_word' id='word_1_654' title='bbox 580 5574 710 5647; x_wconf 81' lang='lat' dir='ltr'>Stephani</span> <span class='ocrx_word' id='word_1_655' title='bbox 736 5574 937 5645; x_wconf 77' lang='lat' dir='ltr'>lugdunensis,</span> <span class='ocrx_word' id='word_1_656' title='bbox 993 5578 1088 5626; x_wconf 82' lang='lat' dir='ltr'>rerunt</span> <span class='ocrx_word' id='word_1_657' title='bbox 1101 5566 1181 5624; x_wconf 90' lang='lat' dir='ltr'>etiam</span> <span class='ocrx_word' id='word_1_658' title='bbox 1195 5567 1288 5625; x_wconf 90' lang='lat' dir='ltr'>elerici</span> <span class='ocrx_word' id='word_1_659' title='bbox 1303 5569 1371 5641; x_wconf 84' lang='lat' dir='ltr'>ipsis</span> <span class='ocrx_word' id='word_1_660' title='bbox 1384 5572 1538 5638; x_wconf 85' lang='lat' dir='ltr'>monachis,</span> <span class='ocrx_word' id='word_1_661' title='bbox 1559 5574 1694 5634; x_wconf 78' lang='lat' dir='ltr'>decimam</span> <span class='ocrx_word' id='word_1_662' title='bbox 1713 5579 1795 5634; x_wconf 69' lang='lat' dir='ltr'>unius</span> 
     </span>
     <span class='ocr_line' id='line_1_105' title="bbox 136 5657 938 5744; baseline -0.02 -15"><span class='ocrx_word' id='word_1_663' title='bbox 136 5669 300 5744; x_wconf 71' lang='lat' dir='ltr'>jansenius</span> <span class='ocrx_word' id='word_1_664' title='bbox 312 5665 348 5722; x_wconf 85' lang='lat' dir='ltr'>ab</span> <span class='ocrx_word' id='word_1_665' title='bbox 370 5661 488 5741; x_wconf 78' lang='lat' dir='ltr'>antiquis</span> <span class='ocrx_word' id='word_1_666' title='bbox 511 5660 679 5732; x_wconf 88' lang='lat' dir='ltr'>temporibus</span> <span class='ocrx_word' id='word_1_667' title='bbox 692 5658 789 5714; x_wconf 82' lang='lat' dir='ltr'>tuerat.</span> <span class='ocrx_word' id='word_1_668' title='bbox 814 5657 938 5727; x_wconf 87' lang='lat' dir='ltr'>Quorum</span> 
     </span>
    </p>
   </div>
   <div class='ocr_carea' id='block_1_29' title="bbox 139 5657 1816 5828">
    <p class='ocr_par' dir='ltr' id='par_1_31' title="bbox 139 5657 1816 5828">
     <span class='ocr_line' id='line_1_106' title="bbox 994 5657 1798 5739; baseline 0.002 -24"><span class='ocrx_word' id='word_1_669' title='bbox 994 5666 1097 5715; x_wconf 87' lang='lat' dir='ltr'>tantum</span> <span class='ocrx_word' id='word_1_670' title='bbox 1112 5657 1199 5714; x_wconf 77' lang='lat' dir='ltr'>vinea</span> <span class='ocrx_word' id='word_1_671' title='bbox 1213 5657 1373 5731; x_wconf 75' lang='lat' dir='ltr'>ejua,quam</span> <span class='ocrx_word' id='word_1_672' title='bbox 1388 5675 1425 5717; x_wconf 84' lang='lat' dir='ltr'>ex</span> <span class='ocrx_word' id='word_1_673' title='bbox 1440 5660 1485 5716; x_wconf 88' lang='lat' dir='ltr'>bis</span> <span class='ocrx_word' id='word_1_674' title='bbox 1499 5677 1607 5733; x_wconf 85' lang='lat' dir='ltr'>quoseo</span> <span class='ocrx_word' id='word_1_675' title='bbox 1623 5674 1745 5739; x_wconf 86' lang='lat' dir='ltr'>tempore</span> <span class='ocrx_word' id='word_1_676' title='bbox 1763 5662 1798 5718; x_wconf 80' lang='lat' dir='ltr'>lu</span> 
     </span>
     <span class='ocr_line' id='line_1_107' title="bbox 139 5744 1816 5828; baseline -0.002 -17"><span class='ocrx_word' id='word_1_677' title='bbox 139 5755 312 5821; x_wconf 71' lang='lat' dir='ltr'>elamoribus</span> <span class='ocrx_word' id='word_1_678' title='bbox 325 5768 358 5812; x_wconf 89' lang='grc'>00</span> <span class='ocrx_word' id='word_1_679' title='bbox 377 5750 506 5825; x_wconf 82' lang='lat' dir='ltr'>praeibas</span> <span class='ocrx_word' id='word_1_680' title='bbox 519 5747 769 5823; x_wconf 83' lang='lat' dir='ltr'>dexipromisimus</span> <span class='ocrx_word' id='word_1_681' title='bbox 792 5744 851 5816; x_wconf 85' lang='lat' dir='ltr'>jara</span> <span class='ocrx_word' id='word_1_682' title='bbox 865 5749 939 5809; x_wconf 88' lang='lat' dir='ltr'>dicta</span> <span class='ocrx_word' id='word_1_683' title='bbox 994 5746 1161 5806; x_wconf 85' lang='lat' dir='ltr'>dominicatu</span> <span class='ocrx_word' id='word_1_684' title='bbox 1174 5748 1292 5814; x_wconf 85' lang='lat' dir='ltr'>tenebat,</span> <span class='ocrx_word' id='word_1_685' title='bbox 1322 5751 1460 5828; x_wconf 82' lang='lat' dir='ltr'>usquead</span> <span class='ocrx_word' id='word_1_686' title='bbox 1481 5750 1646 5825; x_wconf 71' lang='lat' dir='ltr'>proximam</span> <span class='ocrx_word' id='word_1_687' title='bbox 1662 5754 1816 5807; x_wconf 63' lang='grc'><strong>0000000·</strong></span> 
     </span>
    </p>
   </div>
   <div class='ocr_carea' id='block_1_30' title="bbox 0 0 1921 6038">
    <p class='ocr_par' dir='ltr' id='par_1_32' title="bbox 0 0 1921 6038">
     <span class='ocr_line' id='line_1_108' title="bbox 0 0 1921 6038; baseline 0 0"><span class='ocrx_word' id='word_1_688' title='bbox 0 0 1921 6038; x_wconf 95' lang='lat' dir='ltr'> </span> 
     </span>
    </p>
   </div>
  </div>
 </body>
</html>
