3780 6038
108 186 163 241 293
371 184 584 246 uuloruluus
602 189 714 245 suuis
734 187 1033 250 Euruuuucuusffi
1053 226 1088 236 -
1106 196 1250 255 NOTITIA
1267 201 1492 262 curcurlum.
1591 258 1593 267 .
1705 214 1759 271 ΞΜ

105 306 223 365 Theudo
236 308 272 365 de
287 309 430 384 llurgulio.
923 319 951 378 Α
966 318 1132 377 Francorum
1147 339 1212 396 rege
1222 341 1293 380 auno
1307 342 1389 383 nouo.
1408 330 1436 383 lu
1448 330 1498 386 Dei
1508 332 1618 390 nomine
1634 334 1757 393 feliciter.

107 397 257 454 Odolricus
273 399 309 455 de
323 399 352 454 S.
368 400 498 458 llartiale.
1002 410 1046 464 lic
1059 411 1224 468 Celenderis
1237 414 1265 471 S.
1276 416 1374 487 Serqii,
1383 422 1410 473 el
1420 418 1555 476 Clrrorrico
1564 421 1590 477 S.
1599 423 1710 480 Albani.

105 486 275 543 Ermeuteus
289 486 374 543 abbas
389 489 423 545 de
438 489 548 546 Tuleio.
1000 497 1088 554 Pridie
1103 500 1214 557 Caleod.
1231 503 1313 557 lunii.
1329 507 1409 576 Apud
1428 507 1606 565 Vindocinum
1626 511 1757 571 Castrum

104 575 287 631 'theobaldus
301 577 336 632 de
350 577 378 632 S.
395 578 552 635 benedicto.
963 587 1155 643 llonasteriurn
1171 589 1200 644 S.
1215 591 1353 647 Trinitatis
1368 594 1521 653 dedicatum
1550 603 1600 653 est
1622 615 1694 658 anuo
1722 603 1757 659 cb

142 669 244 721 Actum
261 665 456 721 vindocinensi
472 667 500 721 in
515 667 623 734 Castro,
638 683 710 724 anno
719 667 754 722 ab
781 666 910 725 incarna-
964 679 1105 734 lnecrnut.
1123 679 1229 735 Domini
1243 697 1273 738 u.
1289 698 1330 737 ru.
1753 696 1758 703 '

107 753 181 808 lione
202 753 314 808 Domini
340 769 408 809 ιιιι.
436 754 548 812 iudicet.
570 772 615 812 vu.
642 764 776 829 regnante
791 757 910 814 Henrico

762 1084 839 1127 Auno
859 1085 987 1127 uolitaret
1006 1085 1104 1125 novur.

543 1204 1320 1421 turbulentus

407 1499 685 1615 ABBAS
730 1505 1464 1687 EFQACENSIS

651 1775 876 1852 NOTITIA
909 1771 1216 1849 HISTORICA.

523 1926 647 1996 (Firmo.
665 1927 803 1985 Bibliolli.
818 1924 893 1982 med.
904 1926 932 1981 el
947 1924 1005 1994 inf.
1027 1923 1090 1991 let,
1106 1928 1126 1978 t.
1140 1922 1184 1991 Vl,
1201 1938 1231 1994 p.
1250 1922 1332 1992 23³.)

808 2052 1070 2072 ..flu—n·-

146 2179 321 2252 l'br’osrider,
336 2179 422 2234 abbas
438 2180 659 2250 Epternacecais,
676 2182 736 2238 ord.
752 2183 780 2239 S.
796 2183 909 2239 Benedi·
922 2185 948 2248 B
1000 2181 1136 2254 l'biofririi
1151 2182 1290 2250 cujusdam
1306 2182 1413 2238 abbatis
1428 2199 1570 2240 sermones
1580 2183 1757 2243 duoDeacrc-

106 2251 153 2313 cti,
169 2253 239 2306 obiit
254 2253 292 2306 A.
311 2254 392 2306 llll).
416 2252 532 2322 Scripsit
555 2254 644 2309 litam
663 2256 694 2311 S.
722 2256 906 2317 Willebrordi.
962 2258 1072 2311 olorum
1086 2255 1224 2324 reliquiis.
1238 2262 1266 2309 et
1280 2255 1318 2310 De
1329 2256 1509 2312 ueneratione
1519 2260 1693 2321 caracterem,
1703 2257 1758 2328 pri·

106 2320 265 2378 fundatoris
279 2322 399 2378 coeuobii
414 2322 465 2386 sui,
482 2331 509 2377 et
525 2323 728 2392 Ultrajneteusis
749 2328 907 2396 archiepis,
961 2341 1036 2380 mum
1050 2325 1115 2380 editi
1129 2341 1190 2380 cum
1207 2326 1373 2396 Berengom,
1390 2326 1483 2381 Gelon.
1501 2331 1580 2392 1555,
1603 2331 1629 2387 8.
1645 2337 1706 2398 post
1728 2327 1756 2383 in

107 2396 217 2449 ab'urio
232 2394 334 2449 editam
348 2394 379 2448 d.
391 2395 407 2445 i
418 2394 481 2447 Dec.
494 2395 733 2468 l'lorcaepiloplrii
744 2401 909 2453 sanctorum
962 2397 1135 2451 bibliothecis
1152 2397 1270 2459 Petrum,
1287 2396 1400 2451 eruditis
1423 2399 1637 2452 controversiam
1660 2414 1755 2454 more·

107 2462 159 2519 lib.
176 2480 215 2527 ιν,
232 2483 249 2536 q
262 2465 278 2519 ri
293 2464 474 2536 Lurembergi
489 2465 552 2519 editi
568 2475 635 2519 sunt
648 2481 710 2521 oum
725 2468 782 2522 Vita
798 2467 826 2521 S.
839 2468 908 2521 Wil·
962 2474 1036 2520 runt.
1057 2467 1180 2538 Plerique
1195 2482 1257 2522 eum
1272 2467 1363 2522 Ceveo
1377 2468 1465 2537 ipsum
1480 2484 1547 2524 saec.
1575 2483 1605 2523 xi
1628 2470 1756 2525 abbatem

107 2534 232 2591 lebrordi
245 2544 273 2591 et
285 2552 345 2591 curn
362 2537 433 2590 notis
447 2536 658 2601 loanlioberti,
670 2538 697 2592 S.
716 2539 752 2599 J..
780 2542 855 2601 1619,
880 2539 905 2592 l.
962 2539 1187 2592 Elterna··ensem
1205 2539 1289 2593 fuisse
1312 2540 1488 2605 contendunt,
1517 2541 1629 2611 dequo
1659 2556 1752 2611 supra.

109 2607 170 2661 vid.
189 2608 246 2660 Vel.
264 2606 464 2661 Andreaellibl.
482 2607 631 2678 Belgicam.
648 2608 909 2733 pnpd'lbffiu'eer'·
964 2612 1097 2664 ductores
1113 2620 1201 2664 nutem
1218 2610 1343 2664 ilistorire
1358 2610 1496 2665 litterraice
1525 2610 1650 2678 Gellicae,
1680 2621 1749 2666 tom.

107 2679 137 2732 tii
153 2680 276 2732 Athenas
294 2678 429 2747 Belgicus,
445 2693 472 2747 p.
488 2680 550 2731 693.
566 2679 664 2733 libros
700 2694 908 2736 econccmmc-
962 2680 1056 2749 lV,p.
1077 2682 1121 2743 bu,
1137 2695 1184 2734 eos
1198 2694 1342 2736 sermones
1366 2681 1504 2734 ascribunt
1526 2680 1676 2747 Tbiolrirlo,
1706 2683 1753 2752 qui

108 2747 689 2811 lionesoeculi,acdenooisrimedie,ex
713 2750 907 2823 Eisengreiuio
962 2751 1115 2805 sreculovu
1132 2750 1180 2804 luit
1208 2751 1291 2804 obbas
1307 2750 1421 2820 primum
1438 2752 1599 2806 Menatensis
1614 2753 1642 2806 in
1660 2753 1755 2808 diver-

107 2820 160 2888 ipsi
177 2820 274 2876 tribuit
301 2819 590 2874 Posserinustomoll
612 2822 763 2889 Apparatus
788 2838 817 2891 p.
844 2823 905 2877 tuo.
963 2820 1445 2889 nensrdimcesi,postCameriensis
1475 2821 1500 2875 in
1526 2825 1667 2878 territorio
1698 2825 1752 2879 Ve-

106 2890 299 2963 [Willebrordi
316 2891 375 2943 Vita
388 2906 403 2942 a
417 2890 497 2944 Surio
512 2891 582 2944 edita
597 2892 649 2945 aliu
664 2891 744 2960 plane
759 2900 800 2947 est
815 2893 850 2946 ab
875 2909 908 2948 ea
962 2893 1100 2945 laonensi.
1123 2892 1259 2961 Titiosrr'di
1271 2892 1377 2947 obbatis
1393 2907 1536 2948 sermones
1550 2909 1620 2947 mss.
1640 2901 1701 2948 sunt
1727 2897 1754 2948 in

107 2978 191 3033 quarn
207 2960 907 3032 Tbiolridusscripsit;vulgavitenimSuriuseam
962 2963 1034 3017 liibl.
1055 2961 1292 3018 Vaticanalieru.
1312 2961 1347 3016 de
1375 2962 1549 3017 Montiaucon
1576 2964 1647 3018 Dibl.
1681 2964 1750 3020 bibl.

107 3049 193 3104 quam
210 3034 344 3086 Alcuinus
359 3047 441 3100 prosa
455 3031 578 3087 oratione
594 3032 678 3086 dedit.
695 3033 825 3089 Thiolridi
837 3049 908 3103 opus
962 3049 1046 3096 mss,
1063 3050 1089 3101 p.
1109 3033 1169 3086 lut.
1181 3030 1358 3103 [Quanquam
1373 3048 1515 3088 sermones
1530 3034 1567 3087 ilii
1583 3035 1637 3090 duo
1654 3028 1755 3106 [liblio-

106 3119 250 3174 nunquam
265 3102 375 3172 prodiit,
405 3103 443 3156 uti
474 3113 589 3157 mouent
618 3104 743 3159 ilistoriae
769 3106 930 3160 litterariae·
963 3104 1210 3159 theom-inbicuoti
1239 3105 1272 3156 ab
1298 3105 1454 3158 auctoribus
1486 3105 1613 3160 Historiae
1644 3105 1754 3163 Gallicae

108 3174 208 3230 Galliae
223 3174 372 3243 scriptores
387 3182 451 3228 tom.
471 3173 517 3239 lx,
534 3189 600 3246 pag.
617 3178 682 3228 b'ub.
702 3176 789 3229 Aliam
805 3176 909 3246 pariter
961 3175 1100 3229 Tiriolrido
1114 3175 1176 3229 lruic
1191 3173 1282 3227 abbcti
1296 3174 1324 3227 in
1339 3183 1361 3229 l.
1387 3175 1422 3229 lv
1443 3176 1538 3245 operis
1560 3177 1671 3302 ascripti
1695 3177 1756 3234 lue·

107 3244 388 3299 Vitamidemabbas
411 3256 578 3314 composuit,
608 3260 705 3314 nempe
734 3246 766 3300 S.
800 3247 908 3302 lrminae
962 3245 1226 3312 ruut‚inrolumine
1247 3257 1337 3299 tamen
1367 3246 1414 3311 lX,
1441 3247 1476 3300 ad
1505 3246 1596 3302 Vitam
1647 3247 1756 3303 biofridi

106 3316 257 3371 abbatisse
271 3315 485 3369 Heresiensisin
509 3316 626 3370 Drercesi
647 3316 816 3378 Trarirensi,
846 3332 908 3388 quer
961 3316 1068 3371 ebbctis
1082 3317 1283 3372 Et'ternacenaia
1298 3316 1387 3371 eidem
1405 3314 1590 3373 Ebemacimsi
1606 3321 1752 3388 monacho,

107 3396 203 3442 tamen
231 3401 368 3457 nunquam
396 3387 559 3455 comparuit.
592 3386 758 3456 Opusculum
785 3391 823 3443 De
850 3390 907 3457 fine
961 3396 1090 3442 revocata
1104 3387 1188 3457 priori
1201 3387 1341 3457 opinione,
1357 3387 1506 3444 ascribunt.
1523 3389 1590 3444 Vide
1605 3389 1642 3443 ibi
1655 3390 1758 3461 quibus

105 3459 239 3514 mondia
258 3457 407 3511 Posseviuo
431 3454 572 3512 Tuiolrido
601 3458 663 3512 lruic
694 3459 834 3524 tributum,
865 3465 907 3514 est
961 3467 1155 3529 permoventur
1182 3459 1356 3526 conjecturis.
1395 3460 1478 3513 Porro
1515 3459 1670 3514 Tbiolridus
1706 3462 1758 3516 ista

106 3528 248 3585 Tbeolridi
263 3527 370 3581 abbatis
385 3528 593 3593 Carmeriensis,
610 3543 660 3583 nec
683 3529 755 3585 uliud
782 3529 908 3601 prolecto
924 3539 948 3602 C
962 3529 1087 3583 abbatem
1101 3529 1202 3602 agebat
1215 3529 1433 3584 curmeriensem
1451 3528 1614 3586 Velaunensi
1629 3531 1754 3588 dioecesi.

107 3611 149 3657 est
164 3616 245 3672 quam
261 3600 332 3653 liber
346 3599 487 3671 llicrologi
504 3600 538 3653 de
552 3599 628 3669 lapsu
639 3602 733 3655 mundi
754 3601 861 3656 senario
872 3604 908 3656 ab
963 3599 1076 3670 uersu}

106 3673 206 3727 eodem
218 3668 357 3724 lbiolrido
370 3670 501 3741 scriptus,
516 3678 545 3724 ut
569 3686 602 3725 ex
624 3670 719 3726 iisdem
746 3672 902 3729 auctoribus

105 3743 253 3799 discimus.
268 3739 379 3813 Mansa]

635 4047 859 4122 NOTITIA
890 4046 1235 4123 LITTERARIA.

489 4199 622 4272 (ursone
655 4200 798 4257 reiterare
830 4200 863 4256 ue
889 4200 917 4259 ra
940 4201 1057 4267 nam,
1091 4207 1113 4254 r.
1151 4198 1200 4267 rx,
1233 4215 1264 4272 p.
1300 4199 1378 4272 soc.)

144 4453 173 4504 ιι
188 4449 225 4504 Le
239 4448 376 4522 principat
393 4458 420 4507 et
442 4453 583 4523 peut-etre
600 4451 626 4507 le
668 4449 769 4506 remier
779 4450 847 4506 berit
869 4451 904 4506 de
960 4448 1083 4513 Domini,
1100 4451 1208 4504 renctoe
1224 4447 1375 4504 Treuericoe
1388 4447 1668 4521 redtccrcltiprurruli
1682 4451 1754 4505 Dru-

105 4520 249 4587 Ducunt,
265 4538 314 4592 par
329 4527 355 4577 lc
370 4523 462 4578 raison
475 4523 541 4593 qu'il
556 4522 581 4577 le
596 4467 705 4594 quaiifie
716 4522 756 4577 les
771 4522 906 4592 premioes
958 4520 1038 4579 noni.
1048 4520 1619 4590 oleastercrr'doaistercceenciacoenobli
1629 4522 1757 4592 bequme·

106 4593 209 4646 deson
225 4593 332 4659 travail,
348 4603 441 4648 estun
458 4594 559 4649 recueil
574 4593 679 4649 intituli
695 4594 735 4648 les
750 4595 771 4647 F
772 4594 848 4648 leurs
871 4593 905 4648 dc
958 4607 1014 4646 rtur
1032 4591 1200 4660 Tbiosridua.
1218 4591 1261 4646 On
1275 4591 1331 4646 voit
1341 4606 1391 4660 par
1405 4592 1431 4644 lc
1452 4591 1616 4660 penultibme
1639 4607 1756 4660 expres-

107 4663 264 4734 lcpituplre
274 4664 321 4719 dec
331 4665 433 4732 cointe,
441 4665 506 4736 qu'il
514 4667 648 4789 entreprit
655 4664 904 4719 cursollicitctions
959 4661 1029 4726 sion,
1045 4662 1090 4733 qui
1106 4670 1146 4717 est
1161 4677 1291 4734 precque,
1308 4659 1451 4734 etsignifie
1465 4661 1491 4716 le
1506 4663 1624 4732 obes,ou
1653 4663 1756 4742 remier

105 4734 142 4786 de
159 4734 249 4789 l'abbe
272 4734 448 4806 quernbert,
470 4751 520 4791 son
539 4734 588 4805 pre'
608 4738 736 4790 ecesaeur
764 4734 904 4789 immediat
958 4749 994 4788 cn
1010 4734 1126 4805 diqrrilc,
1143 4748 1196 4804 que
1212 4733 1326 4787 l'auteur
1340 4748 1370 4786 se
1385 4732 1557 4802 plaiseitcux
1568 4731 1621 4787 bell
1641 4747 1752 4812 memes.

106 4804 192 4869 (uin.
203 4806 258 4859 dn.
268 4805 291 4860 l.
304 4821 383 4869 uxxr,
393 4807 484 4872 nib).
496 4806 539 4861 On
549 4807 601 4860 sait
615 4822 668 4877 que
682 4814 726 4862 cet
740 4806 811 4861 abbi
828 4805 902 4861 avait
958 4805 1031 4859 C’est
1046 4805 1081 4859 de
1096 4818 1159 4875 quor
1175 4820 1205 4858 se
1221 4812 1328 4858 resseut
1342 4810 1400 4858 tout
1414 4803 1561 4874 l'ourrage,
1572 4810 1599 4855 et
1609 4816 1640 4857 ce
1655 4818 1704 4873 qur
1720 4816 1755 4856 en

105 4891 161 4928 une
178 4875 336 4932 ueneration
351 4877 500 4950 singuliera
514 4893 583 4949 pour
597 4879 637 4932 les
660 4878 749 4932 saints
766 4895 772 4930 :
797 4892 828 4932 ce
855 4876 901 4948 qui
916 4885 942 4946 D
958 4876 1025 4930 rend
1042 4875 1067 4930 le
1083 4876 1151 4945 style
1167 4876 1261 4928 duret
1277 4890 1328 4944 peu
1343 4873 1463 4928 coulant.
1480 4872 1523 4928 On
1542 4887 1560 4943 y
1575 4870 1711 4927 decouvre
1718 4889 1753 4928 au

106 4945 132 4999 le
147 4954 227 5015 porta
241 4962 275 5001 en
292 4951 360 5002 tubo
375 4951 391 5003 d
405 4949 512 5014 etablir,
528 4950 565 5003 du
579 4955 788 5004 cousentement
810 4947 844 5002 de
870 4961 902 5002 sa
958 4955 1030 5001 reste
1046 4961 1098 5000 une
1113 4944 1219 5019 grande
1233 4943 1371 4999 eruditiori
1385 4957 1496 5013 pource
1508 4942 1652 5024 temps-la,
1665 4949 1755 4999 etune

104 5022 307 5081 communnutd,
324 5035 377 5074 une
391 5020 445 5074 sete
461 5036 496 5074 eu
510 5020 715 5075 dix-neuribme
730 5019 765 5074 de
790 5019 904 5073 decem·
961 5016 1097 5071 eminente
1112 5016 1183 5087 pidte
1197 5030 1264 5070 arec
1280 5020 1420 5083 beaucoup
1436 5014 1470 5068 de
1485 5014 1628 5068 modestre.

106 5088 157 5142 bre
172 5104 242 5155 pour
256 5091 375 5145 honorer
389 5105 457 5145 ceux
472 5091 538 5146 dont
546 5090 585 5145 les
593 5091 712 5162 reliques
723 5091 906 5145 etaienteon·
997 5089 1032 5142 Le
1048 5087 1157 5142 dessein
1172 5087 1206 5141 de
1220 5084 1346 5140 Theolroi
1361 5084 1431 5138 dans
1445 5092 1488 5139 oet
1497 5085 1566 5140 ecrit
1580 5093 1622 5139 ost
1631 5083 1666 5140 de
1682 5083 1756 5141 rele-

104 5163 219 5214 serue'es
234 5163 251 5215 d
267 5161 411 5231 Epternac.
429 5162 501 5217 C'est
515 5166 649 5232 peut-etre
669 5164 685 5215 a
707 5170 779 5216 cette
798 5163 905 5232 epoque
960 5174 1008 5213 ver
1022 5159 1062 5213 les
1077 5157 1233 5213 merveilles
1249 5173 1301 5228 que
1317 5155 1385 5210 Dieu
1401 5155 1473 5210 avait
1487 5158 1604 5225 opdrees
1615 5157 1754 5228 etopcrait

105 5230 172 5301 qu’il
188 5230 245 5285 laut
260 5241 402 5301 rapporter
415 5231 475 5287 l‘ori
498 5234 541 5287 ine
555 5233 589 5287 de
604 5240 650 5288 cot
662 5247 796 5305 ouvrage.
827 5232 906 5286 L'au-
959 5244 1060 5285 encore
1074 5245 1123 5298 par
1142 5229 1167 5282 la
1182 5235 1261 5282 vertu
1276 5228 1325 5282 dea
1341 5227 1462 5297 reliques
1483 5227 1517 5282 de
1540 5242 1585 5297 ses
1608 5228 1704 5294 saints,
1728 5228 1756 5284 la

104 5301 301 5357 teorlededia
316 5303 452 5373 plustard
476 5249 495 5358 Ξ
523 5305 641 5367 brunon,
671 5305 791 5358 acchera
813 5317 846 5358 ue
870 5304 905 5357 clu
959 5309 1041 5355 vertu
1055 5301 1090 5355 de
1105 5300 1179 5355 leurs
1193 5299 1318 5365 oeudres,
1336 5298 1372 5354 de
1387 5298 1461 5353 leurs
1477 5304 1637 5363 vatements,
1652 5313 1689 5353 ou
1706 5314 1756 5355 au-

105 5372 209 5428 Trerea
221 5373 338 5443 (Bnow.
356 5377 400 5430 dc
413 5376 487 5431 Trou.
501 5375 522 5436 l,
537 5390 585 5439 rur,
604 5391 633 5429 u.
652 5376 690 5443 9).
706 5374 774 5430 Rieu
793 5319 828 5429 fle
843 5373 905 5445 plus
959 5380 1015 5427 tres
1030 5371 1181 5442 depouilles
1195 5371 1346 5437 mortelles,
1362 5377 1388 5424 et
1403 5374 1491 5425 meme
1507 5369 1556 5424 des
1578 5370 1757 5426 instrumente

104 5441 275 5516 megniliqoe
289 5446 317 5500 ni
333 5445 367 5500 de
380 5444 444 5516 plus
461 5446 611 5502 bonorable
636 5462 706 5516 pour
728 5445 754 5500 le
781 5444 903 5512 liecene,
959 5444 993 5498 de
1006 5445 1079 5498 leurs
1094 5441 1245 5513 supplices.
1264 5440 1392 5497 Tbeolroi
1407 5449 1601 5511 entreprencut
1620 5442 1666 5512 d’y
1686 5455 1756 5497 oen·

104 5516 166 5571 rien
179 5516 256 5570 aussi
271 5516 306 5571 de
320 5518 382 5587 plus
388 5517 510 5573 modeste
520 5525 548 5573 et
561 5516 597 5573 de
611 5517 673 5588 plus
692 5515 802 5572 bumble
817 5517 852 5571 de
880 5515 906 5570 la
959 5529 1038 5569 surer
1052 5513 1077 5567 le
1092 5512 1155 5568 lure
1168 5527 1202 5566 eu
1216 5528 1303 5585 usage
1316 5512 1352 5568 de
1367 5527 1417 5569 sou
1431 5519 1530 5582 temps,
1548 5521 1575 5568 et
1587 5509 1680 5569 colord
1690 5511 1757 5569 d’uu

103 5593 167 5657 part
180 5585 217 5642 da
229 5585 355 5653 l'auteur,
369 5604 421 5660 que
436 5587 663 5659 l'inseriptionde
677 5594 748 5644 cette
759 5586 903 5653 dedicace,
959 5587 1086 5657 procerte
1100 5583 1136 5640 de
1150 5581 1279 5641 devotion
1301 5591 1464 5681 apparente,
1492 5582 1638 5666 a'erprime
1666 5582 1700 5638 de
1728 5582 1757 5637 la

141 5657 265 5714 imbrice
277 5656 314 5714 da
328 5665 438 5715 trouver
450 5659 487 5717 iei
501 5659 579 5730 placa
594 5675 664 5731 pour
677 5672 710 5715 sa
730 5657 903 5743 singularite.
959 5662 1035 5712 sorte
1051 5670 1058 5710 :
1077 5677 1088 5705 ι
1106 5655 1126 5710 ll
1141 5670 1176 5709 ne
1189 5652 1248 5710 iaut
1262 5671 1311 5746 pas
1325 5669 1491 5727 srmagrner,
1517 5654 1606 5737 clu-d,
1634 5668 1689 5724 qua
1715 5652 1756 5708 lea

103 5674 439 5803 ffuaqoumpelebroe,
450 5730 802 5805 specioroe,srocttseroern
821 5729 905 5786 aomo
959 5727 1047 5783 seinte
1060 5725 1240 5785 rechercbent
1253 5726 1307 5786 lor
1319 5734 1348 5784 et
1361 5726 1502 5798 l’arpentt
1525 5724 1561 5782 rls
1583 5740 1619 5781 aa
1640 5723 1760 5778 rerbsr-
