3780 6038
107 252 159 308 idi
725 240 877 295 nerunt).
893 239 939 294 ab
956 238 1121 296 resonuit.
1701 238 1756 293 668

142 371 187 421 38.
209 365 285 421 Viam
304 362 386 436 igitur
400 361 537 417 uniuersa
552 358 644 415 cernis
658 356 784 429 ingresso
798 354 896 425 {ponti-
912 339 941 399 Α
958 353 1038 409 tionis
1052 352 1159 420 decani,
1175 352 1306 409 doctrinae
1320 352 1399 410 bone
1419 370 1452 401 »ι
1474 352 1610 421 eruditus,
1625 351 1662 408 cd
1676 351 1757 407 sulli-

107 454 157 512 sace
173 454 339 510 Herimanao
354 452 457 521 (¹026),
471 448 604 504 successit
619 443 788 500 venerabilis
798 444 899 505 Brenn,
955 441 1083 497 cientium
1098 441 1254 507 instructus,
1267 441 1379 497 omissis
1394 442 1553 513 puerilibus,
1573 443 1661 496 immo
1673 441 1757 510 juva·

107 546 153 615 qui
168 552 263 615 postea
278 543 306 595 in
321 542 442 595 Romana
457 538 522 593 urbe
541 535 711 607 apostolatus
733 532 840 586 tanetus
855 532 903 585 bo·
955 531 1055 586 nilibus
1070 530 1280 601 nugis‚sellicite
1296 529 1753 602 uacabatpsalmisetorationibus.

106 633 460 688 norcLeononusnemen
481 625 597 697 aceepit.
625 623 800 693 Quapropter
814 620 837 674 si
856 620 903 674 ali·
955 630 1469 701 pesumptibussfibi,parentinum
1497 630 1624 702 quamvis
1655 629 1756 686 admo.

107 747 187 804 quem
202 728 310 784 fidelem
336 726 432 781 audire
461 724 579 780 delectat
607 738 668 793 quta
696 729 723 775 et
746 729 849 792 quanta
875 718 902 774 io
956 719 1020 773 dum
1036 718 1103 773 satis
1117 719 1152 773 ad
1168 734 1322 774 mensuram
1346 720 1464 774 decretis
1481 728 1512 761 ¹⁸⁴
1527 735 1611 790 parce
1634 718 1754 785 virebat,

107 821 263 892 episcopatu
279 816 447 872 leuchorum
466 813 590 885 gesserit,
608 819 635 865 et
650 809 787 881 quomodo
802 808 830 862 in
845 809 901 863 lto-
956 816 983 862 et
998 808 1020 862 si
1035 823 1088 879 qua
1098 807 1149 861 sibi
1164 806 1264 862 exinde
1293 808 1464 873 resederant,
1481 807 1669 881 indigentibus
1690 823 1756 863 erc-

107 903 408 976 rnauaurbcpootitex
424 901 509 957 iactus
531 916 561 955 se
588 898 724 964 babuerit,
752 897 852 951 librum
868 896 903 952 dc
956 896 1050 968 gabat,
1079 911 1112 952 ac
1136 911 1197 951 cum
1226 896 1381 951 columbine
1402 897 1574 968 simplicitate
1603 896 1758 968 prudentiae

106 993 366 1059 ritaetrirtutibus,
383 984 902 1064 quiinecelesiabeatidpriliabetur,
956 984 1090 1056 serpentis
1120 984 1261 1040 insistebat
1286 982 1330 1039 ”⁵.
1363 985 1508 1041 Gloriosus
1537 1001 1607 1056 ergo
1632 985 1757 1056 pontifex

105 1102 238 1175 perlegat,
255 1107 280 1154 θ(
295 1099 350 1154 iffi„
362 1097 478 1169 pleniter
493 1094 612 1149 inveniet
631 1103 670 1146 aa,
957 1075 1046 1128 llrune
1060 1088 1177 1128 cernens
1192 1089 1254 1128 eum
1269 1073 1424 1129 inutilitate
1451 1082 1554 1131 sauctae
1578 1073 1706 1131 ecclesiae
1720 1074 1758 1128 ita

143 1207 185 1257 39.
202 1198 336 1269 Quoniam
352 1194 598 1268 gesmpriscorum
614 1188 903 1262 mpomfficumhujus
956 1161 991 1216 ad
1005 1160 1059 1215 alic
1072 1166 1102 1198 ”⁸
1118 1176 1252 1227 cresccre,
1269 1161 1364 1216 intimo
1378 1161 1521 1217 laetabatur
1547 1161 1645 1231 corde,
1674 1170 1758 1233 etque

107 1291 287 1360 sedis,prout
311 1285 433 1356 contigit,
463 1283 561 1353 scripta
578 1280 767 1353 cognorimus,
798 1277 904 1333 vitietur
956 1259 1091 1330 militabit
1106 1260 1549 1359 ellffldualstflsssllm‘llle‘imillbel
1563 1260 1668 1316 h0⁰⁰ie
1683 1259 1757 1316 0¹21·

106 1379 186 1435 nobis
206 1378 397 1445 incongruum,
408 1381 436 1427 up
449 1369 681 1427 agavenerabffis
692 1367 793 1425 Udenis
804 1373 844 1435 aa,
856 1366 903 1438 qui
957 1349 1102 1403 tareNam
1112 1347 1413 1419 Gabrzonepramrcerio
1423 1349 1549 1404 humanis
1565 1349 1649 1404 rebus
1664 1364 1758 1404 exem·

107 1468 159 1522 sirit
173 1467 200 1520 in
215 1467 265 1520 bac
280 1463 345 1518 sede
360 1475 502 1517 successor
510 1461 549 1527 ¹⁸⁴,
567 1457 747 1514 sanctissima
765 1456 903 1511 memorie
957 1454 1005 1517 plo
1021 1443 1060 1512 ¹⁸⁷.
1078 1446 1159 1500 istum
1175 1446 1309 1516 promovit
1323 1446 1356 1501 ud
1374 1448 1502 1502 ltonorear
1517 1445 1643 1515 ejusdem
1656 1446 1755 1517 primi-

107 1570 186 1626 papae
200 1553 301 1608 noni¹⁸⁵
317 1550 415 1605 Leonis
438 1549 490 1603 sub
518 1547 617 1602 silentii
644 1561 707 1601 sera
735 1544 903 1600 occultemus
957 1542 1084 1608 cerintus,
1115 1542 1239 1613 quamvis
1268 1548 1333 1599 tunc
1358 1542 1473 1612 primurn
1503 1542 1593 1599 adhuc
1624 1541 1759 1599 imberbis

107 1651 155 1716 '⁸⁸;
171 1651 218 1706 sed
247 1649 282 1704 ad
305 1647 489 1720 cognitionem
518 1643 688 1716 sequentium
722 1640 903 1698 recordationi
958 1630 1447 1702 intrareladolesccntiaegradus-⁸.

106 1741 245 1796 tradamus
260 1736 394 1794 servanda
410 1738 448 1789 ¹⁸⁷.
466 1733 526 1789 Fuit
539 1733 584 1789 hic
598 1747 634 1788 ex
659 1730 830 1788 nobilissima
849 1744 901 1801 pc·
993 1740 1036 1793 ta,
1054 1737 1242 1810 virginitatem
1258 1753 1335 1792 suam
1352 1736 1409 1809 regi
1421 1737 1551 1794 caelorum
1566 1745 1693 1804 voverat,
1711 1754 1761 1809 pro

107 1838 259 1886 rtsslssmffl
280 1825 364 1896 stirpe
391 1832 485 1890 Ollssssr
511 1838 543 1878 θ’(
571 1828 687 1892 ullaque
715 1827 791 1891 parte
820 1818 905 1889 legali
959 1851 1012 1908 qua
1028 1836 1169 1892 retinenda
1184 1838 1242 1906 ejus
1258 1837 1425 1905 maiestatem
1457 1836 1607 1892 indefessis
1631 1836 1762 1908 precibus

110 1938 251 1987 stemmate
271 1928 373 1984 clarus.
408 1926 489 1980 Pater
517 1924 574 1993 ejus
590 1922 677 1978 dictus
705 1929 746 1976 est
774 1919 905 1977 comes¹⁸’
960 1925 1091 1980 exorabat
1113 1922 1156 1980 ¹⁹⁹.
1173 1926 1241 1982 Huic
1269 1926 1441 1996 Deoplaeitae
1457 1934 1484 1981 et
1499 1933 1600 1982 sanctae
1627 1925 1761 1982 voluntati

111 2028 252 2100 lliquinus,
281 2039 317 2080 ex
341 2021 539 2079 lteubariorum
568 2018 794 2091 regioneortus;
819 2023 906 2072 muter
961 2023 1246 2095 nequamaondeluit
1263 2030 1421 2095 temptator,
1439 2023 1763 2094 quieumnoctuetdiu

110 2130 260 2199 veroejus,
278 2124 416 2182 liatlriidis
444 2122 563 2188 nomine,
591 2138 624 2177 ex
653 2119 907 2176 dlernanniaduxit
961 2111 1298 2180 ⁸⁰⁰insisteudO,usancto
1312 2113 1450 2168 nitebatur
1464 2112 1584 2168 avellere
1607 2112 1764 2184 proposito.

113 2235 212 2294 genus.
229 2217 316 2272 Ambo
331 2214 365 2269 ab
381 2213 459 2269 critis
474 2210 632 2282 parentibus
653 2208 816 2280 prediorum
833 2208 908 2263 redi·
963 2210 1056 2281 ltaque
1075 2210 1225 2266 secundum
1244 2212 1391 2265 humanam
1417 2210 1589 2283 fragilitatem
1604 2226 1685 2265 suum
1703 2209 1764 2265 ani-

113 2319 184 2372 tibus
198 2324 224 2371 et
238 2313 390 2369 divitiarum
406 2308 582 2380 amplitudine
592 2306 709 2378 praediti,
725 2306 825 2362 divinar
845 2305 909 2361 reli·
964 2308 1086 2362 mamad
1102 2309 1160 2378 ejus
1173 2324 1283 2379 pravam
1298 2307 1540 2381 ⁸⁰¹suggestianem
1556 2309 1765 2380 obsequendam

114 2413 627 2495 giouisralereserridi,nonmultum
648 2412 909 2468 ilectentesanimos
964 2406 1158 2475 inclinaverat;
1187 2415 1212 2463 et
1228 2407 1280 2462 nisi
1298 2409 1431 2463 Dominus
1459 2408 1660 2476 anundum,
1684 2407 1765 2479 paule

114 2513 147 2567 ad
164 2507 482 2579 disponendoslronores
511 2500 700 2571 hujusseculi.
728 2501 909 2572 lluncitaque
964 2504 1054 2559 mirans
1069 2505 1129 2576 ejus
1140 2505 1568 2563 animaininteruobabitaverat.
1583 2509 1656 2562 Nam
1671 2507 1766 2563 diuina

114 2598 260 2673 puerulum
275 2596 331 2652 iere
347 2595 494 2650 decennem
504 2591 686 2647 [tendiculum
703 2589 825 2663 glorioso
836 2591 910 2644 Leu-
966 2609 1117 2671 praeventus
1129 2605 1228 2674 gratis,
1244 2603 1272 2657 ia
1282 2603 1703 2675 diutinuminciditlanguorem,
1715 2620 1765 2661 nce

116 2691 174 2745 cluae
189 2686 264 2742 sedis
279 2682 388 2756 praesuli
402 2680 520 2738 Brunoui
535 2679 703 2735 tradiderunt
718 2678 821 2733 divinis
836 2679 910 2734 litte·
966 2699 1222 2771 hosgmgquusi„
1233 2717 1294 2756 eum
1304 2701 1604 2773 malignamppaevapup
1614 2702 1765 2774 wimple„

116 2792 153 2847 ris
174 2789 360 2855 imbuendum,
394 2801 426 2841 nc
453 2782 617 2840 venerandi&
640 2780 846 2854 ⁰0⁰tis⁰tl³¹l⁰⁰l
872 2780 903 2809 ”⁰
967 2796 1219 2868 suggestionemm.
1230 2797 1284 2852 Sed
1293 2804 1321 2852 ut
1332 2798 1585 2869 Deusomnipotens
1595 2799 1765 2866 ostenderet,

117 2894 215 2949 demus
239 2890 325 2946 mcii
345 2887 475 2960 3¹⁶Ph⁸⁰l
503 2885 634 2942 ⁰⁸¹¹⁰¹¹500
662 2882 910 2939 ”¹adueetendum.
966 2895 1038 2950 lianc
1053 2911 1083 2951 se
1098 2894 1124 2950 ei
1135 2893 1317 2951 infirmitatem
1339 2911 1424 2952 causa
1438 2896 1617 2952 correctionis
1633 2896 1766 2952 transmi-

118 3000 172 3071 Qut
186 2998 238 3056 sub
252 2996 345 3053 domui
358 2993 487 3062 Walteri,
502 2999 597 3064 postea
606 2989 744 3063 praedictae
758 3005 912 3064 congrega·
927 3036 951 3101 C
968 2991 1049 3061 sisse,
1079 2992 1107 3047 in
1135 2993 1242 3048 somnis
1264 3009 1314 3064 per
1327 3002 1453 3050 sanctum
1476 2993 1629 3050 iohannem
1645 3008 1766 3067 euange-

775 3142 891 3199 leilAE
909 3143 1115 3200 luculentas,

123 3241 234 3315 placuit,
252 3238 323 3310 quaed
339 3236 460 3292 abbatias
474 3234 591 3290 llediam
607 3230 765 3286 monasterii
780 3239 806 3285 et
821 3233 906 3287 saneti
920 3232 1033 3289 Deorlati
1048 3234 1120 3289 done
1135 3233 1272 3289 Cliouradi
1291 3233 1405 3306 gloriosi
1430 3233 1604 3306 imperatoris
1620 3234 1766 3307 receperit,

124 3329 157 3369 η
171 3312 258 3367 solide
271 3311 298 3363 io
315 3309 425 3379 propria
436 3309 561 3362 vestitura
577 3312 681 3358 sancte
696 3302 863 3357 Leucluorum
879 3304 937 3358 sedi
953 3304 1069 3428 religuit.
1088 3306 1112 3359 ls
1123 3306 1202 3359 etiam
1212 3305 1282 3359 inter
1298 3306 1392 3368 multa,
1409 3322 1470 3377 qum
1484 3306 1665 3362 suaecontulit
1680 3305 1765 3363 eccle·

125 3386 181 3449 siae,
199 3381 374 3453 praebendam
390 3379 502 3433 fratrum
517 3376 709 3432 canonicorum
724 3373 809 3428 sancti
833 3374 964 3444 Stephani
985 3390 1001 3429 a
1022 3375 1131 3431 modurn
1155 3376 1302 3444 ampliauit,
1328 3376 1470 3432 reddendo
1485 3379 1525 3432 eis
1540 3378 1647 3432 ltumiri
1669 3377 1768 3433 vallera

126 3471 187 3511 cum
202 3452 319 3508 ecclesia
335 3459 361 3504 et
375 3450 480 3506 cunctis
495 3446 673 3517 appendiciis,
685 3454 711 3499 et
726 3444 847 3500 Ranculti
859 3463 966 3517 quicque
983 3447 1076 3500 villain
1092 3455 1118 3502 et
1132 3448 1224 3501 omnia
1240 3450 1298 3513 ejus
1309 3448 1480 3518 appendicia,
1497 3464 1601 3503 necnon
1619 3448 1767 3505 ecclesiam

128 3527 162 3580 de
177 3524 296 3580 Luciaeo
311 3536 361 3592 pro
377 3521 509 3574 memoria
522 3533 578 3572 suae
593 3515 780 3577 ordinationis,
797 3525 824 3569 at
839 3533 887 3586 per
902 3533 999 3572 manus
1014 3518 1111 3572 decani
1130 3517 1241 3573 claustri
1257 3534 1313 3571 suar
1328 3519 1401 3572 sedis
1423 3518 1498 3573 fieret
1520 3519 1619 3574 exinde
1636 3518 1763 3575 iratribus

128 3611 161 3651 ea
176 3595 220 3649 die
231 3607 354 3663 congrua
368 3591 479 3646 reiectio
494 3598 519 3645 et
535 3596 642 3643 centum
658 3586 823 3656 pauperibus
839 3588 1004 3643 elemosinae
1018 3589 1138 3660 largitio.
1161 3589 1211 3651 Qui
1225 3589 1353 3643 etiamad
1370 3589 1543 3660 apostoticam
1559 3590 1655 3644 sedern
1672 3607 1768 3657 prore-

127 3675 197 3733 etus,
211 3682 264 3719 non
280 3665 421 3717 immemor
436 3678 493 3717 strae
507 3658 651 3739 primitium
661 3658 741 3720 sedis,
754 3657 890 3712 Tallensis
906 3646 1031 3713 uidelicet
1045 3660 1177 3717 ecclesiae.
1196 3660 1287 3715 Romae
1301 3661 1328 3714 iu
1344 3676 1375 3715 ea
1390 3663 1504 3730 synodo,
1521 3662 1548 3715 in
1571 3677 1625 3732 qua
1643 3668 1767 3718 sanctum

129 3736 284 3793 Gerardum
298 3734 438 3789 corastituit
453 3732 588 3787 nominari
603 3746 630 3783 m
646 3738 931 3796 sauctorumnurucra,
947 3729 1008 3785 iecit
1018 3730 1248 3786 consecrationem
1260 3731 1356 3785 domui
1366 3731 1472 3785 alariis
1485 3732 1634 3787 [terrensis
1649 3732 1767 3789 coeoobii

127 3808 213 3863 sancti
229 3805 355 3876 martyris
370 3804 513 3858 ileu-titarii.
534 3800 674 3872 Siquidem
689 3798 803 3867 praelata
817 3799 924 3853 abbatia
940 3800 1088 3855 Beruenses
1101 3800 1134 3855 ab
1146 3802 1273 3871 anu-po,
1290 3802 1422 3857 sciliceta
1438 3803 1586 3857 Garibaldn
1597 3803 1767 3859 Leuclrorum

128 3879 256 3950 praesule,
273 3876 328 3932 idio
343 3875 458 3942 vortant,
473 3876 549 3942 cujus
566 3870 732 3940 temporibus
747 3868 794 3922 tuit
807 3878 961 3925 constructa
983 3872 1077 3926 eadem
1099 3873 1217 3937 abbatia,
1248 3872 1333 3925 tuerat
1351 3873 1412 3927 truie
1431 3873 1489 3928 sedi
1513 3874 1638 3939 subjecta
1653 3875 1729 3930 dono
1743 3883 1769 3929 et

127 3951 337 4013 benedictinam
353 3948 401 4002 sed
416 3962 509 4001 cemes
523 3944 583 4000 Olo
598 3943 731 3997 violenter
746 3956 805 3993 eam
820 3950 946 3995 tenuerat
969 3952 995 3997 et
1012 3943 1146 4013 qucrrdam
1161 3943 1283 4009 ejusdem
1299 3944 1352 3999 loci
1369 3943 1481 3999 tratrem
1500 3945 1632 3999 llilonem
1646 3946 1765 4008 nomiae,

131 4032 245 4092 accepto
260 4037 314 4075 non
329 4019 436 4073 modico
470 4017 551 4077 reeio,
567 4013 653 4068 eidem
669 4010 794 4067 ciurroluo
809 4011 977 4079 praeiccerat,
993 4023 1019 4067 et
1034 4014 1066 4067 ad
1084 4013 1266 4068 sritlircnndarn
1283 4014 1477 4082 sutrjectiouenr
1497 4015 1623 4071 ecclesi-n
1638 4017 1763 4073 Leucho-

131 4110 262 4148 rumeum
278 4109 292 4145 a
308 4090 425 4159 ltcgcrio
441 4034 657 4143 gatbalarrarnsi
671 4081 786 4152 praesule
800 4082 921 4136 ordinari
933 4094 1072 4155 coegerat.
1089 4085 1157 4138 llum
1171 4101 1238 4155 ergo
1252 4084 1430 4139 iunctissimus
1444 4101 1514 4155 papa
1530 4086 1766 4157 millissimum

130 4173 235 4238 ageret,
249 4165 321 4217 idem
338 4161 400 4215 tttto
413 4157 581 4228 plenitudiue
595 4163 692 4219 motus,
709 4153 781 4224 quod
796 4152 894 4231 injuste
908 4153 1105 4209 ordinationem
1121 4157 1296 4225 suscepisset,
1313 4156 1419 4224 publiea
1435 4171 1526 4211 coram
1541 4157 1765 4228 alornnoaposto·

129 4236 182 4291 lico
197 4234 336 4294 satisfecit,
352 4232 455 4286 donum
470 4228 585 4283 alitratire
600 4224 725 4283 reddidit.
742 4224 899 4277 C'uuracmu
916 4226 1012 4279 abiens
1028 4226 1054 4279 io
1071 4228 1139 4280 bona
1151 4226 1357 4281 coiirersatioue
1369 4228 1449 4282 vitam
1459 4227 1544 4281 duait.
1561 4229 1658 4283 Totius
1672 4238 1762 4285 autem

131 4293 1210 4377 congregationisconseusudoumusll'aadclgrrusejuslocesulrrogatus(ilii,
1226 4298 1260 4351 ad
1276 4297 1460 4352 subruendum
1470 4314 1578 4352 omnem
1594 4300 1768 4356 occasionem

129 4379 207 4447 petiit
222 4393 237 4430 a
252 4372 460 4429 Catlralauncnsi
476 4369 592 4437 praesule
607 4366 726 4436 lingerio
742 4365 967 4431 benedictionem,
978 4368 1022 4436 qui
1034 4368 1150 4421 inseetis
1160 4367 1464 4422 occasionilrusdistullt
1478 4368 1550 4422 illius
1558 4368 1765 4427 ordinationem.

128 4448 191 4501 darn
207 4447 294 4501 dictus
310 4459 374 4498 uero
391 4440 592 4507 Wandelgerus
607 4437 700 4492 domm
713 4435 842 4490 domnum
869 4437 1057 4505 apostolicum¹
1075 4441 1118 4508 qui
1134 4438 1224 4493 uiltruc
1238 4438 1392 4493 Tulleusem
1420 4440 1533 4509 gerebat
1548 4441 1670 4510 plebem,
1694 4442 1767 4507 adiit,

130 4526 252 4572 cunctam
269 4531 324 4569 rem
340 4514 435 4568 ordine
451 4511 551 4581 pandit,
569 4508 708 4562 consilium
724 4509 781 4569 ejus
797 4517 824 4561 et
839 4507 963 4564 solamen
974 4512 1111 4563 exer-urit.
1131 4511 1252 4563 llomnus
1263 4511 1688 4581 ergopapaarciriepiscoporum
1709 4529 1769 4568 coa·

129 4589 190 4643 silio
201 4586 336 4643 ilelinardi
352 4582 551 4655 lirrgduneusis,
569 4580 691 4649 lingonis
709 4578 901 4641 llesouticnsis,
917 4580 1048 4634 biziinardi
1063 4580 1238 4635 Sernouensis
1253 4590 1278 4633 et
1293 4580 1407 4635 aliorum
1419 4582 1587 4651 pontitieum,
1628 4584 1653 4636 ui
1664 4585 1768 4654 syuodo

128 4659 317 4721 interfueram,
342 4654 500 4725 praedictum
527 4650 655 4706 abbatem
679 4649 823 4714 ordinarit,
858 4655 885 4703 et
901 4651 938 4703 ob
961 4652 1120 4707 memoriale
1135 4651 1196 4706 tincti
1211 4667 1272 4706 eum
1299 4667 1349 4706 suo
1364 4652 1477 4718 pristino
1492 4653 1602 4707 nomine
1638 4670 1767 4709 renonem

128 4731 233 4787 seilicet
248 4729 338 4783 secari
354 4724 476 4788 instituit,
489 4737 523 4778 nc
537 4721 660 4789 urraedam
677 4720 821 4791 privilegia
835 4721 870 4775 de
885 4722 967 4776 rebus
986 4723 1106 4790 ejusdem
1125 4722 1243 4778 alrbatiae
1254 4760 1266 4783 0
1290 4739 1339 4775 sua
1355 4723 1514 4778 arroteritaie
1524 4724 1676 4782 reboravit.
1692 4725 1769 4795 Quo-

128 4804 212 4865 niam,
230 4798 316 4856 rtc.'⁸¹
334 4800 360 4853 3.
384 4798 491 4852 inuita
513 4793 653 4847 Brutianis
673 4792 766 4847 aredio
786 4790 928 4860 nepetam
945 4793 1065 4863 priorum
1094 4800 1121 4848 3.
1155 4791 1184 4822 '¹³
1208 4793 1304 4848 udonis
1334 4792 1402 4847 :l.⁹⁸‘
1426 4796 1503 4849 deest
1528 4800 1551 4847 3.
1571 4793 1601 4821 ”¹
1620 4797 1685 4850 noni
1714 4812 1765 4867 pa-

129 4880 209 4938 9403‘
233 4870 488 4926 moccupamusg
516 4861 623 4919 ¹¹⁷s.t.
644 4864 670 4917 3.
702 4861 873 4932 ²''progenie
902 4880 932 4933 p.
952 4865 1034 4929 stirpe
1059 4865 1149 4920 editus
1175 4870 1202 4919 3.
1236 4864 1361 4918 ¹¹¹deart.
1383 4864 1412 4918 3.
1445 4863 1591 4936 ”⁰eongre
1611 4867 1768 4922 ationist‘t

125 4944 241 5000 wldeest
255 4945 281 4996 3.
311 4940 471 4994 ’⁹’alnctrinc
486 4938 607 5004 impense
623 4939 648 4988 3.
673 4932 703 4960 ”³
714 4933 909 5003 apparentibus
923 4935 950 4989 3.
973 4936 1002 4963 ”¹
1018 4937 1128 4991 directis
1145 4941 1169 4988 3.
1200 4933 1229 4962 ”⁵
1243 4936 1402 4990 transcursis
1427 4950 1494 5002 ergo
1519 4882 1669 5006 pirodiibus
1690 4952 1768 4992 annis

124 5034 156 5072 ac
169 5017 196 5069 in
213 5014 284 5068 bivio
301 5011 487 5083 Prtlragoricre
501 5026 517 5079 y
533 5008 617 5062 literar
632 5006 824 5060 adolescentiae
839 5006 970 5075 gradibus
984 5008 1089 5062 ascensi
1117 5007 1241 5060 dextram
1257 5007 1353 5059 callem
1369 5006 1490 5061 studiose
1505 5010 1666 5062 recurrebat
1687 5017 1768 5081 atque

123 5070 537 5150 prerarctamrianrderirtute
565 5078 731 5131 iurirtutern
758 5077 1220 5148 ascendendodiutiusproliciebat
1250 5077 1313 5130 add.
1336 5082 1350 5129 :t
1378 5076 1497 5132 multrare
1524 5081 1553 5131 3.
1583 5078 1614 5108 ”³
1637 5097 1662 5134 e.
1679 5096 1707 5133 r.
1737 5085 1763 5133 3.

122 5150 673 5224 arhujugmopimgopromotuslronore
702 5147 940 5203 virtuturnstudiis
968 5150 1092 5203 studebat
1120 5147 1373 5218 aliospaecellere,
1401 5150 1553 5203 castitatem
1578 5151 1768 5220 superomnia

121 5243 226 5289 amare,
243 5225 380 5288 subjectos
395 5224 428 5276 ad
443 5223 517 5276 illam
532 5219 646 5274 sollicite
661 5219 823 5274 servandam
840 5220 960 5276 studiose
974 5236 1158 5282 cominonere,
1176 5235 1225 5274 arc
1241 5227 1331 5272 tamen
1346 5235 1414 5289 qrios
1431 5219 1537 5273 ridebat
1551 5220 1578 5273 ia
1598 5220 1652 5277 truc
1666 5237 1698 5276 re
1719 5220 1769 5276 ira·

120 5290 738 5368 gilesvolebatutlomodorilipendereodd.
756 5296 784 5344 3.
820 5289 850 5319 ”⁹
868 5290 1085 5359 interplurimns
1105 5299 1264 5346 snrrctorunr
1294 5289 1441 5343 memorias
1469 5289 1642 5346 dilectissimi
1665 5291 1769 5347 domini

119 5369 205 5424 sancti
220 5366 332 5421 ioannis
347 5365 521 5434 evangelista
536 5377 633 5417 nomeu
650 5361 805 5423 invocabat,
822 5369 850 5415 ut
861 5359 930 5428 ipso,
941 5363 1058 5431 quierat
1074 5363 1186 5435 virginis
1203 5361 1298 5415 matris
1313 5359 1384 5414 iilius
1410 5360 1564 5430 adoptivus,
1579 5362 1632 5416 sihi
1649 5362 1685 5417 ad
1709 5364 1767 5432 eius

118 5431 818 5511 gratiampmmerendamessettutoracdeiensor
845 5430 985 5503 propicius
1014 5435 1120 5489 adrid.
1154 5433 1184 5460 ²⁰⁰
1195 5433 1311 5487 interdiu
1326 5432 1352 5485 3.
1393 5430 1510 5487 ⁸⁰¹daeat
1527 5437 1555 5488 3.
1588 5431 1621 5461 ⁸⁰⁹
1639 5433 1768 5502 adinum·

116 5520 170 5565 set.
192 5516 216 5562 3.
244 5506 274 5535 ³⁰³
285 5508 327 5561 itai
341 5522 375 5560 ue
390 5505 515 5561 continua
530 5513 556 5558 et
570 5520 640 5573 pene
655 5504 762 5558 annuali
778 5501 934 5559 infirmitate
956 5502 1083 5560 detentus
1099 5521 1113 5558 a
1131 5504 1236 5561 cunctis
1252 5503 1303 5556 sibi
1333 5501 1512 5557 familiaribus
1523 5503 1578 5573 jam
1594 5504 1630 5560 ad
1650 5515 1767 5563 mertem

116 5597 203 5654 usque
214 5524 410 5649 desperabatur
425 5577 471 5631 de.
487 5617 493 5629 .
511 5574 543 5629 lis
559 5573 717 5630 surrebribus
732 5574 855 5647 exequiis
870 5590 885 5629 a
900 5575 1005 5630 cunctis
1021 5575 1201 5646 pausantibus
1216 5573 1380 5630 tractabatur
1392 5573 1456 5629 add.
1475 5579 1501 5628 3.

148 5749 205 5823 (93)
217 5747 257 5804 Ci.
274 5745 402 5803 miracula
417 5744 444 5800 S.
462 5742 609 5812 bercharii,
625 5757 649 5798 c.
667 5743 716 5808 l&
733 5744 846 5813 linbila,
863 5671 1028 5815 dctzqffifflp'.
1039 5747 1106 5801 850:
1122 5744 1171 5799 llic
1182 5744 1225 5799 vir
1235 5740 1420 5799 -rclredaiis
1432 5744 1585 5800 annotata.
