3780 6038
53 213 124 269 1093

512 202 805 262 cartenarium
825 202 878 261 SS.
901 202 1052 262 ramum.
1070 236 1105 249 -
1123 206 1191 264 Lili.
1215 209 1250 265 11.

1634 223 1704 278 test

53 340 170 413 AEgypto
184 332 399 408 transplantavit,
415 339 442 388 et
456 347 516 388 eam
532 330 662 404 agricolis
675 329 1017 394 locavit;cu·Acivitate
1046 341 1139 388 exorto
1167 333 1267 391 milites
1299 340 1503 411 propugnacula
1534 340 1700 415 relinquunt,

51 429 97 498 jus
110 428 262 499 prophetas
276 424 328 495 ipsi
344 423 380 478 ad
394 437 425 477 se
440 421 546 475 missos
560 420 727 476 contumelia
739 417 851 476 affectos

56 522 232 589 peremerunt
248 533 255 582 ;
272 508 637 582 iusuperetunicumVilium
648 507 852 564 suumdeviaea

55 613 175 683 ejectum
185 606 485 673 cecideruut,dediteis
499 604 853 677 quadragintaduosannos

54 702 82 758 iu
96 699 297 773 poenitentiam,
313 712 366 770 quo
382 701 496 767 possent
510 702 603 750 reatus
618 693 659 747 sui
670 691 799 763 consequi
808 690 854 745 in-

55 789 236 862 dulgentiam.
256 787 311 858 Ipsi
326 800 393 842 vero
408 792 529 854 tempore
544 781 637 854 gratiae
652 781 730 836 abusi
747 786 809 835 sunt
824 778 852 833 in

55 878 227 951 superbiam,
237 875 444 932 etirritaverunt
452 874 538 927 Deum
547 872 649 942 jugiter
656 877 789 941 augentes
799 869 854 924 cul·

55 966 848 1049 pam;ideoiraDeiascenditsupereosetdisperdiditeos.

91 1110 238 1182 Postquam
254 1105 326 1164 enim
344 1104 492 1177 propbetas
507 1100 643 1173 sapientes
658 1108 684 1156 et
698 1100 803 1157 scribas
818 1099 853 1155 ad

55 1213 105 1255 aos
135 1197 234 1252 missos
261 1210 278 1250 a
312 1210 342 1249 sa
373 1192 541 1264 repulerunt,
575 1190 689 1259 insuper
720 1189 854 1261 quosdam

55 1285 249 1358 lapidaverunt
264 1301 271 1349 ς
288 1282 422 1356 quosdam
435 1280 530 1336 divisis
545 1278 633 1351 poeois
648 1277 853 1345 interfecerunt,

57 1375 129 1432 alios
156 1374 191 1430 de
214 1372 312 1427 linibus
330 1371 386 1427 suis
396 1368 578 1441 propulerunt
593 1382 600 1436 ;
616 1366 748 1422 Dominus
770 1366 853 1422 ultio-

57 1489 135 1542 num,
149 1471 281 1529 Dominus
296 1468 455 1543 sanguinem
483 1483 577 1522 eorum
593 1465 731 1538 requirere
746 1472 787 1520 est
808 1480 854 1521 re-

57 1563 200 1620 cordatus.
215 1559 350 1631 Venitque
373 1574 457 1629 super
470 1572 519 1612 eos
539 1571 571 1612 ac
585 1555 655 1609 filios
668 1570 764 1610 eorum
791 1569 855 1608 san·

906 419 954 475 sod
1002 420 1097 476 hostes
1116 423 1236 495 undique
1270 441 1364 483 muros
1396 427 1548 501 irrumpunt
1598 432 1702 491 Civita-

906 515 961 562 tem
1008 509 1142 566 violenter
1178 511 1319 581 invadunt,
1353 517 1482 574 universa
1517 523 1607 578 voraci
1626 523 1702 579 iiam·

906 611 958 652 mae
977 597 1096 665 tradunt,
1118 611 1247 657 cunctum
1268 604 1398 676 populum
1419 607 1536 664 diversis
1561 613 1702 684 suppliciis

907 694 1103 795 exstinguunt,
1128 704 1243 755 cunetas
1271 709 1361 757 turres
1381 712 1408 759 et
1439 705 1529 777 ipsum
1561 711 1705 782 templum,

906 797 1068 855 murumque
1097 801 1123 839 rn
1158 787 1306 844 circuitus
1328 790 1510 849 fundamentis
1543 797 1699 857 destruunt.

907 870 1042 926 Omnibus
1074 880 1167 929 autem
1186 876 1335 943 subversis,
1371 880 1458 938 fertur
1483 885 1555 956 quod
1574 887 1602 941 in
1633 888 1703 959 loco,

908 983 962 1041 quo
989 968 1085 1025 civitas
1105 971 1212 1042 pridem
1232 973 1329 1045 luerat,
1348 986 1467 1036 aratrum
1495 982 1636 1058 duxerint,
1656 1003 1704 1043 sa-

908 1055 962 1112 lem
981 1072 1032 1129 pro
1052 1059 1157 1116 semine
1177 1064 1343 1133 sparserint.

944 1189 974 1244 ln
994 1191 1045 1248 hac
1063 1192 1156 1265 itaque
1181 1195 1325 1254 obsidione
1353 1200 1454 1275 legitur
1474 1207 1548 1276 quod
1574 1210 1705 1269 undecies

908 1286 1024 1335 centena
1057 1281 1141 1336 millia
1160 1282 1232 1340 lame
1250 1287 1389 1360 perierint,
1411 1293 1586 1368 todidemque
1612 1299 1706 1371 gladio

907 1378 1041 1449 perempti
1070 1380 1133 1446 sint,
1178 1383 1300 1451 eiusdem
1330 1391 1437 1445 numeri
1467 1392 1495 1447 in
1520 1396 1704 1465 captivitatem

909 1466 1040 1534 distracti,
1071 1472 1185 1526 trecenti
1214 1472 1242 1527 in
1282 1474 1412 1533 ultionem
1452 1481 1601 1551 Dominica
1629 1488 1706 1545 necis

909 1554 1035 1611 crucifixi
1059 1568 1131 1613 sunt.
1166 1560 1292 1618 Traditur
1317 1565 1401 1622 eriam
1429 1572 1502 1641 quod
1532 1578 1706 1646 xxxprode·

57 1651 120 1725 guis
134 1650 242 1715 Christi,
268 1648 443 1718 omniumque
463 1646 608 1715 justorum,
637 1658 719 1714 quem
746 1657 762 1697 a
790 1658 855 1697 san·
909 1654 988 1709 nario
1016 1656 1118 1711 venditi
1147 1658 1211 1727 sint,
1238 1661 1308 1717 siout
1331 1664 1383 1735 ipsi
1411 1667 1555 1725 Dominum
1580 1689 1630 1744 pro
1651 1692 1707 1731 xxx

58 1749 142 1823 guina
170 1745 238 1803 abel
268 1744 420 1801 effuderunt
440 1757 582 1815 usquequo
599 1741 738 1811 apostolos
756 1739 857 1795 Christi
869 1712 896 1773 B
910 1741 1033 1798 denariis
1049 1745 1216 1802 tradiderunt
1232 1763 1238 1817 ;
1255 1750 1305 1816 sic,
1332 1755 1496 1823 charissimi,
1512 1760 1631 1817 reddidit
1649 1764 1709 1820 Do-

58 1835 231 1894 ocoideruut.
254 1834 288 1887 Et
300 1832 363 1904 quia
379 1831 485 1885 Patrem
512 1836 539 1884 et
553 1828 650 1882 Filium
669 1825 855 1892 offenderunt,
911 1830 1000 1886 minus
1027 1834 1182 1905 septuplum
1210 1837 1237 1892 in
1262 1839 1445 1911 sinueorurn,
1477 1848 1522 1918 qui
1552 1848 1707 1909 effuderunt

58 1934 138 1997 pater
156 1921 350 1993 Vespasianus,
365 1927 392 1975 et
407 1918 562 1973 iiliusTitus
573 1919 624 1973 boe
638 1915 854 1985 vindicaverunt,
911 1920 1071 1991 sanguinem
1087 1932 1239 1980 sanctorum
1266 1930 1355 1996 (Ptol.
1372 1938 1504 2006 cxxvrn).
1538 1938 1583 1995 Sic
1610 1940 1706 1999 relicta

57 2030 90 2070 ac
104 2013 214 2068 vineam
225 2009 324 2065 summi
354 2006 569 2079 patrisfamilias,
599 2021 679 2076 quam
695 2003 722 2058 in
748 2002 856 2059 vineam
910 2016 954 2063 est
981 2010 1078 2065 domus
1104 2012 1223 2079 deserta,
1245 2032 1327 2087 quam
1355 2019 1407 2091 ipsi
1434 2023 1594 2095 speluncam
1623 2029 1709 2087 latro·

58 2102 242 2159 Sodomorum
258 2104 459 2162 converterant,
476 2096 510 2150 de
525 2094 679 2167 quarinum
695 2093 856 2149 Gomorrha
909 2113 977 2153 num
1004 2097 1147 2170 lecerunt;
1163 2102 1258 2175 sicque
1287 2106 1402 2165 ilomaui
1423 2119 1450 2167 et
1473 2111 1611 2188 locumtet
1635 2136 1709 2192 gen-

58 2200 195 2265 biberant,
211 2195 404 2253 exterminavit
422 2209 489 2265 aper
503 2193 537 2249 de
562 2191 641 2258 silva,
655 2199 682 2247 et
707 2189 856 2262 singularis
910 2202 965 2250 tem
993 2196 1102 2253 illorum
1129 2199 1258 2260 tulerunt.
1284 2204 1332 2274 En,
1368 2208 1538 2269 dilectissimi
1589 2217 1706 2275 audistis

58 2289 135 2346 ierus
162 2288 292 2358 depastus
319 2294 360 2340 est
383 2299 443 2338 earn
463 2283 553 2352 (Paci.
582 2292 685 2349 ursis).
704 2280 778 2335 Silva
796 2286 857 2334 erat
910 2286 1094 2355 captivitatem
1118 2287 1288 2360 ludaeorum,
1304 2299 1455 2353 cavendum
1481 2310 1522 2356 est
1536 2256 1616 2360 debis
1631 2321 1648 2361 a
1662 2322 1707 2364 ca·

58 2376 209 2451 gentilitas,
225 2376 261 2431 de
275 2390 328 2446 qua
343 2388 409 2444 aper
429 2370 612 2442 Vespasianus
624 2368 773 2425 exercitum
801 2368 856 2423 du·
909 2374 1001 2445 ptione
1016 2375 1223 2433 demoniorum.
1250 2381 1300 2437 illa
1325 2384 1398 2439 enim
1410 2388 1510 2460 scripta
1532 2401 1574 2447 est
1592 2394 1627 2450 ad
1642 2410 1708 2453 eor-

59 2466 161 2532 citavit,
187 2471 213 2520 et
237 2463 357 2527 vineam,
396 2459 500 2516 scilicet
532 2458 664 2526 Judaeam,
708 2457 783 2512 ferro
827 2460 857 2515 et
910 2472 1058 2530 rectionem
1084 2485 1217 2548 nostram,
1244 2496 1280 2536 ne
1314 2496 1365 2538 nos
1384 2484 1508 2544 incautos
1540 2490 1707 2551 circumclu-

58 2555 124 2629 igue
152 2549 353 2609 exterminavit.
382 2548 536 2621 Singularis
565 2547 639 2602 ierus
668 2549 727 2602 erat
769 2545 854 2612 Titus,
909 2560 974 2616 dant
996 2571 1088 2618 οὔπη
1116 2567 1202 2623 bosus
1221 2569 1344 2642 maligni·
1373 2574 1480 2630 Elem
1511 2586 1539 2633 ut
1558 2596 1706 2639 uosme-

59 2652 107 2724 qui
133 2651 217 2723 longa
244 2647 389 2705 obsidione
424 2644 644 2717 Hierosolymam
685 2652 727 2698 est
768 2643 856 2713 depa·
909 2666 971 2705 mus
985 2652 1139 2723 captivitate
1163 2655 1253 2723 liberi,
1282 2662 1382 2715 summi
1409 2666 1486 2738 regis
1512 2666 1585 2724 titius
1628 2671 1706 2728 datu,

62 2749 131 2797 stus.
157 2739 210 2795 Sed
230 2745 373 2809 antequam
401 2734 497 2792 civitas
521 2741 706 2800 everteretur,
734 2739 790 2787 toto
808 2732 856 2787 iilo
910 2754 951 2802 est
977 2749 1059 2805 obses
1085 2754 1337 2827 proredemptiono
1362 2762 1459 2816 nom
1481 2769 1569 2837 mque
1598 2775 1627 2823 m
1655 2770 1708 2828 hoc

63 2858 137 2899 anno
171 2840 251 2897 stella
278 2840 362 2894 instar
390 2837 474 2911 gladii
498 2851 660 2907 supeream
684 2835 805 2906 pendere
819 2832 857 2888 vi·
909 2833 1041 2889 tenaciter
1055 2845 1156 2893 nostrae
1170 2841 1311 2896 memoriae
1323 2842 1505 2915 imprimatur,
1520 2850 1597 2920 panio
1625 2853 1704 2909 cmi.

59 2932 152 2988 detur.
169 2928 354 2985 Vitulaetiam
378 2925 521 2982 sacrificiis
537 2925 657 2989 admota,
687 2939 786 2997 agnum
815 2926 858 2978 est
910 2920 945 2975 sti
959 2921 987 2975 in
1003 2924 1114 2979 modum
1143 2927 1248 2982 denarii
1270 2929 1412 3000 formatur,
1434 2936 1479 3006 qui
1509 2939 1633 3008 prolecto
1659 2942 1707 3000 ille

59 3021 150 3087 enisa,
178 3026 206 3077 et
232 3017 421 3074 continuisse
443 3014 570 3070 noctibus
598 3013 687 3086 igneae
715 3012 791 3068 acies
828 3011 855 3066 in
911 3025 961 3080 pro
991 3026 1050 3066 xxx
1082 3014 1203 3071 denariis
1230 3019 1344 3074 traditus
1372 3023 1581 3083 estiomenus
1608 3029 1705 3103 impio.

60 3133 127 3174 aere
154 3122 314 3178 cernuntur,
345 3112 439 3184 templi
452 3111 546 3182 janum
574 3110 665 3166 medie
690 3077 971 3165 nocteultrocrum
991 3101 1060 3174 :qui
1075 3119 1156 3159 verus
1178 3106 1308 3163 denarius
1337 3109 1445 3167 dabitur
1467 3113 1495 3170 iu
1520 3117 1601 3175 vinea
1619 3137 1706 3192 usqua

59 3206 233 3279 aperiuntur,
255 3202 428 3273 maximaque
443 3201 505 3256 luce
532 3201 605 3254 intus
619 3205 782 3256 coruscante
806 3212 857 3253 vo·
912 3187 947 3242 ad
963 3204 1105 3261 vesperam
1133 3192 1320 3252 laborantibus
1343 3201 1484 3269 premium
1511 3207 1632 3263 omniurn
1658 3209 1708 3279 ju-

59 3312 107 3353 oes
122 3292 278 3364 hujusmodi
297 3292 461 3347 audiuntur:
480 3310 492 3342 c
518 3290 698 3344 Transeamus
725 3288 761 3343 de
782 3286 859 3342 scdi-
912 3292 1028 3343 storum.
1062 3289 1127 3346 ilaec
1153 3292 1297 3363 eaptivitas
1314 3299 1458 3365 precessit
1482 3299 1614 3376 infigura
1637 3306 1708 3363 sicut

60 3386 112 3441 bu,
128 3383 201 3439 istis.
226 3381 344 3451 »igitur
369 3379 515 3436 transactis
529 3385 592 3449 post
610 3377 766 3450 passionem
798 3375 858 3430 Do·
911 3373 992 3430 nobis
1017 3376 1103 3432 refert
1126 3395 1206 3435 sacra
1241 3382 1403 3454 Scriptura:
1423 3387 1489 3444 Cum
1514 3392 1589 3447 Elias
1625 3395 1708 3468 igneo

62 3472 131 3529 mini
159 3471 344 3544 quadraginta
366 3468 474 3524 duobus
503 3467 591 3533 annis,
618 3465 805 3537 Vespasianus
833 3470 860 3519 et
912 3477 995 3519 curru
1021 3464 1049 3519 in
1073 3467 1172 3523 coelum
1201 3472 1407 3543 transferratur,
1436 3485 1463 3533 et
1487 3479 1596 3537 Eliaeus
1623 3484 1708 3555 pallio

60 3563 148 3627 Titus,
187 3560 271 3615 duces
300 3559 496 3620 Romanorum.
529 3572 592 3612 cum
618 3556 741 3610 maximo
782 3568 860 3608 exer·
913 3561 980 3618 Eliae
997 3565 1117 3621 iordane
1145 3567 1242 3633 diviso,
1270 3572 1305 3626 nd
1332 3573 1442 3632 Jericbo
1457 3586 1641 3637 reverteretur
1678 3600 1711 3641 eo

61 3661 118 3717 citu
132 3658 254 3714 Judaeam
269 3657 413 3720 intrantes,
436 3654 593 3709 universam
609 3652 748 3724 regionem
763 3651 859 3706 inceu-
913 3651 977 3706 iude
992 3652 1025 3707 ad
1040 3654 1131 3710 bethel
1147 3658 1310 3715 ascendente
1330 3664 1407 3733 pueri
1418 3664 1443 3720 ei
1453 3666 1597 3725 illuserunt
1613 3687 1620 3727 ε
1639 3625 1710 3730 dns

62 3765 109 3821 dio
125 3765 349 3820 devastaverunt.
370 3759 490 3831 Populus
503 3767 594 3814 autern
609 3774 644 3814 ex
668 3756 771 3814 cunctis
783 3754 859 3811 urbi·
913 3740 1014 3839 cende,
1027 3742 1116 3809 1111111,
1131 3747 1250 3802 ascende
1261 3748 1339 3806 calve
1356 3751 1567 3813 »clamaverunt
1579 3760 1704 3834 (lt'ttey,

61 3864 116 3919 bus
135 3862 171 3919 ob
202 3858 359 3932 paschalem
387 3858 560 3913 festivitatem
586 3857 613 3911 in
642 3855 859 3925 Hierosolymam
912 3828 1490 3938 1)·11111111111111111111111111111161,ι1ιιο
1512 3847 1570 3901 ursi
1591 3849 1709 3907 desitva

63 3950 231 4009 confluxerat
246 3964 253 4014 ;
269 3964 349 4021 quem
380 3947 518 4002 exercitus
545 3948 572 3999 in
587 3944 710 4015 paschali
738 3953 861 4014 tempore
914 3941 1020 3997 ‘Siesssl
1048 3937 1119 3997 ⁸¹¹¹¹lv
1145 3933 1191 4002 11111
1214 3949 1272 3988 1111
1299 3951 1399 4005 pueros
1420 3937 1620 3999 ltcemvewnt·
1633 3945 1708 4003 Elias

63 4048 218 4113 obsidebat,
234 4046 372 4117 sicutipse
387 4044 530 4100 Dominum
545 4043 573 4097 in
592 4041 713 4114 paschali
727 4041 772 4097 die
793 4057 860 4096 cru·
914 4024 973 4070 “³²
996 4016 1025 4070 111
1051 4016 1138 4089 11111111
1163 4020 1286 4076 Christus
1315 4041 1322 4086 3
1346 4024 1390 4080 hio
1413 4025 1449 4081 ad
1462 4028 1558 4084 Betbel
1572 4034 1707 4103 aseendit,

64 4135 196 4195 ciiixerat.
225 4136 319 4207 ltaque
348 4132 497 4189 secuudum
531 4131 616 4188 verba
644 4130 762 4199 Domini,
792 4129 861 4186 civi·
915 4103 979 4159 dum
1009 4106 1044 4161 de
1072 4107 1243 4163 1111111111111
1270 4110 1304 4165 1111
1331 4128 1439 4170 crucem
1478 4118 1603 4175 tetendit.
1642 4123 1711 4182 Huic

63 4240 109 4288 tas
136 4230 210 4286 vallo
232 4227 423 4294 circumdatur,
444 4225 580 4282 machinis
608 4225 728 4296 undique
751 4232 861 4278 exstru-

66 4315 119 4373 ctis
152 4314 259 4370 fortiter
285 4313 320 4367 ab
357 4311 481 4367 hostibus
518 4309 694 4380 impugnatur
724 4326 732 4363 ε
760 4307 862 4363 sedet

64 4419 172 4460 summa
199 4402 257 4458 via
276 4401 383 4458 civibus
413 4398 579 4455 delensatur.
596 4397 650 4453 Sed
670 4396 734 4468 quia
747 4396 775 4450 in
803 4395 860 4452 Do-

64 4493 141 4551 mino
173 4492 232 4547 Deo
266 4498 371 4546 scutum
398 4486 578 4560 protectionis
609 4501 665 4541 non
695 4485 860 4553 babuerunt,

64 4592 94 4648 in
126 4605 209 4646 manu
238 4586 331 4644 hostili
362 4594 539 4644 corruerunt.
576 4584 716 4654 Quosdam
743 4598 862 4656 namque

66 4690 164 4757 fames,
193 4687 324 4761 quosdam
357 4683 526 4755 consumpsit
557 4683 636 4739 tabes
660 4702 668 4750 3
689 4683 799 4755 quidam
827 4681 863 4737 ab

64 4778 135 4852 ipsis
154 4776 260 4835 civibus
279 4773 425 4831 crudeliter
442 4771 581 4838 trucidati,
602 4771 712 4843 quidam
737 4777 863 4826 mertuo-

66 4884 127 4924 rum
149 4866 235 4923 fetore
263 4873 327 4920 sunt
345 4860 500 4934 praelocati.
533 4862 604 4916 Nam
623 4859 737 4931 pessimi
762 4859 864 4931 quique

65 4965 96 5014 ut
129 4971 210 5013 canes
229 4954 366 5011 civitatem
398 4950 560 5017 circuibant,
594 4962 687 5005 escam
714 4948 750 5003 da
781 4964 864 5004 manu

67 5054 225 5120 mulierum,
246 5053 281 5109 de
300 5067 350 5108 ore
369 5049 510 5105 infantium
531 5048 611 5105 etiam
632 5045 773 5118 rapiebant
793 5065 800 5111 ς
822 5045 864 5102 oi·

67 5169 118 5212 vas
146 5152 173 5207 in
192 5152 282 5224 platea
305 5149 442 5220 jacentes,
477 5151 631 5202 extremum
655 5142 777 5215 spiritum
806 5159 865 5215 prae

67 5251 142 5310 lame
161 5251 308 5315 trabentes,
329 5246 411 5318 impio
431 5245 504 5301 lerro
522 5242 682 5301 cruciabant
702 5259 709 5304 ;
730 5240 865 5297 volentes·

68 5357 122 5415 quo
140 5338 212 5396 mori
230 5354 285 5395 non
304 5352 341 5393 ex
361 5343 417 5392 toto
436 5332 658 5406 exstinguebant.
679 5330 729 5388 sed
748 5330 864 5387 miseros

915 4194 993 4266 pueri
1006 4194 1150 4251 illuserunt
1166 4215 1172 4252 ε
1192 4219 1203 4246 a
1220 4198 1360 4268 Ascende,
1376 4201 1464 4268 calve,
1482 4228 1493 4255 ι
1509 4206 1711 4283 Clamavernnt,

915 4283 1392 4355 dumludaripueriiisensuDomino
1405 4295 1544 4362 procebis
1560 4297 1708 4372 llagellato,

917 4380 1059 4438 decalvato
1074 4382 1104 4437 in
1119 4383 1252 4440 Calvariae
1265 4385 1327 4443 loco
1336 4386 1364 4443 in
1378 4404 1461 4446 cruce
1474 4391 1632 4455 illuserunt.
1652 4400 1711 4458 llos

919 4470 1020 4542 quippe
1041 4472 1115 4543 apud
1137 4473 1265 4545 antiquos
1279 4482 1339 4531 erat
1350 4477 1552 4553 crucifigendos
1566 4486 1643 4557 prius
1659 4489 1712 4545 ila-

916 4560 1012 4632 gellari
1041 4576 1075 4618 ac
1098 4562 1244 4632 decalvari,
1271 4564 1311 4621 sic
1343 4574 1434 4637 potest
1455 4571 1537 4628 etiam
1577 4575 1606 4632 in
1635 4594 1713 4637 sacra

917 4656 1057 4728 Scriptura
1071 4658 1161 4715 notari
1191 4677 1197 4715 :
1229 4661 1401 4731 «Devorabit,
1416 4664 1513 4739 inquit,
1528 4669 1637 4741 gladius
1647 4689 1711 4730 car-

917 4777 967 4816 nes
981 4761 1015 4817 de
1025 4777 1124 4818 cruore
1147 4763 1310 4832 occisorum,
1334 4767 1408 4824 etde
1436 4771 1592 4840 captivitate
1617 4777 1713 4834 nudati

918 4849 1013 4922 eapitis
1033 4850 1202 4907 inimicorum
1217 4855 1310 4923 (Dect.
1333 4857 1440 4927 xxxvi).
1463 4859 1533 4914 Nam
1562 4870 1588 4916 et
1613 4866 1714 4936 captivi

918 4948 1142 5015 decalvabantur,
1171 4949 1218 5021 qui
1246 4952 1448 5011 vendebantur.
1467 4956 1526 5014 iioo
1539 4957 1650 5016 videtur
1665 4980 1713 5021 no·

918 5059 976 5106 stra
1015 5058 1128 5106 tonsura
1156 5050 1323 5120 exprimere,
1367 5054 1413 5128 qui
1439 5072 1586 5115 censemur
1612 5062 1713 5122 Christi

918 5138 1035 5211 figuram
1064 5155 1170 5211 gerere.
1201 5140 1296 5196 Pueris
1331 5150 1420 5199 autem
1460 5146 1494 5201 ab
1523 5146 1617 5208 Elisco
1656 5170 1713 5211 ma·

918 5238 1051 5301 ledicitnr,
1080 5236 1146 5293 durn
1174 5239 1329 5297 maledictio
1357 5244 1501 5319 sauguinis
1538 5247 1599 5318 eius
1631 5266 1715 5324 super

918 5342 968 5383 nos
997 5333 1024 5382 et
1046 5342 1127 5397 snper
1167 5325 1238 5384 lilios
1273 5338 1385 5387 nostros
1408 5332 1517 5391 ludaeos
1539 5336 1712 5414 inducitur;

70 5435 227 5497 vulneribus
246 5433 422 5508 torquebant.
446 5432 592 5503 Postquam
611 5444 679 5487 vero
708 5427 801 5484 asinos
819 5428 865 5485 vel
917 5416 973 5472 11110
1000 5417 1056 5471 ursi
1079 5416 1115 5471 de
1134 5415 1204 5472 silva
1228 5419 1335 5490 egressi
1360 5420 1542 5496 quadraginta
1568 5426 1713 5503 duospuo.

68 5550 158 5611 equos
175 5542 329 5606 actamque
356 5527 468 5586 animali
496 5527 531 5582 ad
550 5542 631 5583 esum
663 5525 805 5583 illicitam
822 5524 864 5583 ci-
918 5534 966 5575 ros
991 5517 1193 5586 laceraverunt,
1223 5519 1288 5575 dum
1311 5527 1374 5593 post
1397 5538 1455 5579 rau
1477 5539 1566 5584 annos
1579 5528 1636 5587 duo
1662 5530 1714 5589 irn-

64 5634 121 5692 bos
153 5635 394 5703 consumpserunt,
416 5626 484 5699 lpse
506 5632 611 5683 matres
642 5622 715 5681 titios
733 5639 799 5682 snos
829 5622 865 5679 ed
918 5624 1062 5691 peratores
1090 5616 1126 5673 de
1153 5615 1305 5689 gentilitate
1333 5620 1450 5694 agressi,
1479 5625 1566 5681 uuita
1605 5628 1725 5681 taam

67 5732 208 5797 edendum
225 5734 432 5791 mactaverunt.
462 5726 546 5786 Unde
562 5740 665 5802 magno
683 5723 805 5783 elamore
835 5721 866 5781 in
918 5718 1050 5780 ιιεεεὶιει
1059 5714 1757 5795 mousvsmtmssmoummsa
