3780 6038
120 202 175 257 637

865 210 1023 267 braeost.

1714 219 1766 277 638

119 324 251 395 quietabit
263 342 381 401 bamque
408 335 434 384 ct
447 328 528 407 lupus
542 329 661 399 ledum,
690 339 716 387 e¹.
729 330 773 388 lec
801 347 913 405 agnum,
927 335 955 399 Α
969 339 1082 395 luuuuu
1095 338 1242 395 uriuurlur
1259 357 1264 393 :
1281 336 1304 391 si
1321 316 1382 406 liae,
1401 338 1524 413 iuquam,
1541 340 1576 401 tu
1604 340 1764 417 siinplinitor

117 419 146 466 el
160 411 265 484 pardus
279 430 357 472 orem
373 431 405 473 ac
415 415 539 472 vitulum.

158 539 285 594 llorsss.
304 539 449 613 Quomodo
464 557 533 617 ergo
544 541 618 599 illem
633 541 764 615 intelligis
778 546 792 597 ‘l

153 659 273 715 Pmaua.
288 656 346 711 Nos
360 671 427 712 sune
442 673 492 728 por
507 658 606 713 bestias
628 658 690 715 illas
705 676 765 729 qun
780 660 874 730 rapina
888 667 915 715 ct

116 744 317 809 earnerivnut,
347 743 446 814 impios
461 745 586 800 homines
613 747 800 819 intelligimus,
817 756 843 801 et
871 762 915 803 ra·

114 840 210 905 ptores
226 845 233 901 ;
249 847 300 901 per
322 832 440 903 reliquas
456 849 521 889 vero
536 835 667 905 pecudes,
697 843 856 891 mansuetos
883 850 916 890 ac

114 920 265 992 simplices,
280 929 306 981 et
321 919 355 977 de
384 920 439 975 illis
454 920 523 976 dixit
539 922 672 995 propbeta
687 923 763 995 quod
792 923 915 977 Christus

117 1025 166 1063 eos
181 1008 262 1069 simul
285 1007 408 1064 babitare
436 1024 468 1065 ac
491 1026 586 1083 pacem
614 1012 716 1065 babere
743 1011 912 1082 praeciperet.

114 1096 195 1168 Quod
212 1104 303 1153 autem
323 1096 376 1152 hoc
391 1095 425 1151 de
440 1097 595 1152 boiiiiuibus
608 1098 723 1172 intelligi
747 1099 870 1164 soluerit,
887 1098 913 1152 in

116 1195 299 1267 sequentibus
316 1194 432 1249 insinuat
446 1197 589 1267 prophete,
600 1214 661 1252 eum
677 1197 827 1271 subjungit,
847 1200 913 1271 quin

116 1285 364 1355 repleloesllcrrn
382 1284 504 1340 scientio
523 1286 637 1342 Domini
660 1286 725 1354 (lso.
747 1292 797 1345 xil.
817 1287 913 1359 Neque

112 1379 186 1434 enirn
202 1379 255 1434 boc
268 1387 383 1450 propter
397 1378 516 1450 pecudes
545 1381 612 1435 dixit
627 1398 687 1453 qum
698 1399 758 1437 cuni
775 1398 825 1438 aec
853 1383 911 1437 ani·

111 1462 185 1523 inam
213 1466 329 1523 habeant
356 1464 526 1535 rationalem,
556 1484 607 1526 nec
631 1470 741 1525 Domini
769 1469 911 1527 scientiam

112 1548 357 1627 baberepossunt,
383 1554 465 1611 idest
492 1557 602 1612 Domini
631 1558 825 1629 cognitionem.
854 1560 909 1615 Sed

111 1643 145 1698 ad
161 1642 243 1712 bujus
260 1650 358 1699 restrae
379 1660 462 1714 super
476 1646 616 1715 probatam
644 1647 723 1701 istam
753 1647 909 1719 iniungen-

114 1732 161 1788 ttae
173 1731 402 1797 destructionem,
419 1732 549 1788 dixerunt
563 1735 691 1790 doctores
707 1737 790 1790 vestri
806 1736 908 1790 nullam

117 1821 188 1876 inter
202 1829 309 1891 tempus
333 1820 493 1876 modernum
509 1828 535 1877 el
550 1831 654 1894 tempus
668 1823 768 1878 Clrrisli
797 1823 908 1878 futuram

111 1930 176 1975 esse
190 1917 359 1979 distantium.
385 1918 438 1973 nisi
453 1919 526 1990 quod
542 1920 605 1990 ejus
620 1927 744 1990 tempore
771 1920 910 1993 captiuita-

122 2022 170 2062 em
184 2020 294 2063 omnem
304 2006 415 2063 exibitis
431 2015 511 2075 etque
526 2007 678 2064 miseriam.

147 2131 271 2186 llorsns.
287 2130 356 2185 Eece
378 2127 522 2185 itemaliud
541 2130 831 2204 lsaiaequodnoudum
855 2132 909 2186 sei-

108 2236 172 2274 mus
186 2217 350 2288 completum
366 2235 449 2282 esse:
474 2218 539 2275 dicit
567 2220 701 2290 siqnidem
726 2228 753 2274 et
774 2220 833 2292 ipse
851 2238 858 2274 ε
877 2220 909 2274 Et

110 2307 168 2364 erit
178 2308 231 2362 lun
240 2306 401 2362 lunaesicul
409 2308 461 2363 lun
471 2309 538 2364 solis
549 2312 577 2362 et
587 2309 714 2364 luesolis
724 2310 780 2364 erlt
794 2313 909 2380 septem

109 2394 228 2468 pliciter
237 2392 311 2450 sicul
321 2395 373 2450 lux
381 2398 487 2467 sepiem
496 2395 651 2459 uterentur
663 2396 707 2452 die
715 2413 770 2467 qrru
778 2397 910 2466 nllipooe·

110 2484 152 2539 rit
165 2483 299 2540 Dominus
314 2483 416 2538 uulnus
430 2485 527 2554 populi
540 2486 585 2540 sul
601 2484 669 2553 (lsu.
689 2488 767 2555 xxx).

150 2610 343 2665 PariusNon
360 2618 402 2665 est
428 2626 498 2683 gens
527 2611 554 2666 in
571 2617 627 2667 loto
656 2612 756 2668 mundo
786 2612 910 2668 stolidior

111 2696 201 2758 robis,
218 2697 264 2769 qui
279 2696 378 2769 putetis
390 2699 573 2770 quodeorpus
589 2699 631 2755 vel
647 2699 818 2756 lumenlunae
834 2701 910 2756 Deus
965 2744 970 2755 .

108 2793 208 2856 augeat
221 2786 278 2841 sira
293 2784 361 2842 solis
377 2802 384 2839 :
401 2786 441 2841 sol
457 2787 529 2842 enim
544 2788 567 2842 si
583 2796 703 2858 quantus
718 2796 839 2845 nuucest
853 2803 910 2845 ma·

105 2873 157 2945 jor
171 2881 275 2929 tantum
290 2882 364 2930 esset
378 2874 534 2943 dupliciter,
546 2880 631 2931 lotum
647 2875 907 2946 proieclomuudum

969 422 1179 497 intelligeretur,
1200 427 1305 483 scilieet
1334 436 1362 483 ut
1376 427 1443 485 solis
1471 429 1603 499 splendor
1617 431 1660 487 rel
1690 430 1764 489 luae

970 510 1040 569 loret
1053 514 1214 579 continuus,
1231 530 1285 571 noir
1300 516 1438 586 unseljam
1453 516 1512 573 dies
1526 517 1568 573 vel
1585 534 1648 583 nos,
1659 520 1764 575 mensis

969 600 1012 654 vel
1027 615 1124 667 nanus,
1139 618 1199 673 quir¹
1214 603 1302 659 omitia
1323 620 1356 659 ex
1372 605 1439 663 solis
1454 621 1485 661 ae
1500 604 1572 663 lunae
1599 606 1764 676 proveniunt

969 686 1215 744 vicissitudinibus.
1236 692 1309 761 Ergo
1323 708 1375 747 uon
1392 692 1527 748 immerito
1542 693 1576 747 de
1598 693 1763 763 luceetglo·

969 774 1009 828 ria
1024 773 1086 830 bilei
1102 786 1203 835 nostrie
1223 795 1283 850 quae
1296 795 1385 851 neque
1414 781 1552 835 minuetur·
1566 796 1619 837 uoc
1645 780 1762 847 occidet,

970 862 1146 934 spiritualiter
1159 865 1262 922 dietum
1278 866 1469 943 intelligimus.

1005 970 1129 1026 lllorans.
1147 970 1216 1039 Quid
1228 982 1267 1027 est
1283 973 1364 1027 etiam
1374 976 1448 1046 quod
1463 975 1553 1032 adbuc
1568 974 1634 1032 dieit
1649 975 1737 1033 lsaias
1753 984 1761 1022 ἰ

973 1058 1047 1115 Tunc
1059 1059 1162 1115 uidebis
1177 1064 1205 1116 et
1218 1062 1331 1135 afflues,
1347 1066 1375 1118 el
1389 1064 1543 1121 mirabitur
1553 1064 1759 1121 oidilulalitur

968 1161 1017 1200 cor
1026 1149 1117 1209 tuum,
1134 1148 1245 1219 quondo
1259 1165 1393 1206 conuerso
1403 1152 1494 1221 suerit
1508 1152 1545 1207 od
1570 1156 1597 1207 te
1606 1152 1760 1211 mullitudo

968 1236 1066 1301 muris,
1087 1236 1228 1305 fortitudo
1249 1239 1379 1307 petilium
1393 1242 1504 1294 uenerit
1531 1240 1592 1306 libi,
1608 1240 1760 1296 inundatio

967 1323 1140 1378 camelorum
1155 1324 1261 1396 operiet
1278 1329 1315 1392 te,
1333 1326 1504 1383 Droruedorii
1516 1328 1636 1392 Medion,
1648 1331 1676 1383 et
1686 1328 1755 1398 Effe,

966 1412 1138 1467 olomuesde
1146 1412 1347 1478 &bovenienb
1359 1431 1464 1470 aurum
1474 1421 1502 1470 et
1513 1414 1579 1471 llius
1589 1415 1758 1485 deserentes,

965 1503 994 1553 et
1010 1499 1123 1555 laudern
1145 1502 1260 1557 Domino
1274 1502 1512 1559 annuntiantes?
1527 1504 1592 1562 llso.
1608 1505 1669 1573 ex.)
1697 1504 1760 1559 llaec

965 1588 1035 1640 enirn
1051 1588 1133 1643 eliam
1147 1588 1266 1644 noudum
1283 1599 1352 1645 sunt
1367 1598 1569 1646 consummata.

1002 1693 1121 1750 Pennus.
1139 1694 1331 1751 Consummatur
1345 1712 1411 1752 sane
1425 1695 1534 1753 luerunt
1550 1704 1672 1768 tempore
1689 1704 1760 1753 tern-

966 1779 1003 1850 pli
1019 1783 1141 1849 secundi,
1159 1783 1232 1855 quod
1248 1783 1390 1840 fabricarit
1404 1786 1475 1842 Ezm
1490 1800 1522 1839 ex
1534 1793 1673 1856 praecepto
1685 1785 1759 1857 Cyri,

965 1877 1035 1925 teste
1060 1874 1164 1943 Aggno
1179 1873 1323 1943 propbeta,
1341 1873 1524 1944 quianullus
1537 1873 1607 1930 dicit
1623 1875 1761 1931 Dominus

964 1957 1225 2015 Douseeerciluum
1242 1977 1249 2015 ε
1265 1959 1362 2017 Adbuc
1381 1962 1524 2019 modicum
1537 1965 1761 2033 est,etcpooonu

963 2048 1073 2103 movebo
1088 2049 1188 2105 culum
1201 2052 1229 2105 el
1246 2052 1364 2113 terrum,
1375 2066 1454 2105 mure
1469 2049 1627 2107 alaudam.
1640 2052 1678 2106 Dt
1704 2066 1761 2107 mo·

965 2130 1028 2186 vebo
1043 2146 1252 2203 omnespenres,
1263 2137 1290 2189 el
1299 2135 1412 2190 venunt
1423 2133 1760 2193 desideretocuuclurum

963 2222 1140 2288 pontium,el
1155 2222 1274 2294 implebo
1289 2222 1401 2279 douram
1412 2223 1498 2279 istum
1509 2222 1608 2293 pluria,
1636 2223 1759 2279 dicllDo

963 2307 1060 2361 urinus
1074 2311 1266 2367 exercituum.
1287 2311 1448 2380 liupuuerit
1458 2310 1550 2381 pluria
1565 2311 1664 2367 domus
1674 2312 1759 2369 iatius

963 2396 1193 2469 nouisslrnoeplus
1207 2414 1291 2468 pirum
1303 2399 1416 2469 primu,
1427 2397 1497 2454 dicit
1513 2398 1761 2455 Dominuseeerei·

965 2485 1057 2537 tuum.
1073 2484 1153 2540 Elin
1171 2485 1228 2542 loco
1245 2486 1299 2541 islo
1315 2486 1383 2540 dubo
1403 2501 1514 2556 poceru,
1530 2486 1601 2543 utcu
1625 2487 1760 2542 Dominus

963 2572 1144 2628 exercituum
1163 2573 1242 2645 (App.
1260 2578 1308 2643 ir).
1332 2574 1368 2628 lic
1394 2572 1494 2644 quippe
1519 2590 1581 2645 quae
1598 2573 1635 2628 ibi
1651 2573 1761 2631 dixerat

964 2657 1047 2712 lsaias
1064 2659 1120 2714 lore
1132 2670 1259 2726 ventura,
1277 2666 1395 2734 dqgaeus
1411 2661 1522 2732 quidem
1535 2661 1562 2716 in
1576 2662 1676 2733 templo
1688 2663 1760 2733 quod

960 2761 1020 2813 Jurn
1038 2754 1221 2817 ternporesuo
1237 2749 1396 2804 retudiiieari
1421 2757 1556 2818 creperet,
1581 2750 1669 2805 innuit
1695 2766 1759 2806 esse

962 2834 1137 2906 complenda.

109 2962 293 3029 combureret,
311 2978 345 3017 ne
369 2977 431 3018 cuni
448 2964 471 3016 si
500 2963 729 3035 septempliciter;
746 2965 852 3036 quodsi
881 2973 908 3020 et
997 2941 1120 2996 Mffl'ffl·
1137 2940 1228 2997 p⁰¹⁰⁸²
1242 2943 1368 3014 e‘1¹lidem
1380 2960 1441 3000 ⁸⁵⁸⁸
1452 2953 1480 3000 ¹¹¹
1495 2944 1577 3001 diffl-

107 3049 500 3121 lumenejusseptempliciter
532 3056 717 3119 majusesset,
746 3032 947 3108 oculosue-C
999 3047 1416 3122 ranussmdtuottoyses,
1434 3051 1498 3120 quid
1513 3050 1641 3124 estquod
1656 3050 1760 3123 aitdq-

107 3153 162 3211 que
173 3147 279 3193 nostros
290 3138 376 3199 nimio
389 3139 531 3208 splendore
545 3140 716 3196 obtunderet.
727 3141 809 3196 Lunoe
817 3141 903 3195 etiam

106 3225 201 3280 iumen
216 3225 238 3280 si
250 3226 395 3296 splendore
411 3227 482 3282 solis
499 3243 549 3297 per
569 3227 655 3294 lieret,
671 3245 752 3284 nenio
763 3229 822 3298 jam
837 3228 906 3285 ultra

107 3314 271 3389 quiesceret,
295 3330 405 3385 semper
421 3316 523 3369 etenim
547 3316 606 3371 dies
622 3326 708 3373 esset.
729 3318 779 3371 Per
803 3317 906 3373 lunaris

107 3402 192 3475 igitur
206 3400 274 3458 lueis
287 3403 345 3457 sive
359 3402 459 3457 solaris
474 3413 658 3475 anguiculum,
672 3405 755 3460 roluil
770 3407 907 3476 propbeta

106 3489 224 3563 intelligi
240 3490 323 3545 fldem
339 3501 364 3548 et
382 3489 679 3562 gloriamianristum
696 3494 904 3549 crediturorum.

106 3590 312 3649 Aesicdiceret
328 3609 335 3646 :
351 3590 551 3648 Fidesillorum
569 3601 595 3648 et
609 3593 696 3666 gloria
726 3594 907 3665 multipliciter

106 3678 199 3753 major
211 3679 262 3737 erit
276 3689 303 3736 et
329 3680 498 3752 perlucidior
527 3698 607 3753 quarn
634 3681 839 3738 modernorum.
873 3683 905 3738 lit

107 3768 244 3842 quuduoo
255 3768 289 3825 de
306 3770 369 3823 luna
385 3770 428 3823 vel
442 3770 500 3825 sole
516 3769 567 3825 isto
584 3770 695 3836 visibili,
712 3772 761 3827 sed
776 3773 811 3826 de
825 3770 905 3826 Clui-

106 3859 258 3921 sliaaorum
273 3856 440 3933 credulitatis
455 3856 545 3930 glorie
555 3867 580 3913 ut
596 3858 743 3929 splendore
774 3861 905 3931 propbeta

107 3944 248 4018 loquatur,
263 3944 291 4000 in
315 3945 493 4018 sequentibus
509 3951 622 4000 testatur
650 3962 710 4002 cum
740 3946 904 4021 subjungit:

107 4031 420 4107 Noueriltibiomplius
435 4034 520 4091 solod
530 4034 686 4089 lucendum
703 4035 844 4108 perdiem,
854 4052 906 4091 nee

109 4121 243 4197 spientim
251 4122 509 4178 lunoeilluminnbil
517 4123 579 4186 titt,
588 4123 635 4177 scd
643 4127 698 4179 erit
710 4125 760 4178 libi
768 4123 906 4179 Dominus

106 4213 138 4268 in
147 4212 491 4282 lucemsernpiterumn,el
500 4214 572 4266 Deus
582 4212 685 4266 luusin
694 4213 814 4280 plurium
828 4220 904 4267 tuum

105 4299 646 4364 clironoooidelullrusoltuus,etluno
658 4304 773 4355 luorron
795 4300 908 4356 rninue·

960 3151 1159 3207 quoscunque
1170 3138 1226 3193 erit
1235 3138 1758 3209 plotiodomusisliusnoulssiruoeplns

960 3240 1044 3293 quum
1055 3224 1154 3297 primu
1164 3224 1179 3277 ?
1188 3225 1217 3281 ln
1234 3241 1288 3295 quo
1301 3226 1374 3282 enim
1389 3226 1486 3282 doinus
1501 3227 1661 3283 norisslmai
1672 3228 1760 3296 major

959 3310 1007 3365 tuit
1023 3328 1102 3382 «quam
1119 3312 1211 3381 primm
1225 3312 1325 3386 gloria,
1342 3329 1403 3371 cum
1417 3315 1446 3369 in
1463 3315 1615 3371 novissima
1630 3330 1685 3371 non
1698 3319 1759 3373 lue·

960 3398 1014 3455 rint
1029 3400 1074 3455 illu
1094 3401 1215 3471 pretiosa
1243 3401 1361 3473 insignia
1376 3419 1438 3474 quie
1465 3401 1576 3459 luerunt
1601 3404 1628 3457 in
1645 3403 1730 3474 prima
1745 3405 1759 3457 ‘l

960 3488 1029 3543 Num
1044 3505 1133 3560 neque
1147 3505 1213 3543 area
1228 3489 1336 3544 Domini
1357 3491 1405 3545 luit
1419 3493 1446 3546 in
1462 3493 1592 3558 secunde,
1609 3507 1659 3547 aee
1674 3492 1758 3548 ratio-

961 3576 1015 3631 nali
1031 3577 1072 3631 usi
1087 3586 1148 3632 suut
1172 3577 1197 3633 in
1214 3593 1256 3643 ee,
1273 3594 1324 3635 nec
1337 3580 1411 3635 venit
1422 3579 1460 3634 ibi
1475 3579 1546 3653 ignis
1569 3579 1685 3636 leculo
1712 3581 1758 3653 qui

960 3673 1136 3728 combureret
1150 3672 1318 3739 holocausta,
1340 3691 1390 3731 nec
1407 3674 1454 3731 luit
1469 3685 1534 3732 tirno
1557 3676 1689 3747 temporis
1704 3693 1758 3730 un-

960 3771 1019 3816 ctus
1033 3770 1078 3817 aut
1093 3763 1235 3835 propbeta,
1247 3771 1272 3818 et
1286 3763 1336 3817 alia
1351 3765 1416 3819 item
1429 3764 1638 3836 quamplurima.

996 3869 1125 3922 Morsus,
1146 3869 1185 3922 De
1196 3869 1248 3923 boc
1259 3868 1351 3940 utique
1367 3870 1516 3937 nescimus,
1532 3869 1585 3924 nisi
1601 3870 1697 3942 quoda
1713 3871 1761 3925 do-

960 3956 1188 4013 ctoribusnnstris
1211 3957 1373 4022 eudirimus,
1404 3958 1491 4011 sedet
1518 3957 1570 4029 ipsi
1586 3957 1652 4010 nibil
1681 3957 1755 4013 aliud

960 4045 1099 4109 dixerunt,
1116 4043 1168 4098 nlsi
1197 4043 1269 4116 quod
1285 4046 1383 4099 doinus
1409 4044 1531 4099 secunda
1557 4045 1653 4100 decern
1680 4046 1759 4099 arinis

960 4127 1222 4200 permansitdiutius
1238 4146 1318 4202 quam
1335 4130 1431 4202 prima.

996 4257 1118 4310 Parnes.
1141 4255 1206 4311 llaec
1216 4254 1337 4327 proiecto
1353 4255 1429 4310 nulla
1444 4264 1486 4311 eut
1499 4254 1601 4329 gloria.

106 4388 240 4461 teupulo
265 4387 400 4443 Dominus
413 4388 505 4443 erilin
517 4388 823 4460 lueemsempitornum
839 4389 904 4460 (leo.
918 4380 945 4441 l)
995 4379 1119 4434 llot'sas.
1152 4379 1228 4452 Ergo
1242 4380 1363 4452 dggaeus
1386 4378 1481 4450 procul
1508 4377 1592 4434 dubio
1607 4386 1649 4434 est
1675 4395 1756 4436 men-

104 4490 164 4553 cn).
180 4486 251 4541 Nem
272 4485 295 4539 si
310 4485 344 4540 de
359 4484 400 4539 sol
428 4485 548 4541 relluua
577 4487 687 4556 proprie
709 4486 825 4551 diceret,
855 4488 907 4543 boc

104 4575 214 4649 quidem
230 4572 303 4646 quod
318 4572 392 4637 dicit,
414 4590 472 4629 non
487 4575 543 4629 erit
558 4575 609 4629 tut
619 4575 743 4646 urnplius
759 4575 801 4631 sol
811 4575 848 4630 nd
866 4576 907 4630 lu·

103 4663 226 4721 condius
234 4650 285 4734 per
299 4661 582 4734 diem,neospleudor
598 4663 857 4720 tunaeillumiuobil
867 4667 903 4728 le,

104 4750 144 4806 illi
158 4750 231 4823 quod
245 4765 327 4820 supra
341 4749 446 4803 dixerat
461 4748 626 4804 contrarium
639 4757 722 4815 essct,
736 4750 905 4807 erilsnilicet

106 4838 906 4910 luesioutlu.rsolis.clerilseptempliciter,Putetigitur

105 4935 216 5011 quiade
231 4934 376 5007 splendore
400 4944 425 4990 el
441 4933 532 5008 gloria
561 4935 622 4989 lldei
639 4942 742 4990 sanctie
772 4924 905 4993 Ecclesiae

103 5021 236 5099 propbeta
251 5024 295 5078 bic
321 5023 450 5095 loquitur,
465 5023 537 5095 quod
566 5031 592 5077 et
607 5038 641 5077 ex
670 5025 905 5095 consequentibus

102 5114 274 5188 designatur,
295 5126 357 5168 cum
373 5112 509 5176 subditur,
530 5112 638 5168 sederit
650 5113 701 5167 liii
724 5113 857 5169 Dominus
872 5116 904 5170 in

105 5215 455 5287 lucemsernpilernnm,el
469 5214 541 5270 Deus
551 5216 654 5270 luusin
669 5216 791 5285 plurium
812 5218 902 5271 lutam.

108 5310 148 5381 Ac
163 5304 185 5359 si
215 5304 338 5359 diceret:
357 5302 539 5374 Nequaquam
555 5303 665 5357 ulterius
681 5304 741 5357 luce
755 5303 903 5360 credelita-

109 5391 143 5445 tis
158 5398 258 5443 vestrae
272 5386 364 5456 hujus,
382 5402 442 5455 quae
452 5386 548 5440 similis
571 5396 613 5441 est
627 5387 694 5442 solis
709 5387 787 5443 istius
811 5398 904 5443 traus-

104 5485 187 5551 itorii,
199 5485 240 5538 rel
257 5482 326 5537 lunae
337 5480 493 5552 indigebitis
510 5481 673 5553 tulgoribns,
700 5486 786 5555 gloria
804 5487 905 5558 quippe

109 5573 180 5631 lueis
193 5587 249 5627 sue
261 5587 310 5627 ros
318 5568 486 5627 eternaliter
496 5568 659 5629 illuminabit
689 5574 833 5630 Dominus.
850 5576 904 5631 Sed

115 5672 129 5715 t·
138 5658 221 5731 tquod
234 5658 367 5731 sequllur,
383 5675 440 5715 non
455 5660 562 5716 oe'oldet
571 5662 649 5717 ultro
662 5662 823 5729 sollennel
835 5665 905 5719 lurra

962 4467 1036 4522 tltus.

997 4574 1114 4629 Pennus.
1131 4572 1218 4630 Absit.
1231 4572 1285 4630 Sed
1294 4573 1320 4628 in
1331 4574 1385 4630 boc
1415 4573 1459 4629 tuit
1475 4590 1577 4645 magna
1592 4574 1693 4630 domus
1710 4590 1759 4630 no·

960 4661 1182 4732 vissimaegloria
1210 4663 1407 4735 quamprimae,
1433 4663 1506 4734 quod
1537 4662 1610 4717 venit
1636 4662 1760 4718 cbristus

960 4752 1051 4805 adbuc
1061 4765 1094 4804 ea
1124 4758 1223 4813 uncte,
1240 4751 1318 4820 eujus
1332 4751 1466 4806 adrentus
1492 4749 1581 4819 major
1595 4749 1645 4805 suit
1672 4749 1758 4821 gloria

959 4837 1103 4909 quentilla
1126 4837 1282 4907 supradicta
1309 4839 1400 4894 omnia
1424 4839 1554 4894 habuere.
1579 4837 1672 4892 Sedet
1694 4839 1757 4903 boc,

959 4927 982 4980 si
998 4924 1095 4996 placet,
1112 4925 1238 4981 subtilius
1252 4927 1337 4981 multo
1352 4941 1501 4996 possumus
1514 4925 1760 4995 inlelligereecili·

958 5016 1090 5087 oetquod
1114 5014 1258 5070 decadem
1286 5014 1369 5070 domo
1397 5013 1498 5069 dietum
1525 5013 1570 5079 eit,
1597 5015 1759 5070 nouissimos

958 5122 1040 5184 atque
1060 5115 1169 5186 primur,
1196 5112 1234 5167 dc
1250 5112 1309 5182 ejus
1331 5110 1455 5167 uidelicet
1481 5110 1618 5182 principio
1632 5118 1659 5166 et
1686 5109 1753 5166 Dne.

958 5202 1026 5256 Nam
1042 5200 1340 5273 cumcircabnemejus
1351 5199 1625 5256 Cbristusadvenerit
1640 5200 1756 5271 (Coloss.

958 5298 1139 5360 rr),perquein
1159 5290 1377 5357 etiuipsadomc
1391 5290 1480 5345 deites
1498 5288 1638 5355 babiturit,
1667 5288 1758 5361 glorie

959 5379 1055 5450 utiquc
1068 5377 1145 5446 cujusl
1160 5375 1309 5433 novissimo
1321 5380 1464 5449 plusquam
1480 5375 1569 5448 primo
1583 5392 1682 5448 magua
1691 5377 1753 5433 suit.

958 5474 1043 5544 Cujus
1057 5474 1155 5529 Cbristi
1184 5474 1303 5529 silventu
1318 5475 1409 5530 omnia
1424 5490 1484 5544 qum
1503 5482 1528 5528 et
1545 5472 1629 5527 lsaias
1652 5473 1717 5528 dicit
1731 5481 1758 5528 et

959 5564 1081 5634 Appulus
1094 5570 1217 5629 testatur,
1243 5573 1305 5617 aurit
1320 5563 1465 5634 completa.
1495 5562 1558 5634 lpse
1574 5562 1674 5633 quippo
1703 5560 1753 5614 nd·

958 5659 1093 5726 ueniente,
1109 5661 1194 5715 tna'ris
1211 5660 1354 5717 rrrriltituilc
1368 5670 1394 5717 et
1409 5666 1493 5717 terrai
1508 5659 1543 5715 ed
1558 5674 1618 5712 euin
1633 5662 1674 5712 eat
1687 5668 1756 5709 coa-
