3780 6038
184 277 233 331 731

749 258 917 315 ll'EllNlilll
937 258 1078 315 tutmlls
1098 260 1129 315 S.
1155 260 1262 316 ltttsll

1783 269 1830 323 7.·ὀέ

185 397 247 465 tio.)
266 418 277 441 ιι
293 394 380 447 Nemo
394 386 663 444 existimetinstudio
674 383 849 458 pretiosarum
864 384 977 440 vestium
992 387 1021 448 A
1037 383 1082 453 qui
1101 383 1137 438 ait
1154 403 1160 439 :
1179 407 1190 434 ιι
1220 384 1304 441 Labie
1328 387 1496 443 sacerdotum
1520 388 1672 445 custodient
1694 391 1830 447 scientiam

184 490 307 557 pecatum
323 496 377 535 noa
390 480 493 535 deesse.
511 501 522 525 ιι
537 477 615 532 liade
631 477 723 530 Petrus
733 473 871 545 apostolus
884 473 911 529 in
926 473 983 542 epi-

184 573 253 630 stola
261 588 310 627 sua
319 569 474 625 adfemiuas
482 586 487 621 :
495 566 556 620 Nou
567 565 594 619 in
602 572 675 622 veste
686 562 802 635 pretiosa
809 563 835 634 (1
838 564 916 617 Patr.
925 560 956 631 ι).
969 583 980 608 r

187 696 198 717 ι
206 669 260 724 Sed
267 667 334 739 quid
348 665 440 720 existis
450 660 752 733 viderell‘roplretaml
761 660 859 729 Utique
869 658 929 712 dico
941 673 984 713 vo-

184 761 227 814 his
241 767 267 813 et
280 758 340 828 plus
350 771 431 825 quam
445 754 616 823 prophetam.
627 773 638 797 u
652 749 764 819 (llattli.
776 748 827 818 xi.)
837 750 869 801 lu
888 748 983 802 lioccst

183 850 299 903 loannes
310 846 369 917 plus
379 859 459 913 quam
474 842 615 912 propbeta,
627 838 699 909 quod
709 837 813 909 dignito
826 835 983 891 monstravit

183 952 263 1007 quem
279 934 522 990 mendicatarum
538 929 729 1001 praedixerant.
746 927 913 997 (Dicimus.)
934 924 982 979 llla

182 1026 246 1093 aluo,
262 1022 385 1093 scd,rad,
404 1020 529 1092 leguntur
542 1032 590 1089 pro
606 1021 643 1073 ct.
661 1015 780 1087 lllystice.
796 1015 850 1068 lex
866 1013 982 1085 peccatis

181 1122 273 1195 populi
311 1121 405 1190 juncta
442 1127 468 1172 et
506 1116 659 1186 pectoribus
697 1120 868 1184 peccatorum
906 1110 982 1180 quasi

180 1210 332 1267 carceribus
360 1210 419 1263 luce
458 1206 598 1261 vacuitatis
635 1203 737 1258 inclusa
768 1202 917 1266 tenebatur,
949 1216 981 1253 ne

180 1316 229 1372 per
242 1315 303 1355 eam
317 1297 436 1353 Christus
450 1294 564 1365 intelligi
587 1300 687 1362 posset.
704 1289 901 1361 (sineremus.)
916 1288 981 1343 liit-

180 1390 212 1443 tit
225 1398 290 1461 ergo
304 1385 450 1456 ‹asequtos
469 1383 504 1437 ad
532 1381 710 1453 Evangelium
737 1378 928 1443 contuentium,
953 1384 981 1432 ut

179 1477 396 1547 supplementum
413 1477 619 1540 consequuntur,
636 1468 700 1539 aquic
710 1467 848 1538 plenitudo
864 1465 931 1536 legis
941 1472 980 1519 est

182 1565 312 1620 Cluistus.
342 1565 463 1629 Cumque
491 1560 649 1628 plerumque
678 1564 782 1611 nutaret
805 1556 902 1610 veritas
921 1555 978 1607 siue

180 1663 268 1727 lactis,
296 1659 363 1713 tides
391 1657 546 1729 plenissimo
577 1663 715 1727 gestorum
748 1651 979 1707 testificationibus

1037 489 1062 536 et
1077 480 1165 554 legem
1175 483 1312 552 requirent
1325 501 1360 538 ex
1374 501 1420 540 ore
1436 485 1505 555 ejus,
1520 487 1583 557 quia
1596 488 1713 561 angelus
1727 489 1830 545 Domini

1037 579 1202 634 exercituum
1230 589 1270 637 ast
1292 582 1422 649 (llalaclt.
1451 584 1491 653 u).
1509 606 1520 631 »ι
1551 584 1605 640 Scd
1632 585 1716 655 litrjus
1744 585 1831 641 altitu·

1037 666 1254 723 dinemnominis
1268 669 1348 724 etiam
1363 686 1412 724 vos
1437 671 1460 725 si
1486 671 1565 727 taulus
1591 674 1704 745 potestis
1721 676 1827 729 mereri.

1035 755 1106 810 Nam
1120 756 1301 827 unusquisque
1330 767 1446 815 vestrum
1474 759 1633 831 inquantum
1662 760 1773 831 sufficit,
1796 763 1832 817 ia-

1037 861 1164 920 quantum
1178 854 1294 925 gratiam
1308 872 1431 927 supcruae
1451 857 1621 927 aspirationis
1644 858 1761 930 accepit,
1780 860 1800 913 si
1818 877 1832 914 a

1034 942 1166 1011 pravitate
1190 944 1345 1013 proximum
1373 954 1492 1013 revocat,
1520 947 1541 1000 si
1557 948 1694 1003 exliortari
1711 948 1748 1003 ad
1767 949 1831 1004 bene

1036 1029 1202 1100 operandum
1215 1041 1300 1099 curat,
1315 1034 1337 1087 si
1351 1042 1480 1089 arternum
1490 1051 1604 1107 regnum
1615 1036 1659 1092 vel
1672 1036 1831 1108 supplicium

1036 1118 1134 1173 erranti
1161 1118 1310 1187 (tenuatim,
1344 1138 1405 1175 cum
1432 1122 1515 1177 verba
1547 1131 1647 1179 sauctae
1666 1125 1832 1181 exhortatio·

1035 1205 1077 1260 nis
1092 1205 1232 1278 impendit,
1249 1209 1370 1279 prolecto
1397 1210 1509 1281 angelus
1531 1212 1633 1265 existit.
1653 1212 1686 1267 Et
1701 1228 1782 1268 nemo
1797 1214 1833 1267 di-

1034 1303 1094 1350 cat:
1124 1296 1275 1352 Admonere
1304 1313 1359 1353 non
1390 1298 1511 1368 sullicic,
1553 1302 1692 1355 exhortari
1725 1301 1833 1357 idoneus

1023 1390 1089 1439 ¹uon
1102 1400 1172 1439 sum.
1188 1384 1325 1455 Quantum
1339 1393 1417 1458 potes
1430 1388 1539 1457 exhibe,
1560 1404 1595 1444 ne
1608 1388 1683 1444 male
1703 1391 1832 1447 servando

1034 1471 1106 1540 quod
1121 1474 1258 1543 acceperis
1272 1475 1299 1527 iu
1315 1476 1455 1529 tormentis
1480 1476 1611 1548 erigaris.
1638 1479 1749 1534 Scimus
1762 1481 1831 1535 enim

1034 1561 1105 1628 quod
1119 1561 1147 1614 iu
1163 1562 1334 1618 tabernaculo
1363 1579 1418 1619 non
1445 1565 1531 1618 solum
1560 1567 1693 1636 phialam,
1709 1568 1758 1622 sed
1770 1585 1831 1638 prae

1033 1648 1147 1719 cipiente
1163 1650 1465 1723 Dominoetiamcyatlri
1477 1652 1610 1708 lactisunt
1627 1654 1733 1726 (Eucti.
1759 1660 1831 1725 xxvi

179 1750 330 1806 cxliibetur.
361 1746 561 1817 (Guaconrus.)
588 1745 705 1799 loannes
731 1758 786 1796 non
816 1741 865 1795 luit
892 1738 1019 1812 molli-B
1035 1746 1085 1800 Per
1100 1747 1203 1817 phialas
1217 1748 1316 1819 quippe
1340 1750 1461 1804 doctriua
1485 1750 1646 1807 exuberans.
1662 1753 1716 1808 Per
1729 1756 1835 1825 cyathos

178 1848 229 1902 bus
247 1847 366 1912 vestitus,
388 1845 450 1914 quia
476 1843 559 1899 vitam
589 1840 756 1912 peccantium
785 1855 840 1893 riou
868 1836 977 1892 blandi·
1031 1850 1095 1890 vero
1110 1851 1194 1903 parva
1208 1845 1416 1907 atqueaagusta
1439 1839 1549 1894 scientia
1571 1840 1740 1914 designatur.
1756 1844 1831 1898 Alius

178 1936 277 1991 urentis
305 1933 381 1999 levit,
410 1932 458 1987 secl
490 1946 583 2003 aspere
612 1929 769 1998 increpavit.
797 1926 872 1982 Unde
897 1926 977 1981 Salo-

180 2042 243 2081 mon
259 2043 265 2078 :
286 2050 296 2073 ιι
315 2021 404 2077 l'erba
418 2020 569 2090 sapientum
584 2017 660 2088 quasi
675 2014 775 2071 stimuli
790 2023 816 2070 et
829 2015 897 2069 sicut
911 2012 979 2069 clavi

178 2124 206 2179 iu
221 2125 304 2179 altum
320 2119 401 2176 delixi
417 2119 521 2187 (licata.
536 2117 602 2186 xri),
624 2139 635 2160 ιι

219 2245 229 2267 ι
246 2220 296 2275 llic
311 2227 350 2274 est
365 2218 436 2273 enim
453 2215 487 2271 de
503 2231 556 2285 qim
580 2213 709 2284 scriptum
726 2219 765 2267 est
785 2231 791 2266 z
818 2211 886 2266 Ecce
906 2209 982 2264 mitto

181 2320 309 2391 angelum
321 2333 410 2372 meum
422 2321 484 2369 ante
496 2313 593 2367 taciem
603 2318 675 2367 tuam
685 2310 729 2380 qui
739 2308 902 2380 praeparabit
912 2309 983 2362 viam

182 2417 256 2464 tuam
272 2414 332 2463 ante
341 2413 366 2460 te
381 2404 492 2473 (llattt.
508 2404 558 2469 xi.)
576 2424 586 2447 ιι
604 2399 805 2470 (Guacomvs.)
820 2397 899 2467 Quod
913 2397 985 2451 euim

183 2498 280 2554 Graece
306 2494 429 2565 angelus,
461 2493 512 2547 iioc
539 2490 632 2544 Latine
657 2489 766 2542 nuntius
785 2486 891 2541 dicitur.
907 2486 987 2540 lteetc

181 2601 247 2658 ergo
258 2583 303 2654 qui
313 2583 436 2637 naubare
451 2594 599 2649 supernum
616 2577 738 2647 jutlicem
749 2575 862 2630 mittitur
875 2574 988 2645 angelus

183 2681 306 2740 vocatur,
320 2678 349 2727 ut
361 2669 520 2743 dignitatem
535 2675 623 2722 servet
637 2666 665 2720 in
679 2664 788 2720 nourine
803 2679 884 2734 quam
898 2664 990 2733 explet

184 2763 212 2816 iu
230 2761 387 2834 operatione
404 2778 410 2813 :
436 2759 518 2812 altum
534 2756 634 2828 quippe
649 2769 748 2810 nomen
762 2761 811 2819 cst,
827 2752 873 2807 sed
889 2752 911 2806 si
934 2752 991 2806 vita

182 2851 364 2907 iuterinrnon
392 2854 443 2904 est.
476 2846 578 2902 Omnes
603 2845 694 2914 itaque
709 2842 754 2912 qni
778 2840 920 2896 sacerdotii
935 2856 989 2895 nc-

186 2940 260 2997 minc
274 2944 416 2996 censentur
430 2935 521 3007 angeli
547 2941 687 3001 vocantur,
704 2933 837 3001 propbeta
851 2936 990 2984 attestante

1032 1931 1154 1987 doctrina
1166 1933 1284 1988 veritatis
1299 1934 1395 2005 plenus
1408 1935 1573 1990 audientium
1587 1948 1699 2008 ¹urentes
1714 1940 1833 1998 inebriat.

1034 2021 1085 2075 Per
1099 2022 1150 2077 lico
1163 2037 1228 2093 crgo
1241 2023 1313 2092 quod
1328 2023 1402 2086 dicit,
1418 2024 1538 2095 prolecto
1562 2027 1682 2096 phialam
1706 2030 1832 2099 porrigit.

1035 2116 1259 2186 attuseapouere
1275 2119 1347 2187 quod
1362 2121 1440 2175 sentit
1455 2121 1535 2177 valet.
1567 2124 1621 2177 Sed
1649 2124 1714 2193 quia
1742 2134 1837 2180 utrum·

1038 2220 1090 2272 quc
1104 2203 1242 2260 denuntiat
1256 2206 1377 2277 prolecto
1401 2224 1450 2278 per
1471 2209 1581 2264 citatum
1610 2212 1725 2281 praebet.
1744 2216 1776 2268 lu
1791 2214 1835 2269 Dei

1039 2308 1104 2364 ergo
1120 2293 1300 2361 tabernaculo,
1325 2295 1351 2349 iu
1377 2304 1417 2350 est
1432 2297 1459 2350 in
1485 2305 1577 2353 sancta
1592 2299 1724 2365 Ecclesia,
1748 2303 1835 2371 positi,

1040 2380 1062 2434 si
1086 2392 1135 2452 per
1152 2380 1282 2438 doctrinm
1303 2384 1462 2455 sapientiam
1486 2385 1637 2443 ministrare
1659 2389 1767 2457 phialas
1786 2392 1836 2445 mi-

1040 2477 1113 2532 nime
1128 2480 1247 2549 potestis,
1260 2479 1287 2534 in
1302 2490 1430 2551 quantum
1460 2498 1508 2552 pro
1536 2484 1628 2539 diviua
1643 2486 1769 2560 largitate
1783 2490 1838 2544 sul·

1040 2565 1128 2635 bellis,
1145 2567 1277 2638 proximis
1298 2570 1392 2625 vestris
1414 2571 1479 2626 boni
1498 2572 1574 2645 verbi
1598 2578 1711 2645 cyathos
1728 2577 1800 2647 alate,
1814 2587 1839 2633 ut

1043 2662 1172 2724 quantum
1195 2672 1243 2711 vos
1266 2658 1411 2728 proiecisse
1430 2660 1559 2730 pensatis,
1584 2663 1667 2719 etiam
1697 2666 1766 2721 alios
1787 2676 1837 2722 tra·

1044 2754 1107 2807 licre
1121 2753 1262 2809 vobiscum
1277 2756 1400 2828 satagite.
1417 2759 1446 2811 ln
1462 2756 1507 2815 via
1520 2758 1570 2813 Dei
1581 2760 1682 2816 babere
1696 2764 1785 2820 socios
1797 2765 1838 2819 de·

1044 2841 1168 2897 siderate.

457 3321 460 3324 ’
536 3294 744 3401 stulte
787 3294 875 3398 DE
909 3292 1219 3400 ADVENTU
1255 3292 1501 3402 DOMINI.

233 3596 244 3619 ιι
268 3570 352 3627 Dicito
375 3565 570 3640 pusillanimis:
601 3563 807 3620 Consonamiui.
832 3563 901 3619 Ecce
925 3562 997 3617 Deus
1011 3565 1036 3630 G
1051 3579 1121 3630 rrum,
1140 3585 1150 3612 u
1165 3570 1215 3619 etc.
1228 3564 1297 3621 Caeci
1312 3576 1396 3634 eraut,
1413 3567 1476 3638 quia
1489 3569 1576 3625 Deum
1587 3569 1840 3642 ignorabantsunlj

197 3668 287 3717 noster
323 3658 423 3721 veniet,
453 3662 480 3708 et
506 3652 621 3708 salvabit
648 3668 707 3707 nos.
743 3653 818 3707 Tunc
847 3651 999 3723 aperientur

197 3750 268 3806 oculi
299 3761 431 3804 caecorum
466 3752 492 3798 et
526 3758 605 3797 ttures
637 3741 779 3795 surdorum
812 3739 941 3811 patebunt
972 3747 999 3796 et

199 3845 277 3901 saliet
304 3844 372 3897 siout
399 3838 633 3904 cervicetenus,
658 3844 684 3891 et
712 3843 805 3906 aperta
831 3835 883 3889 erit
908 3834 1001 3906 lingua

201 3942 337 3990 mutorum
354 3931 420 4001 tlro.
436 3930 532 3995 xxxv).
550 3950 560 3976 ιι
579 3929 647 3980 Ante
661 3926 806 3982 adventum
819 3923 939 3991 Domini,
952 3923 1001 3978 lra-

202 4044 254 4090 tres
267 4028 428 4096 charissimi,
455 4028 484 4083 in
506 4034 580 4081 tauta
594 4024 712 4097 caligine
739 4030 823 4079 totum
845 4038 932 4095 genus
947 4023 1000 4077 liu·

203 4139 313 4178 uranum
328 4118 527 4184 involvebatur,
554 4114 626 4185 quod
654 4128 740 4183 neque
760 4112 844 4166 Deum
859 4126 1001 4183 cognosce·

203 4214 277 4279 baut,
292 4224 381 4278 nequa
395 4205 480 4264 verba
491 4205 550 4274 ejus
565 4203 658 4258 audire
678 4201 814 4269 volebant,
830 4216 918 4270 neque
933 4199 1001 4254 bena

201 4306 391 4379 operabantur,
406 4318 494 4372 neque
509 4308 620 4370 peccata
633 4314 681 4353 sua
695 4295 901 4354 confitebantur.
916 4296 1001 4350 Cum-

203 4394 359 4466 quemultis
379 4391 477 4446 anirnae
501 4387 701 4443 infirmitatibus
723 4386 915 4451 detinerentur,
938 4384 1002 4453 pla-

204 4484 259 4540 cuit
272 4495 378 4535 summo
397 4477 504 4533 medico
527 4491 573 4531 eos
600 4475 718 4543 visitare,
747 4482 774 4529 ct
795 4474 849 4528 suis
863 4471 1003 4527 medicinis

204 4587 251 4627 eos
264 4571 384 4624 relevare
399 4582 406 4633 ;
421 4565 468 4620 sed
478 4571 553 4619 uolat
575 4580 622 4618 eos
638 4563 719 4617 isaias
742 4565 872 4633 propbeta
891 4560 918 4614 in
933 4575 1002 4629 qua·

208 4670 267 4717 tuor
293 4654 469 4727 languoribus
493 4652 645 4722 specialiter
671 4651 818 4705 laborare:
847 4649 912 4703 caeci
931 4648 1003 4701 enim

202 4756 289 4817 terant,
305 4744 425 4811 etsurdi,
441 4751 467 4796 et
477 4742 575 4809 claudi,
592 4749 618 4795 et
636 4741 713 4795 nriiti.
744 4741 864 4808 Cumque
891 4736 1004 4808 aegritu·

1053 3667 1137 3726 erant,
1166 3661 1228 3730 quia
1253 3663 1336 3718 verba
1362 3664 1410 3718 Dei
1438 3665 1630 3738 negligebant;
1662 3670 1762 3739 claudi,
1789 3671 1841 3741 quia

1053 3774 1107 3814 nou
1121 3767 1192 3815 recte
1207 3776 1255 3831 per
1268 3760 1340 3815 bona
1349 3776 1432 3832 opera
1441 3762 1620 3835 incedebant;
1634 3768 1703 3821 muti
1714 3769 1840 3840 quiapec·

1054 3850 1114 3899 cata
1141 3860 1190 3899 atta
1219 3845 1352 3900 tacebant.
1381 3847 1445 3902 llaec
1458 3848 1575 3904 surditas
1588 3851 1747 3920 ctcaecitas,
1763 3854 1842 3909 ctalia

1055 3957 1115 4011 quar
1141 3950 1317 4010 sequuntura
1330 3942 1417 4012 prima
1445 3945 1554 4001 homine
1568 3946 1676 4003 initium
1699 3966 1839 4022 sumpsere.

1055 4029 1141 4085 Adam
1155 4030 1227 4085 enim
1242 4030 1269 4084 in
1284 4030 1371 4101 primo
1388 4041 1521 4103 praecepto
1536 4050 1553 4088 a
1571 4035 1631 4090 Deo
1654 4036 1708 4092 sibi
1736 4038 1842 4107 injuncto

1056 4119 1151 4173 surdus
1164 4118 1330 4174 effectusest.
1339 4121 1406 4174 Cum
1417 4121 1490 4175 euim
1500 4121 1601 4177 dictum
1617 4131 1659 4179 est
1668 4125 1695 4180 ei
1706 4126 1785 4196 (Gen.
1797 4127 1841 4189 tiri:

1059 4239 1070 4263 ιι
1087 4218 1117 4269 lu
1126 4232 1294 4285 quacumque
1312 4216 1357 4272 die
1371 4217 1405 4270 de
1426 4218 1499 4289 ligno
1525 4219 1645 4277 scientiae
1667 4222 1734 4278 boni
1752 4233 1778 4279 et
1791 4222 1843 4278 mali

1055 4303 1215 4371 comederis,
1244 4312 1330 4359 morte
1367 4306 1498 4372 iiiorieris,
1526 4329 1537 4355 u
1563 4324 1620 4364 nou
1646 4312 1755 4367 audisse
1785 4312 1844 4366 riuis

1057 4410 1097 4457 est
1113 4426 1124 4449 ιι
1142 4409 1227 4457 morte
1242 4401 1376 4456 morieris.
1397 4425 1407 4449 ι
1427 4402 1480 4458 Sed
1493 4418 1556 4457 cum
1569 4406 1689 4460 nonfuit
1702 4408 1845 4464 observator

1057 4491 1186 4556 niuutlati,
1202 4506 1289 4546 cecus
1303 4490 1351 4545 luit
1366 4507 1428 4546 cum
1442 4492 1525 4546 verba
1538 4493 1640 4549 diaboli
1656 4511 1713 4551 nen
1727 4497 1845 4553 intellexit

1058 4580 1183 4635 dicentis:
1194 4602 1204 4627 ιι
1216 4579 1296 4633 Eritis
1302 4579 1369 4635 sicut
1375 4579 1518 4649 aldclid).
1527 4601 1539 4625 u
1551 4582 1618 4635 Cum
1626 4592 1777 4654 putaretur,
1787 4586 1846 4639 rite

1058 4668 1120 4722 lieet
1134 4685 1162 4722 se
1174 4667 1230 4722 lieri
1243 4669 1338 4733 Deum,
1350 4677 1511 4723 excaecatum
1519 4668 1578 4737 jam
1598 4672 1714 4742 gerebat
1726 4676 1844 4737 animum,

1058 4763 1129 4833 quod
1144 4763 1270 4834 deinceps
1293 4764 1343 4818 sibi
1365 4765 1560 4835 improperavit
1576 4766 1711 4824 Dominus
1739 4770 1845 4825 dicem:

205 4839 282 4892 diues
309 4850 401 4890 corum
431 4847 525 4886 sanare
553 4830 643 4897 pellet,
659 4846 692 4884 ue
707 4829 797 4883 miseri
821 4827 1003 4897 desperarent,
1062 4878 1072 4902 n
1093 4854 1160 4908 pm.
1170 4853 1843 4929 ,ppamqpasiunusexnobissactuseslzlt‘bt'd·l⁰

206 4927 289 4982 voluit
317 4925 357 4980 eis
383 4936 460 4977 stium
485 4920 630 4977 adventum
659 4917 848 4989 praenuntiare,
866 4914 1135 5013 voluitqucflquasi
1162 4942 1255 4996 dicens
1283 4942 1429 4997 deridendo
1453 4961 1459 4996 ξ
1490 4943 1558 4998 Ecce
1587 4945 1675 5000 Adam
1709 4949 1755 5018 qui
1782 4900 1846 5018 pil&

203 5032 250 5071 eos
264 5009 503 5069 conlocationibus
516 5008 571 5062 suis
584 5007 733 5062 consolare.

241 5113 325 5168 l'ultis
333 5110 400 5165 scire
413 5107 458 5177 qui
472 5105 640 5178 sintlegati‘?
666 5103 749 5159 lsaios
777 5111 806 5157 et
829 5102 874 5157 alii
891 5103 1003 5172 proplie-

206 5219 249 5266 tc.
264 5208 361 5264 duilitc
373 5220 439 5276 ergo
454 5220 543 5274 ‘quam
563 5203 775 5259 consolationem
799 5199 916 5269 injunxit
932 5199 1003 5269 laga-

203 5309 237 5362 tis
254 5327 259 5364 :
276 5308 331 5363 Vos
344 5303 457 5359 ministri
476 5303 540 5370 mei,
556 5302 636 5358 dicite
658 5302 763 5357 naiscris
777 5299 883 5371 populis
907 5299 952 5369 qui
964 5298 1004 5367 ja·

205 5405 266 5453 cent
280 5396 308 5450 in
321 5391 468 5458 doloribus,
485 5390 530 5459 qui
544 5391 718 5462 desesperaut
737 5389 766 5444 in
782 5387 1001 5443 infirmitatibus:

208 5519 219 5543 ιι
240 5492 264 5550 0
280 5487 473 5566 pusillanimes,
483 5486 682 5554 confortamini,
698 5485 761 5557 quia
775 5500 838 5541 cccc
852 5485 925 5539 Deus
945 5497 1005 5538 oos-

203 5600 244 5647 ter
257 5590 358 5656 veniet,
382 5591 409 5639 ct
432 5583 545 5638 salvabit
563 5598 621 5640 uos.
647 5584 700 5640 Eas
719 5582 887 5639 infirmitates
903 5580 1001 5652 quibus

204 5691 244 5738 tra
257 5670 357 5744 veniet,
372 5681 400 5729 et
411 5670 527 5728 salvabit
546 5686 608 5727 nos.
633 5673 686 5728 Eas
708 5670 880 5726 intirmttotes
905 5670 1003 5741 quibus

197 5768 348 5846 srrbjtreetis
361 5760 477 5833 sonabit,
493 5759 557 5835 quia
576 5766 639 5817 tuuc
666 5759 819 5833 aperientur
836 5758 907 5815 oculi
922 5773 1004 5815 caeco

1056 5043 1135 5098 vitse
1148 5041 1266 5097 loturum
1287 5040 1383 5106 Deum,
1413 5040 1494 5095 incido
1521 5040 1626 5097 invenit
1653 5060 1684 5100 sc
1705 5047 1845 5113 auserim,

1058 5133 1143 5186 lactus
1166 5131 1241 5201 quasi
1265 5146 1332 5184 uirus
1355 5146 1389 5183 ex
1412 5129 1501 5195 uobis,
1525 5129 1553 5184 id
1577 5138 1618 5185 est
1636 5133 1734 5188 similis
1748 5136 1847 5190 ratae

1059 5220 1126 5275 Filio
1154 5227 1179 5273 et
1204 5218 1314 5287 Spiritui
1337 5227 1428 5274 sancto
1455 5218 1541 5274 sactus
1555 5227 1601 5275 est
1628 5221 1713 5291 Deus,
1728 5224 1779 5279 sub
1800 5224 1847 5278 ira·

1058 5308 1104 5362 uia
1118 5306 1219 5362 dictum
1234 5314 1283 5375 est,
1299 5307 1373 5375 quasi
1388 5307 1465 5362 aliter
1492 5323 1520 5361 se
1548 5308 1652 5366 iuvcuit
1675 5326 1758 5382 quam
1776 5320 1847 5383 pura·

1057 5396 1104 5451 vit.
1121 5395 1285 5451 Clamlicavit
1299 5396 1378 5449 etiam
1393 5395 1490 5461 Aulam,
1507 5396 1569 5466 quia
1595 5413 1658 5453 cum
1680 5401 1764 5472 coepit
1789 5402 1848 5455 iace

1058 5484 1130 5552 itere,
1159 5500 1244 5553 pravo
1271 5483 1378 5539 incessit
1404 5499 1510 5556 gressu,
1530 5486 1689 5544 vulneratus
1708 5490 1800 5546 aculeo
1813 5503 1849 5543 ve

1057 5572 1151 5629 uenosi
1166 5572 1306 5644 serpentis,
1322 5572 1399 5627 etsie
1414 5572 1484 5627 male
1510 5573 1651 5644 operando
1681 5577 1844 5635 claudicavit

1057 5662 1175 5718 Primum
1195 5677 1301 5732 quoquae
1316 5661 1387 5731 quod
1402 5660 1500 5733 legitur
1522 5660 1622 5720 secisse
1639 5666 1847 5736 peccatumdroa

1058 5758 1098 5810 est
1110 5751 1270 5810 claudicare.
1301 5750 1374 5807 Duos
1400 5749 1483 5823 pedes
1512 5748 1595 5809 debet
1607 5752 1712 5814 babere
1725 5756 1805 5813 bomo
1817 5750 1848 5811 di
