3780 6038
113 250 169 307 27³

829 255 1034 315 subitonus.

1716 265 1767 322 2'll

112 373 260 448 discipulis
275 376 333 432 suis
348 375 375 433 in
390 375 473 433 domo
487 378 606 436 Simonis
616 386 778 436 coenatnrus
802 396 914 435 recum·
928 385 955 443 Α
970 386 1031 449 hus,
1043 383 1190 439 Dominum
1199 385 1293 441 lesum
1304 384 1441 442 Christum
1452 388 1538 444 Deum
1547 404 1641 445 rernm
1651 389 1763 447 assidue

113 464 331 533 horenhusen
346 464 423 521 illum
437 466 536 523 mulier
552 469 678 535 accessit,
708 473 801 542 atque,
831 476 914 540 prout

113 552 387 623 beneconsueverst,
403 566 572 628 unguentum
587 558 693 623 detulit,
710 566 746 624 et,
763 558 836 630 quod
860 557 913 629 ipsi

112 642 235 715 apostoli
249 642 367 699 minime
381 647 631 716 praesumpsissent,
643 662 730 718 super
739 647 913 717 capntipsins

112 729 182 787 illud
196 746 261 788 eurr.
277 747 378 805 magna
393 734 540 791 devotione
554 734 658 791 effudit.
680 735 703 792 0
726 749 807 807 qnam
832 736 913 790 beata

111 819 225 889 mulier,
240 838 303 894 quae
317 821 427 877 humilis
453 825 592 895 peccatrix
618 833 699 880 autea
726 840 788 881 cum
816 824 913 880 timore

111 915 224 972 Domini
238 916 325 989 pedes
339 918 426 987 unxit,
441 920 618 990 potsmodum
633 936 687 978 non
711 922 801 977 minus
828 936 911 993 utram

110 1012 170 1086 ipse
185 1014 299 1082 Petms,
317 1013 401 1093 395
417 1017 459 1072 sui
474 1018 610 1074 Creatoris
633 1018 732 1075 ardeus
754 1019 910 1087 dilectione,

110 1120 195 1185 caput
211 1112 273 1181 ejus
286 1129 390 1185 ungere
404 1114 501 1170 meruit
517 1114 524 1170 l
541 1116 619 1171 lllum
649 1116 782 1189 siquidem
812 1118 911 1172 Petrus

109 1208 197 1274 negat
212 1217 296 1273 quem
312 1202 411 1260 mulier
425 1203 565 1274 praedicnt,
583 1206 689 1277 etquis
706 1207 779 1261 Deus
795 1214 836 1261 est
855 1205 913 1260 uni-

109 1304 259 1346 versorum
276 1291 393 1362 mystica
409 1292 539 1349 unctione
553 1293 694 1365 designat.
716 1295 779 1349 llaec
795 1302 845 1352 est.
868 1294 911 1348 iu-

109 1394 205 1451 quam,
222 1377 270 1434 ills
285 1378 357 1434 bona
371 1379 480 1448 lemine,
497 1398 557 1453 quae
572 1383 663 1452 prims
683 1398 744 1437 cum
769 1398 846 1455 purae
867 1382 911 1437 di-

967 473 1158 544 praedicanset
1171 473 1232 545 ejus
1247 475 1455 532 resurrectionis
1478 478 1626 535 testificans
1650 480 1760 534 verita-

968 570 1032 617 tem.
1049 562 1147 616 Mansit
1161 578 1246 634 usque
1260 563 1294 619 ad
1310 565 1409 620 exitum
1425 566 1497 632 ritae,
1513 566 1540 620 in
1564 568 1616 623 hac
1639 568 1763 624 veritatis

967 651 1117 706 assertione
1132 666 1326 721 perseverans.
1346 654 1410 711 llurc
1425 663 1521 711 sancto
1549 656 1647 712 mulier
1673 658 1764 713 corri-

966 751 1064 820 gendis
1080 746 1163 823 397
1181 748 1335 805 bominibus
1358 751 1473 821 praebuit
1487 753 1665 809 correctionis
1678 753 1765 811 doen·

966 848 1095 911 mentum,
1125 853 1151 901 et
1178 847 1311 903 correctis
1339 847 1446 905 virtutis
1474 850 1644 922 exemplum.
1677 853 1764 922 Hujus

966 931 1054 988 orutio
1069 941 1111 988 est
1124 933 1261 990 medicina
1276 937 1390 1006 peccati,
1402 938 1461 1007 ejus
1477 938 1572 1012 lingua
1586 939 1630 1010 pia
1654 939 1766 996 ostiaria

966 1020 1037 1075 iacta
1051 1021 1122 1076 cmii.
1137 1021 1220 1079 Omni
1234 1023 1358 1094 perfecte
1372 1027 1512 1096 paenitenti
1532 1029 1641 1096 januum
1661 1029 1761 1099 sperit,

966 1109 1054 1164 nullus
1068 1111 1103 1165 ab
1118 1126 1149 1166 ca
1167 1121 1297 1183 peccator
1312 1115 1476 1182 excluditur,
1493 1116 1545 1170 nisi
1560 1117 1604 1188 qui
1633 1116 1763 1188 impoeni·

966 1204 1026 1253 teus
1041 1198 1141 1255 intrare
1156 1200 1285 1257 noluerit.
1303 1202 1371 1259 lluic
1386 1204 1470 1275 igitur
1489 1204 1620 1277 gloriosre
1644 1204 1760 1273 feminae,

967 1285 1063 1342 iratres
1079 1289 1143 1355 mei,
1160 1290 1265 1346 animas
1280 1300 1306 1346 et
1327 1307 1442 1363 corpora
1471 1302 1564 1349 nostra
1592 1302 1647 1349 tota
1671 1295 1763 1350 inteu-

966 1374 1039 1431 tione
1053 1392 1087 1433 ac
1097 1378 1196 1434 virtute
1207 1381 1443 1445 commendemus,
1456 1390 1589 1454 quatenus
1599 1383 1658 1452 ejus
1666 1382 1764 1439 suifra-

109 1466 237 1524 lectionis
252 1467 342 1524 studio
357 1468 392 1525 ad
419 1480 627 1526 monumentum
656 1470 754 1536 ventu
784 1474 843 1528 hap
871 1480 913 1527 ese
966 1463 1019 1535 giis
1046 1473 1074 1521 et
1100 1466 1341 1524 intercessionibus
1368 1468 1439 1525 intra
1464 1470 1540 1526 illam
1583 1471 1762 1527 beatitudiuis

109 1564 158 1621 ills
171 1565 317 1635 veraciter,
334 1584 396 1639 quae
409 1567 448 1622 ibi
463 1568 559 1625 beatas
576 1568 714 1640 lacrymas
728 1568 815 1624 derit.
843 1567 913 1624 lluic
962 1552 1073 1620 immam
1089 1555 1171 1626 miili
1187 1557 1342 1626 valeamus,
1357 1566 1384 1614 ⁰²
1398 1558 1434 1614 ἃᾶ
1448 1559 1548 1631 ill-‘tumr
1565 1560 1598 1615 id
1613 1576 1694 1631 (luem
1706 1561 1762 1628 lm

109 1654 400 1729 Christussurgensa
416 1658 532 1713 mortuis
557 1658 675 1730 primum
705 1658 854 1729 apparuit;
886 1666 913 1713 et
966 1641 1304 1715 i1³⁸¹*felissilelllssiliflil·
1322 1655 1348 1702 θῑ
1377 1664 1428 1705 ¹¹⁰⁸
1455 1648 1612 1719 pervenire,
1644 1665 1764 1721 eum(lue

109 1742 263 1800 baccillum
279 1744 428 1801 surrexisse
443 1746 574 1817 apostolis
590 1730 1063 1819 primanuntiuvn.ttaeeBt'itltte
1093 1739 1119 1787 ⁰²
1147 1733 1251 1789 hibere
1279 1750 1432 1791 metiamur
1465 1736 1611 1792 D⁰ss¹iss¹¹¹¹¹
1640 1745 1764 1793 miiitum

111 1832 360 1904 “ppefflpopjpus
384 1834 470 1890 form,
497 1836 674 1907 poenpenpae,
704 1852 768 1903 spe,
797 1835 910 1901 „nim
965 1819 1058 1874 lesum
1074 1820 1220 1889 Christum,
1235 1823 1356 1896 quicum
1380 1826 1458 1881 Patre
1483 1834 1510 1881 et
1538 1825 1640 1896 Spiritu
1669 1834 1764 1883 sancto

111 1937 173 1993 quae
201 1930 377 1994 peccatorem
404 1923 486 1979 etiarn
516 1924 607 1980 multis
634 1924 797 1982 criminibus
833 1940 911 1981 reum

110 2011 265 2083 desperare
280 2026 335 2066 non
350 2012 458 2084 patitur,
475 2013 619 2069 sitantum
642 2014 827 2069 admissorum
852 2030 911 2086 poe·

109 2112 250 2179 niteat,et
277 2111 359 2167 corde
385 2111 421 2167 sd
450 2111 595 2167 Dominum
625 2120 811 2169 convertatur.
847 2112 912 2169 llaec

108 2208 244 2273 preterea
259 2214 313 2255 non
329 2200 438 2273 ignorat
463 2200 609 2256 humanam
636 2200 819 2269 fragilitatem,
844 2217 909 2272 pro-

110 2304 165 2362 que
184 2287 310 2345 divinam
339 2288 468 2360 pietatem
496 2289 668 2346 incessanter
694 2297 802 2346 exorat.
835 2291 911 2347 llanc

108 2376 280 2450 specialiter,
287 2384 348 2448 post
356 2379 503 2434 Dominum
514 2387 541 2434 et
558 2380 618 2448 ejns
632 2379 833 2436 sanctissimam
849 2395 910 2434 ms-

108 2476 192 2538 trem,
208 2466 365 2522 mirabilem
381 2475 409 2523 et
431 2468 671 2541 incomparabilem
693 2469 843 2541 Virginem,
868 2468 910 2523 la-

109 2556 216 2627 crymis
237 2555 328 2626 potius
346 2555 523 2627 imploremus
551 2574 631 2629 quam
660 2557 764 2623 verbis,
781 2566 810 2611 nt
839 2574 928 2628 qum·

115 2651 418 2722 Dominopropitiante,
434 2668 546 2708 suornm
563 2652 672 2709 veniam
688 2652 816 2722 lacrymis
837 2652 910 2708 obti-

109 2739 356 2805 nuitdiiectorum,
375 2750 469 2797 sancta
487 2742 684 2797 intercessione
714 2758 793 2795 suum
822 2741 912 2812 propi·

109 2829 237 2885 tiatorem
257 2829 337 2884 nobis
360 2830 554 2901 peccatoribus
578 2829 723 2902 propitium
745 2830 849 2898 reddat,
872 2838 908 2896 et,

107 2934 286 3001 peccatorum
301 2926 461 2985 remissione
476 2937 614 3001 percepta,
639 2945 691 2984 nos
711 2927 781 2982 intra
798 2928 911 2996 jnnuam

108 3016 226 3089 recipiet
236 3015 369 3088 paradisi,
380 3016 506 3090 illiusque
519 3017 611 3073 divino
622 3016 782 3089 conspectui
799 3025 910 3073 sanctos

965 1907 1031 1962 vivit
1045 1916 1071 1963 et
1082 1918 1177 1983 regunt
1191 1912 1264 1968 Deus
1279 1929 1330 1985 per
1345 1914 1437 1971 omnia
1465 1913 1565 1971 saecula
1588 1915 1760 1972 surculorum.

965 2000 1065 2053 llmeu.

1277 2221 1395 2279 SElillO
1415 2224 1451 2279 X.

1117 2408 1152 2447 ns
1172 2408 1299 2449 neruosa
1318 2409 1441 2449 sinvxro
1460 2409 1489 2449 ts
1511 2410 1609 2451 onnon.

1001 2565 1032 2618 ln
1048 2562 1176 2635 passione
1191 2562 1280 2618 nostri
1295 2561 1446 2619 Salvatoris
1472 2564 1543 2621 latro
1571 2563 1627 2631 ille,
1657 2564 1705 2637 qui
1732 2566 1763 2623 in

966 2653 1087 2708 sinistris
1102 2652 1207 2723 positus
1232 2650 1328 2718 iuerat,
1356 2659 1384 2707 et
1410 2652 1572 2709 adulabatur
1597 2655 1708 2725 ludaeis,
1737 2663 1764 2712 et

966 2740 1170 2796 conviciabatur
1184 2738 1304 2803 Christo,
1328 2739 1428 2795 malam
1453 2740 1534 2797 vitam
1557 2743 1643 2813 pejori
1671 2752 1760 2799 morte

966 2828 1061 2897 iinirit,
1079 2837 1106 2884 et
1120 2828 1222 2899 recepit
1237 2828 1307 2883 sicut
1323 2837 1476 2884 meruerat.
1496 2831 1602 2887 litideo
1614 2831 1663 2886 diu
1687 2831 1762 2903 loqui

965 2918 998 2973 de
1014 2934 1047 2973 eo
1061 2916 1148 2972 liranis
1163 2917 1241 2973 labor
1251 2924 1301 2984 est,
1326 2925 1353 2972 et
1368 2932 1445 2972 mora
1470 2917 1583 2975 inutilis.
1616 2919 1762 2992 Loquimur

964 3006 1046 3077 igitur
1059 3006 1093 3061 de
1108 3004 1174 3071 ulio,
1189 3006 1223 3060 de
1238 3020 1292 3077 quo
1309 3004 1383 3077 loqui
1397 3010 1425 3062 et
1440 3008 1552 3063 materia
1564 3006 1652 3063 fidelis
1668 3018 1719 3074 est,
1733 3016 1761 3064 et

108 3114 135 3162 et
148 3104 342 3162 immaculatos
356 3105 493 3163 exhibeat.
509 3106 574 3163 llaec
594 3107 757 3178 specialiter,
783 3114 811 3160 ut
835 3106 909 3161 dixi·
924 3098 949 3162 C
964 3110 1048 3151 cansa
1063 3093 1191 3150 salubris·
1207 3093 1257 3150 ¹11⁰
1280 3110 1349 3150 V0f⁰
1377 3094 1404 3149 5¹¹
1433 3096 1537 3151 d⁰¹ifi⁵
1561 3096 1676 3167 P⁰⁵il¹¹⁸2
1705 3112 1760 3153 ¹¹⁰ss

107 3210 184 3263 snus,
198 3212 214 3250 a
229 3194 309 3251 nobis
323 3204 365 3251 est
378 3195 529 3252 invocanda
545 3215 552 3262 3
569 3197 638 3263 huc,
656 3203 684 3250 ut
699 3194 778 3250 nobis
790 3195 908 3264 patroci-

108 3292 200 3350 netur,
218 3282 358 3340 humiliter
385 3292 411 3338 et
438 3283 597 3356 frequenter
625 3281 811 3356 deprecanda.
839 3284 908 3338 Nam

107 3382 173 3455 qnid
189 3381 225 3437 sit
243 3380 334 3456 magis
362 3382 549 3439 necessarium
579 3383 770 3454 peccatoribus
797 3385 908 3457 experi-

106 3478 200 3527 mento
213 3469 320 3527 didicit.
346 3472 483 3544 quomedo
517 3486 613 3543 perse
635 3473 689 3527 ruit
709 3474 828 3531 hnmana
852 3474 907 3529 lra-

106 3567 209 3641 gilitas,
227 3567 366 3640 quomodo
382 3567 466 3644 396
483 3585 516 3625 ex
532 3569 624 3626 divino
651 3571 750 3629 auxilio
779 3573 907 3645 resurgit,

105 3664 241 3739 quidquid
263 3673 305 3721 est
334 3664 418 3733 intus,
448 3674 474 3722 ct
503 3668 634 3741 quidquid
663 3679 740 3726 extra
770 3672 908 3744 cognorit.

104 3752 271 3812 llaecdivini
287 3752 375 3812 adhuc
403 3755 499 3828 ignara
528 3757 659 3829 mysterii,
690 3759 768 3830 prius
796 3760 908 3833 quidem

104 3842 250 3917 peccando
263 3853 419 3913 cormerat,
436 3845 488 3902 sed
502 3846 538 3902 de
552 3863 601 3903 sno
616 3862 681 3903 casu
698 3864 728 3905 se
743 3850 832 3906 erexit
849 3848 909 3905 ler-

105 3932 205 3990 tiorem
221 3947 303 4005 quam
318 3932 342 3987 si
356 3934 497 4005 peccando
520 3934 631 3992 minime
650 3937 807 3994 cecidisset.
842 3936 911 4008 Qus

105 4033 179 4091 euim
195 4032 307 4090 vincula
321 4042 496 4105 peccatorum
512 4050 567 4092 non
583 4037 720 4094 relaxaret
744 4037 805 4095 lusa
826 4054 911 4109 super

105 4123 194 4195 pedes
207 4121 361 4179 Salvatoris
374 4131 532 4180 sanctarum
542 4124 682 4184 inundatio
696 4127 881 4200 lacrymarum
895 4127 910 4181 i

105 4212 192 4283 Cujus
208 4210 323 4284 plagam
338 4210 462 4268 criminis
476 4228 532 4269 uon
546 4223 658 4271 sanaret
671 4215 716 4271 ills
744 4231 806 4273 cum
835 4222 911 4271 tanta

109 4299 261 4358 devotione
274 4298 413 4357 celebrata
428 4301 525 4373 capitis
539 4302 630 4359 unctio
644 4303 835 4376 Redemptoris
849 4304 864 4358 ‘i
886 4303 909 4361 0

106 4414 191 4471 mam
207 4412 292 4470 pura,
308 4413 389 4470 quam
404 4399 520 4471 provida
534 4401 636 4457 exstitit
656 4402 736 4472 huius
753 4402 911 4475 paenitentis

106 4486 236 4555 intentio,
246 4486 290 4543 eui
300 4486 364 4543 licet
376 4487 437 4559 pius
447 4488 580 4545 Dominus
597 4491 729 4564 quidquid
743 4492 908 4565 deliquerat,

105 4584 273 4653 dimisisset,
288 4585 368 4657 qnasi
391 4586 505 4653 odisset,
534 4589 671 4659 pmpn'am
695 4590 826 4662 deinceps
842 4606 908 4663 per-

106 4683 200 4733 secuta
215 4683 260 4731 est
273 4689 395 4741 carnem,
411 4676 548 4731 continuis
559 4678 697 4751 castigans
711 4695 770 4735 eam
783 4680 907 4750 jeiuniis,

106 4774 227 4847 etlonga
242 4772 398 4829 orationum
413 4780 440 4829 et
454 4773 607 4845 vigiliarum
629 4776 786 4834 assiduitate
806 4777 907 4850 latiga-

106 4870 160 4917 tam
176 4860 237 4935 legi
252 4860 353 4917 mentis
379 4877 412 4918 ac
440 4862 554 4918 rationis
579 4865 725 4937 diligenter
747 4866 906 4938 subjiciens.

106 4950 166 5008 lton
181 4949 248 5023 quia
262 4959 432 5008 sanctacaro
449 4951 555 5022 spiritui
585 4963 758 5025 repugnaret,
790 4955 839 5011 sed
868 4956 908 5013 sic

107 5048 221 5121 agebat,
237 5053 267 5100 ut
281 5046 315 5102 dc
330 5061 380 5101 sna
394 5061 478 5103 carne
493 5063 547 5102 non
562 5050 748 5121 quotidianam
761 5051 832 5119 dico,
858 5051 906 5106 sed

106 5134 250 5191 assiduam
266 5135 383 5190 hostiam
398 5135 488 5191 laudis
509 5151 559 5192 suo
584 5138 756 5209 propitiatori
777 5138 902 5196 offerret.

107 5222 230 5298 nquam
244 5224 413 5280 venerabilis
443 5224 573 5297 discipula
601 5227 733 5293 veritatis,
761 5245 821 5300 quar
846 5236 909 5298 post

107 5322 301 5386 pereeptsms
332 5312 453 5370 Domino
480 5314 546 5371 iesu
569 5314 678 5371 Christo
706 5316 907 5373 absolutionem

107 5410 230 5467 omnium
246 5417 437 5482 peccatorum,
449 5418 512 5483 post
538 5411 601 5483 ejus
619 5414 849 5470 resurrectionem
880 5421 907 5471 et

107 5498 299 5557 ueeusiouern
312 5498 341 5553 iu
354 5497 452 5569 caelos,
461 5506 490 5555 et
506 5498 598 5556 Sancti
614 5500 731 5574 spiritus
749 5500 905 5569 adveutum,

108 5596 252 5655 neumas
265 5593 574 5666 iuvidismiudaeornm,
603 5606 630 5655 et
659 5599 757 5671 patriar
783 5599 907 5656 ultimum

109 5686 171 5743 rsls
184 5682 296 5751 dissum
309 5698 361 5757 pro
373 5685 416 5742 sui
429 5685 587 5744 conditoris
597 5702 693 5745 amore
706 5688 833 5762 suscepit
842 5704 909 5763 gau·

57 5844 60 5861 Ι
109 5775 180 5834 teau
192 5770 323 5833 milium
338 5770 347 5831 i
361 5772 411 5831 list
425 5774 517 5850 itaque
529 5774 566 5834 de
578 5776 699 5853 propriis
714 5792 829 5850 egressa
843 5776 909 5835 flui-

964 3182 1026 3255 quia
1040 3181 1193 3238 crediderat
1219 3182 1338 3249 Christo,
1368 3183 1529 3255 patiebatur,
1555 3184 1604 3241 sed
1632 3184 1759 3252 credidit,

963 3272 1026 3327 dum
1067 3280 1213 3342 pateretur,
1257 3271 1393 3327 Christum
1428 3273 1567 3329 hominem
1600 3273 1760 3331 crucifixum

962 3360 1048 3417 claris
1063 3361 1089 3415 in
1105 3375 1197 3424 cruce,
1214 3368 1269 3416 toto
1285 3376 1401 3433 corpore
1418 3369 1524 3418 tensum
1553 3362 1623 3418 vidit
1646 3371 1761 3434 nspectn

963 3475 1107 3530 corporeo,
1124 3467 1150 3513 et
1171 3458 1198 3513 iu
1221 3458 1281 3529 ipso
1296 3458 1438 3529 spinarum
1456 3459 1577 3528 vulnera,
1596 3459 1680 3537 398
1695 3474 1761 3515 san·

963 3558 1074 3629 guinem
1088 3559 1122 3613 de
1132 3557 1265 3613 membris
1280 3556 1441 3623 radiantem,
1457 3564 1484 3612 et
1499 3557 1556 3614 sola
1579 3558 1661 3631 signa
1685 3558 1760 3615 ailli-

963 3646 1059 3704 ctionis
1074 3653 1100 3702 et
1114 3645 1225 3709 mortis,
1243 3644 1313 3701 sicut
1339 3645 1367 3699 in
1393 3645 1504 3701 bomine
1526 3662 1589 3701 mox
1613 3647 1757 3704 morituro.

964 3736 1102 3806 Concepta
1116 3742 1206 3791 autem
1222 3741 1250 3789 et
1263 3741 1328 3789 nats
1341 3733 1369 3788 in
1386 3750 1419 3791 eo
1433 3732 1497 3799 tide,
1513 3740 1645 3806 operante
1659 3736 1761 3807 Spiritu

963 3832 1067 3889 sancto,
1084 3823 1217 3895 angelicis
1235 3821 1324 3879 oculis
1349 3823 1530 3880 immortalem
1546 3824 1704 3881 etdirinam
1731 3826 1761 3880 iu

963 3913 1071 3969 Christo
1088 3911 1291 3983 contemplatur
1317 3911 1498 3980 maiestatem,
1522 3912 1677 3979 admiratur,
1707 3918 1760 3969 sd-

963 4009 1033 4071 orat,
1050 4000 1144 4056 iaudat
1158 4007 1185 4055 et
1200 3998 1355 4055 confitetur.
1371 4000 1412 4055 De
1426 4014 1509 4056 cruce
1519 4015 1570 4071 pro
1580 3999 1634 4057 lide
1644 4010 1757 4075 pugnat,

964 4090 1067 4147 socium
1083 4090 1206 4159 increpat
1222 4087 1469 4159 blasphemantem,
1497 4095 1526 4143 et
1541 4088 1568 4143 in
1590 4104 1623 4144 co
1645 4089 1759 4146 Judaeo·

964 4195 1035 4247 rum,
1056 4177 1102 4250 qni
1117 4176 1241 4239 aderant,
1252 4174 1438 4232 infidelitatem
1453 4176 1554 4249 arguit,
1570 4192 1620 4233 nec
1648 4177 1759 4235 blandi-

963 4275 1006 4323 tur
1017 4266 1067 4336 eis,
1080 4280 1129 4322 nee
1145 4280 1193 4321 eos
1209 4271 1327 4322 veretur.
1342 4264 1473 4320 ilirabilis
1493 4265 1585 4321 divina
1612 4266 1760 4336 potentini

964 4357 1036 4413 Crux
1048 4370 1109 4428 quse
1123 4362 1186 4409 ante
1200 4352 1236 4408 sd
1252 4350 1416 4426 supplicium
1439 4354 1597 4427 gerebatur,
1617 4354 1677 4424 jam
1698 4355 1758 4412 sui-

926 4457 953 4518 Ι)
968 4445 1092 4519 fragatur
1106 4442 1138 4499 ad
1154 4441 1308 4515 prtemium,
1321 4450 1349 4499 et
1362 4458 1427 4499 reus
1440 4443 1486 4517 qui
1514 4459 1563 4516 pro
1582 4458 1632 4499 suo
1654 4444 1760 4503 scelere

963 4533 1144 4591 damnabatur
1158 4531 1185 4587 iu
1200 4546 1292 4597 cruce,
1309 4532 1343 4588 de
1354 4539 1433 4588 reatu
1447 4547 1498 4589 suo
1519 4532 1680 4600 antidotum,
1703 4550 1759 4607 quo

963 4634 1082 4691 sanatur,
1094 4620 1212 4688 conficit,
1228 4620 1303 4680 etde
1318 4637 1398 4678 cruee
1426 4630 1553 4694 opemtur
1579 4622 1755 4695 mysterium.

962 4714 1064 4769 lieutus
1081 4712 1107 4766 in
1122 4710 1318 4783 paenitentiam,
1336 4710 1563 4767 mortisinteritus
1577 4710 1605 4764 in
1626 4714 1758 4767 aeternam

962 4801 1045 4858 vitam
1059 4808 1251 4856 commutatur.
1268 4801 1323 4855 leta
1347 4799 1456 4871 quidem
1485 4798 1547 4853 ielix
1572 4799 1754 4865 commutatio,

961 4906 1012 4946 nec
1028 4896 1070 4945 est
1083 4889 1197 4945 inferior
1211 4887 1259 4944 illa
1273 4905 1335 4960 qum
1357 4887 1489 4959 sequitur.
1515 4887 1595 4942 Latro
1614 4884 1757 4943 consessor

962 4995 994 5034 ex
1009 4978 1113 5033 latmne
1137 4976 1261 5043 efficitur,
1290 4983 1318 5031 et
1343 4984 1444 5046 martyr
1471 4991 1504 5030 ex
1524 4973 1708 5041 confessore;
1730 4984 1758 5033 st

960 5074 1096 5123 tormenta
1124 5082 1186 5138 qum
1205 5064 1280 5136 prius
1304 5064 1333 5118 in
1360 5064 1463 5119 latrone
1492 5070 1641 5135 cuperant,
1685 5079 1756 5121 nova

961 5156 1190 5228 gratiacoronam
1217 5161 1244 5207 ct
1272 5152 1414 5223 prmmium
1440 5152 1569 5224 martyris
1598 5152 1755 5212 sortiuntur.

961 5244 1031 5299 llnic
1043 5246 1120 5299 heato
1131 5250 1157 5298 et
1167 5240 1293 5297 mirando
1314 5240 1373 5296 riro
1400 5241 1504 5297 nullum
1532 5241 1648 5298 snlutare
1671 5242 1756 5298 deluit

962 5338 1174 5387 sacramentum.
1199 5330 1269 5383 Nam
1283 5330 1355 5401 quod
1371 5346 1420 5401 per
1432 5331 1549 5387 vicarios
1560 5331 1681 5386 Christus
1710 5332 1754 5388 vi·

961 5419 1145 5492 sibiliteragit
1170 5419 1198 5473 iu
1221 5417 1280 5472 aliis
1308 5417 1477 5489 Christianis,
1507 5420 1559 5475 hoc
1583 5419 1755 5477 invisibiliter

961 5509 1019 5582 egit
1032 5507 1060 5563 in
1073 5507 1122 5565 illo
1135 5523 1184 5579 per
1203 5507 1392 5579 semetipsum.
1420 5509 1474 5564 Per
1499 5508 1636 5563 Christum
1660 5509 1755 5581 itaque

960 5596 1127 5668 baptismum
1141 5598 1168 5652 in
1183 5611 1264 5652 cruce
1277 5597 1409 5670 percepit,
1426 5606 1454 5654 et
1468 5604 1569 5654 catera
1583 5596 1646 5654 lidei
1662 5612 1757 5653 sacra·

961 5694 1064 5743 menta.
1085 5688 1144 5744 h'isi
1172 5685 1244 5742 enirn
1270 5702 1287 5743 a
1309 5686 1415 5743 Christo
1438 5685 1591 5757 baptizatus
1617 5692 1701 5751 esset,
1728 5688 1759 5740 at

962 5775 1049 5835 iaetus
1071 5777 1184 5838 omniuo
1210 5774 1351 5852 perlectus
1376 5774 1565 5842 Christianus,
1589 5775 1623 5832 st
1645 5770 1779 5829 nuestus
