3780 6038
183 202 254 258 ¹237
751 198 922 255 walanam
940 200 1087 261 AUBATlS
1105 204 1134 260 S.
1154 202 1264 261 blasti
1791 210 1842 266 titt

182 324 256 400 qnod
270 322 305 380 ad
320 319 458 377 hominem
471 329 645 393 peccatorem
666 322 836 378 divertisset.
857 348 868 371 ι
894 323 979 379 Uani-
992 331 1020 389 Α
1034 334 1077 383 est
1090 330 1308 387 consideratione
1328 330 1471 401 virtutum,
1503 333 1598 404 qnasi
1627 334 1763 405 quaedam
1786 343 1844 391 stm-

182 424 281 480 lestum
297 429 339 477 est
351 420 461 475 ludaeos
476 436 586 491 semper
599 419 722 493 gentium
742 419 834 475 odisse
858 419 902 476 rel
924 436 980 477 non
1035 427 1113 474 clara
1126 419 1250 490 lapidum
1263 419 1441 490 spiritualium
1455 420 1618 490 edificata,
1636 424 1689 479 ubi
1705 422 1777 479 fides
1795 424 1845 479 lun·

181 511 352 567 intellexisse
366 508 495 565 salntem.
514 509 592 565 Unde
607 509 690 563 ctiam
705 507 802 563 fideles
818 508 917 562 lratres
940 509 981 564 di·
1032 506 1193 563 (lamentum
1210 508 1286 564 lacit.
1306 508 1375 579 Spes
1390 509 1523 566 fabricam
1536 512 1646 584 exigit,
1656 513 1846 569 charitaacon-

182 606 280 656 xerunt
292 598 424 655 adversus
439 596 603 668 populorum
620 597 792 668 principem:
811 619 822 644 a
840 596 931 665 Quare
940 596 981 651 in·
1034 597 1243 652 summationem
1259 597 1385 668 imponit.
1404 599 1460 654 Sed
1475 608 1504 655 et
1519 600 1587 671 ipsa
1600 601 1741 658 Ecclesia
1748 617 1784 657 ex
1795 604 1846 657 rnul

182 687 273 744 troisti
287 686 322 743 ad
337 685 412 742 viros
426 685 586 758 praeputium
602 685 743 755 habentes,
760 694 786 742 et
809 684 981 742 manducasti
1033 692 1145 749 titudine
1164 692 1284 749 lidelium
1303 694 1330 749 in
1349 710 1433 750 unam
1460 706 1654 770 congregata
1685 708 1731 753 est
1764 698 1845 755 domus

182 774 520 841 cumillisi(1lct.xrl.·
1033 781 1084 836 Dei
1103 798 1136 837 ex
1155 783 1228 837 viris
1255 782 1393 854 lapidibus
1425 793 1608 851 conatructa,
1648 787 1701 841 ubi
1736 788 1845 844 Christus

222 889 332 946 “sm
347 896 440 944 mem
454 888 584 944 thaeus
611 887 683 944 dixit
705 888 740 944 ,d
763 889 881 943 jesum:
909 888 980 943 130oe
1033 868 1237 928 laudamentum
1258 872 1391 944 angulare
1409 873 1519 943 positus
1540 883 1603 941 cst,
1636 876 1714 932 duos
1743 877 1844 949 parietes

182 978 327 1035 dimidium
342 978 475 1033 bonorum
490 993 625 1044 meorum,
642 977 767 1043 Domine,
796 977 831 1031 do
850 975 980 1047 pauperi·
1033 968 1227 1025 Judaeorumei
1245 970 1368 1043 {lembum
1387 971 1416 1027 5¹¹
1432 988 1485 1027 ¹¹⁰⁸
1506 972 1566 1029 fide
1583 974 1787 1049 ⁰⁰⁰j⁰¹¹l30¹¹³·
1803 978 1844 1031 ¹¹²·

183 1068 257 1131 bu⁸³
276 1075 302 1122 e,
317 1067 340 1123 ,i
355 1066 420 1138 quid
435 1066 554 1137 aliquem
568 1065 738 1133 dep-nudavi,
754 1065 840 1121 ,eddo
855 1065 979 1135 quadra.
1030 1056 1078 1125 jua
1092 1056 1184 1128 itaque
1199 1060 1363 1115 sacramenti
1378 1061 1451 1132 qnod
1467 1061 1495 1115 in
1512 1062 1711 1120 dedicatione
1735 1066 1842 1121 ecclesia

182 1156 267 1229 plum·
287 1180 298 1205 ῃ
315 1157 444 1211 Zachaeus
459 1163 546 1224 ms,
559 1156 611 1210 hoc
626 1163 666 1210 es,
678 1155 704 1208 i„
721 1153 774 1209 fide
797 1169 879 1226 quam
902 1168 981 1225 0290.
1034 1144 1181 1201 exhibetur
1192 1147 1305 1202 lormarn
1320 1147 1437 1219 primum
1453 1151 1685 1221 proposuimus,
1709 1162 1740 1207 nt
1761 1154 1843 1209 deinde

182 1262 223 1309 m
237 1252 398 1324 persistens,
414 1251 532 1306 ostendi,
548 1266 577 1306 ὅθ
597 1250 708 1305 omnino
730 1266 792 1305 ωε
815 1264 979 1305 conversum
1033 1239 1176 1311 mysticam
1190 1241 1399 1314 intelligentiam
1415 1244 1481 1300 lldei
1498 1261 1570 1315 qrrae
1586 1246 1620 1301 in
1650 1248 1704 1303 illo
1730 1248 1845 1305 lormatur

183 1342 217 1398 ad
231 1341 391 1397 Dominum.
402 1339 466 1394 ldeo
481 1340 503 1392 si
519 1355 600 1409 quem
617 1338 720 1408 aliquid
736 1337 979 1393 delrnudaritred-
1033 1329 1220 1398 exquiramus.
1242 1331 1341 1385 velum
1356 1333 1391 1387 <¹⁰
1406 1333 1449 1387 ΜΒ
1464 1350 1530 1406 (lum
1555 1335 1753 1393 issiissibffilef
1773 1338 1797 1393 5¹¹
1820 1354 1843 1393 θ’

181 1431 222 1487 dit
237 1428 431 1502 quadruplum,
449 1426 513 1497 quia
529 1427 556 1481 in
576 1426 696 1497 aritiqnis
720 1426 850 1481 Ecclesiae
874 1424 980 1480 statutis

181 1518 325 1574 decretum
340 1523 422 1571 estut
437 1515 483 1586 qui
498 1514 589 1569 aliena
612 1514 726 1580 invadit,
753 1529 805 1570 nan
830 1522 907 1569 excat
926 1513 980 1568 im·

180 1607 299 1679 punitus,
317 1604 365 1661 sed
395 1617 455 1658 curn
478 1602 700 1672 multiplicatione
723 1603 815 1658 omnia
838 1602 973 1657 restituat.

181 1697 213 1751 ln
228 1694 335 1767 legibus
350 1708 460 1764 quoque
475 1691 567 1746 sacculi
594 1700 701 1746 cautum
726 1693 850 1755 habetur,
875 1700 903 1745 nt

182 1799 241 1840 rem
256 1781 370 1854 subripit
380 1782 508 1847 alienam,
529 1780 556 1834 in
567 1779 749 1850 quadruplum
762 1780 787 1836 ei
796 1781 920 1835 restituat
934 1780 977 1836 cui

183 1879 329 1952 subripuit.
347 1878 397 1935 Ubi
414 1885 503 1933 autern
516 1878 647 1934 Zachaeus
656 1876 797 1932 dimidium
820 1892 931 1932 snorum
947 1892 977 1932 sc

180 1969 347 2043 pauperibus
362 1971 543 2039 erogaturum
560 1964 637 2021 lacile
652 1965 776 2036 spondet,
794 1975 822 2020 ut
837 1966 916 2021 etiam
932 1975 975 2021 to-

179 2068 238 2116 turn
253 2058 320 2114 dare
335 2072 390 2112 non
406 2064 513 2111 recuset
528 2055 656 2110 insinuat.

219 2162 430 2219 ..lillesusad
460 2178 543 2218 eum:
575 2160 641 2230 Quia
671 2161 752 2217 hodie
780 2160 855 2216 salus
883 2160 976 2216 domui

179 2254 243 2310 huic
258 2253 398 2313 lactescat,
414 2266 447 2305 eo
463 2249 535 2319 quod
551 2257 577 2303 et
593 2251 650 2319 ipse
664 2248 735 2303 lilius
759 2249 794 2303 sit
816 2249 942 2304 Abrahae.
962 2272 973 2296 υ

178 2342 265 2398 Filius
281 2339 405 2394 Abrahae
419 2336 530 2400 dicitur,
540 2337 637 2392 nonde
652 2336 713 2407 ejus
724 2336 808 2407 stirpe
817 2344 974 2407 generatus,

177 2430 227 2485 sed
243 2432 306 2497 eiua
321 2425 402 2481 sidem
417 2425 550 2480 imitatus.
570 2423 792 2495 Salnsquasolim
805 2423 856 2479 luit
867 2424 976 2480 dudeco·

177 2534 240 2574 rum
251 2514 333 2572 hodie
348 2513 436 2569 illuxit
450 2512 553 2584 populo
568 2512 706 2567 nationum
722 2512 844 2569 credenti
864 2513 891 2567 in
915 2514 975 2569 llo·

177 2616 296 2671 minum.
316 2612 392 2669 Unde
407 2611 579 2682 Apostolus:
612 2610 639 2665 Si
668 2618 760 2666 autem
788 2627 837 2667 ros
862 2611 973 2681 Christi,

177 2719 249 2776 ergo
264 2717 358 2758 semen
374 2701 495 2756 Abrabae
508 2699 576 2755 estis
591 2700 605 2754 ‘l
620 2700 694 2763 (Gal.
706 2700 759 2770 m.)
778 2724 789 2748 ιι
807 2700 885 2756 l'enit
899 2700 974 2756 enim

178 2793 261 2849 Filius
275 2789 394 2847 hominis
408 2804 532 2861 quaerere
547 2796 572 2843 et
587 2787 692 2843 salvum
712 2788 801 2845 lacere
825 2789 898 2861 qnod
922 2804 975 2859 pe-

176 2883 269 2937 rierat.
288 2902 300 2927 1·
318 2877 395 2935 Unde
409 2876 473 2931 alibi
489 2896 495 2931 2
515 2876 601 2932 «Non
614 2877 677 2931 reni
691 2892 791 2934 uocare
802 2877 901 2947 justos,
923 2878 972 2933 sed

175 2976 337 3042 peccatores
351 2966 379 3022 in
394 2964 554 3037 paenitentia
567 2964 678 3035 (tdnttlr.
695 2968 745 3033 rx).
763 2989 771 3015 r

249 3120 366 3180 salino
385 3120 421 3175 bt
441 3117 686 3175 DEDlCthONE
704 3117 892 3175 ECCLESlAE.

216 3248 257 3304 Da
276 3252 452 3303 sacramento
464 3242 647 3299 dedicationis
662 3242 795 3307 ecclesiae,
811 3242 839 3297 in
854 3258 909 3314 qna
921 3257 975 3300 cae·

178 3345 235 3394 tera
250 3336 341 3393 omnia
356 3341 527 3390 sacramenta
543 3331 729 3395 celebrantur,
745 3332 911 3404 loquendum
927 3346 975 3387 no·

176 3426 220 3481 bis
231 3426 337 3481 uidetur
348 3425 407 3478 hac
417 3421 619 3495 ignorantibus.
635 3422 812 3477 Sacramenta
821 3428 911 3493 abque
921 3421 975 3476 alia

179 3521 286 3570 constat
300 3528 362 3568 esse
379 3509 486 3578 salutis,
502 3509 556 3565 alia
570 3509 819 3577 administrationis,
836 3510 889 3565 alia
899 3525 976 3565 exer·

179 3600 316 3658 citationis
334 3614 340 3654 :
357 3599 444 3653 Prima
458 3598 493 3654 ad
509 3598 672 3662 remedium,
696 3599 817 3654 secunda
844 3598 879 3653 ad
911 3598 975 3655 oill-

177 3699 260 3765 ciurn,
275 3696 356 3753 tertia
370 3696 406 3751 ed
418 3695 588 3751 exercitium.
606 3696 640 3749 Et
655 3693 701 3750 illa
715 3695 824 3768 quidem
838 3711 898 3766 quae
921 3696 973 3752 ad-

178 3784 386 3844 ministrationis
414 3784 472 3840 sire
504 3782 712 3855 praeparationis
740 3792 806 3839 sunt
833 3784 975 3841 ordinibus

178 3878 338 3944 cohaerent,
360 3872 488 3946 quoniam
522 3878 549 3927 et
580 3871 633 3943 ipsi
662 3871 773 3927 ordines
805 3882 975 3930 sacramenta

179 3974 251 4033 sunt,
263 3973 291 4021 et
301 3980 362 4037 qua
373 3963 447 4019 circa
458 3960 573 4018 ordinas
582 3960 800 4029 considerantur,
813 3962 903 4034 qualia
912 3971 976 4019 sunt

177 4056 339 4112 indumenta
348 4068 426 4109 sacra
433 4058 460 4108 et
472 4065 545 4117 rasa,
553 4057 581 4106 et
599 4049 769 4119 huiusmodi.
790 4050 852 4108 tlaec
872 4052 973 4118 omnia,

180 4160 251 4217 quae,
270 4149 300 4198 nt
313 4142 415 4199 dictum
430 4148 481 4209 est,
497 4140 570 4196 circa
581 4137 778 4211 ipsosordines
797 4140 975 4196 consideran·

179 4250 232 4309 tur,
249 4240 358 4297 divisim
373 4236 486 4295 tractari
501 4252 557 4294 nan
572 4237 739 4294 debuerunt.
757 4238 816 4295 hlla
838 4256 905 4296 vcro
927 4256 974 4295 sa-

180 4336 319 4389 cramenta
337 4327 430 4383 omnia
449 4326 483 4381 ad
513 4342 574 4399 qua
602 4325 771 4383 conficienda
798 4336 825 4383 et
852 4327 975 4384 sanctifi·

178 4506 321 4580 praemissa
344 4513 415 4570 sunt,
442 4505 641 4576 subsequenter
667 4505 774 4561 tractari
808 4516 970 4577 exposcunt.

178 4597 214 4653 Et
228 4595 355 4667 primum,
371 4594 441 4650 siant
455 4593 555 4648 dictum
571 4600 622 4657 est,
639 4593 675 4648 de
689 4593 858 4650 dedicatione
882 4597 974 4652 eccle·

177 4686 228 4742 siae
243 4683 322 4757 quasi
337 4682 474 4753 deprimo
490 4681 660 4752 baptismate,
682 4699 736 4754 quo
757 4683 815 4754 ipss
844 4685 974 4755 quodam·

175 4778 259 4831 modo
273 4771 391 4828 ecclesia
405 4770 523 4841 primum
539 4770 698 4849 baptizatur,
714 4780 744 4826 ut
758 4771 786 4826 in
800 4787 833 4827 ea
847 4782 972 4841 postmo-

178 4864 244 4920 dum
259 4862 383 4919 homines
397 4860 431 4915 ad
447 4861 562 4915 salutern
582 4860 764 4932 regenerandi
789 4862 970 4932 baptizentur.

176 4952 260 5023 Quasi
274 4952 347 5008 enirn
361 4949 476 5022 primum
492 4956 694 5005 sacramentnm
714 4949 743 5004 in
765 4949 899 5021 baptismo
921 4967 971 5008 co·

176 5039 326 5115 gnoscitnr,
342 5054 393 5111 per
406 5037 480 5111 qnod
503 5036 598 5093 fideles
625 5052 721 5094 omnes
749 5038 821 5096 inter
848 5041 972 5097 membra

175 5137 301 5209 corporis
311 5134 410 5193 Christi
419 5150 468 5206 per
476 5134 663 5208 generationis
674 5150 752 5191 norae
763 5136 877 5209 gratiam
890 5153 971 5194 com·

175 5234 315 5296 putantur.
335 5223 440 5281 ldcirco
455 5224 507 5280 hnc
521 5223 640 5295 primum
655 5225 823 5281 tractandum
847 5228 972 5284 occurrit

174 5312 295 5385 primurn
308 5314 336 5369 in
350 5311 525 5370 dedicatione
539 5311 688 5386 ligurutnm
712 5313 845 5381 ecclesia,
871 5314 971 5373 deinde

173 5400 203 5456 in
218 5398 429 5458 sanctificatione
452 5400 551 5457 animae
579 5400 669 5457 lidelis
695 5402 858 5459 exhibitum.
890 5404 970 5474 Quod

1032 1424 1163 1489 egeritur,
1180 1419 1298 1490 primum
1313 1421 1464 1477 videamus.

1070 1550 1193 1607 Pontifex
1207 1568 1303 1625 aquam
1317 1554 1443 1626 primitus
1466 1558 1635 1627 benedicit,
1670 1563 1792 1635 typicum
1817 1566 1848 1621 sal

933 1690 978 1760 qui
992 1675 1019 1737 B
1035 1646 1199 1716 admiscens,
1215 1650 1313 1707 deinde
1328 1653 1476 1711 ecclesiam
1492 1655 1592 1725 ipsam
1611 1662 1799 1718 extrinsecus
1815 1673 1848 1718 ter

1032 1738 1156 1809 gyrando
1169 1740 1299 1813 aspergit,
1314 1742 1388 1797 clero
1404 1751 1430 1797 et
1445 1746 1557 1815 populo
1573 1748 1793 1821 subsequente.
1815 1754 1849 1807 ln

1031 1826 1110 1881 terim
1126 1828 1232 1883 veroin
1247 1829 1358 1885 circuilu
1373 1831 1542 1891 dedicandae
1558 1837 1704 1895 ecclesius
1727 1841 1847 1897 intrinse-

1030 1939 1079 1979 cus
1095 1925 1238 1983 duodecim
1253 1942 1368 1984 accensa
1379 1940 1441 1986 sunt
1459 1930 1636 1998 luminaria,
1656 1938 1715 1994 l’er
1736 1940 1847 2011 singulas

1030 2020 1119 2068 autem
1134 2014 1209 2070 vices
1224 2015 1258 2070 ad
1273 2024 1377 2086 portum
1394 2018 1519 2076 basiliere
1545 2024 1689 2092 veniens,
1717 2043 1798 2100 quarn
1818 2030 1846 2085 oh

1029 2103 1193 2158 sacramenti
1208 2102 1325 2176 liguram
1340 2105 1462 2163 clausam
1480 2125 1553 2166 esse
1578 2124 1715 2183 oportet,
1742 2120 1847 2188 percutit

1029 2198 1106 2270 uirga
1122 2201 1251 2270 prastrrrali
1267 2203 1485 2273 superliminare
1501 2207 1598 2279 ipsius
1610 2211 1720 2268 dicens
1737 2232 1745 2268 :
1762 2238 1774 2262 ι
1790 2215 1846 2271 Tel·

1029 2284 1075 2341 litc
1091 2298 1195 2356 portas,
1211 2290 1359 2362 principes,
1376 2302 1495 2359 uestras,
1514 2305 1545 2353 et
1571 2300 1749 2369 elevamini,
1774 2313 1846 2376 porta

1028 2376 1180 2445 aeternales,
1197 2384 1224 2433 et
1238 2379 1359 2435 introibit
1373 2397 1424 2436 rex
1452 2382 1556 2455 glorias
1587 2391 1697 2451 tl'snl.
1732 2394 1817 2449 xsrrrt.
1835 2418 1844 2441 ι

1029 2469 1079 2525 Cui
1098 2470 1230 2527 diaconus
1249 2473 1321 2529 intus
1353 2477 1461 2546 positus
1496 2485 1701 2553 respondet:
1744 2512 1754 2534 ·
1788 2488 1845 2557 Quis

1029 2566 1070 2614 est
1100 2558 1152 2615 iste
1182 2577 1234 2616 rex
1267 2562 1389 2633 gloriae‘?
1423 2566 1541 2639 (ibid.)
1581 2592 1594 2622 ι
1638 2575 1771 2631 Pontifex
1800 2594 1844 2631 an-

1028 2654 1096 2701 tem.
1136 2672 1147 2696 «
1178 2649 1310 2707 Dominus
1338 2652 1467 2709 virtutum
1500 2656 1568 2728 ipse
1599 2670 1650 2717 est
1681 2681 1732 2720 rex
1760 2665 1845 2738 gloria

1028 2745 1126 2815 (ibid.)
1144 2769 1155 2795 ι
1172 2746 1261 2804 Tertia
1280 2748 1378 2805 deinde
1392 2750 1453 2809 rice
1482 2767 1622 2814 reserato
1653 2763 1741 2829 ostio,
1769 2765 1844 2820 intrat

1027 2833 1147 2905 pontilex
1162 2850 1223 2890 cum
1238 2836 1313 2893 claro
1327 2846 1353 2894 et
1368 2840 1471 2911 populo
1486 2845 1585 2913 tertio,
1605 2848 1714 2908 dicens
1732 2868 1739 2907 :
1763 2876 1774 2901 ι
1798 2856 1844 2909 Pas

1026 2921 1089 2979 huic
1108 2923 1200 2979 domui
1219 2926 1297 2997 (luc.
1318 2928 1392 2997 x).r
1418 2930 1531 2989 Deinde
1551 2951 1623 2992 cum
1656 2942 1844 2999 sacerdotibus

988 3028 1056 3094 ccl
1074 3020 1163 3076 levitis
1182 3029 1209 3077 et
1227 3021 1335 3080 clericis
1353 3025 1387 3081 ad
1416 3030 1580 3089 orationem
1615 3039 1769 3107 sternitur,
1799 3057 1844 3112 pro

1029 3108 1243 3166 sanctificatione
1253 3111 1338 3183 ipsius
1348 3114 1446 3171 domus
1457 3117 1646 3181 dedicandoe.
1662 3127 1763 3185 Postea
1783 3144 1847 3186 con·

1028 3214 1145 3270 surgens
1158 3199 1193 3254 ab
1207 3200 1334 3257 oratione
1351 3205 1472 3260 nondum
1485 3209 1624 3268 salutans
1647 3218 1785 3287 populum
1807 3220 1847 3274 di·

1028 3295 1134 3350 cendo:
1149 3319 1160 3344 ι
1173 3297 1304 3354 Dominus
1315 3300 1466 3368 vobiscum,
1480 3328 1491 3353 ι
1505 3312 1720 3370 tantummodo
1729 3316 1846 3371 hortatur

1028 3393 1145 3441 cunctos
1158 3386 1192 3441 cd
1208 3389 1348 3443 orandum.
1365 3390 1413 3446 llis
1429 3395 1584 3465 completis
1601 3399 1711 3473 incipit
1725 3404 1761 3460 de
1782 3406 1845 3461 dni·

1029 3490 1087 3539 stro
1106 3485 1207 3556 angulo
1228 3486 1348 3543 basilicae
1367 3487 1403 3544 ab
1434 3492 1545 3550 oriente
1573 3514 1632 3569 per
1662 3502 1843 3572 pavimentum

1029 3573 1152 3630 scribere
1166 3575 1349 3646 alphabetum,
1372 3594 1459 3651 nsque
1487 3581 1518 3637 in
1547 3584 1689 3645 dextrum
1718 3594 1842 3665 angulum

1028 3662 1187 3730 occidentis,
1203 3679 1234 3720 ac
1248 3664 1381 3723 deindea
1404 3667 1500 3726 dextro
1532 3677 1649 3747 angulo
1679 3682 1794 3738 orientis
1818 3683 1840 3737 in

1028 3760 1173 3816 sinistrum
1187 3763 1347 3820 occidentis.
1364 3766 1470 3824 Dehinc
1486 3770 1525 3825 ad
1540 3771 1654 3833 altiora
1677 3783 1840 3838 conscendet

1029 3858 1056 3905 et
1069 3858 1145 3906 stans
1159 3858 1223 3908 ante
1237 3853 1333 3920 altare,
1349 3855 1436 3911 Deum
1452 3857 1506 3912 sihi
1521 3859 1553 3915 in
1569 3863 1755 3933 adjutorium
1772 3878 1838 3926 rceat

1028 3936 1145 3995 dicens:
1164 3961 1176 3991 ι
1193 3940 1278 4010 Deus,
1289 3941 1492 4013 inadjutorium
1500 3963 1601 4006 meum
1620 3953 1742 4014 intende
1752 3960 1831 4025 (Paul.

1029 4036 1111 4107 cxix).
1139 4059 1150 4087 a
1168 4037 1314 4110 complens
1328 4056 1442 4098 versum
1457 4060 1521 4100 cum
1541 4069 1554 4097 ι
1582 4050 1693 4112 Gloria
1719 4057 1796 4122 Patri,
1822 4080 1831 4103 ι

1028 4124 1226 4182 sinealletuia.
1245 4129 1309 4184 Post
1323 4130 1381 4186 hoec
1395 4146 1493 4204 aquam
1520 4136 1687 4212 benedicit,
1715 4146 1794 4202 wan
1809 4152 1833 4200 el

1028 4213 1149 4271 cinerem
1158 4214 1314 4274 admiscens
1323 4227 1350 4275 et
1357 4217 1463 4276 iaciens
1470 4230 1515 4277 ter
1524 4225 1650 4299 signum
1661 4236 1757 4291 crucis
1766 4250 1836 4306 snper

1029 4311 1127 4383 ipsam.
1140 4313 1191 4368 Cui
1200 4314 1320 4371 misturae
1335 4316 1426 4371 riuum
1446 4318 1530 4375 etiarn
1552 4324 1691 4386 additur.
1713 4333 1837 4390 Posthac

179 4418 268 4477 canda
286 4416 423 4483 universa,
444 4416 502 4471 haec
531 4415 607 4488 quasi
639 4416 762 4488 quaedam
795 4390 1424 4476 ,mmmmmUrtnguirutgiruminsqua,et
1446 4405 1513 4464 ficii
1542 4427 1668 4475 ⁶¹¹¹0⁰¹¹l
1698 4438 1751 4493 lle?
1776 4438 1837 4495 ‘lm'

1029 4498 1092 4546 tuor
1108 4507 1210 4548 cornua
1225 4492 1330 4549 altaris.
1349 4494 1414 4549 lnde
1428 4496 1501 4552 venit
1520 4508 1588 4557 ante
1606 4506 1718 4577 altare,
1744 4520 1772 4567 et
1794 4512 1837 4568 eir·

1028 4589 1124 4645 cuiens
1139 4592 1261 4663 aspergit
1277 4592 1344 4648 illud
1355 4600 1460 4663 septem
1476 4596 1600 4668 vicibus,
1621 4610 1790 4678 aspersorio
1802 4608 1838 4664 la·

1028 4685 1072 4733 cto
1086 4679 1121 4734 de
1136 4679 1270 4751 hyssopo.
1289 4680 1392 4737 Circuit
1405 4681 1505 4740 dehinc
1520 4692 1677 4749 terrolam
1700 4698 1839 4754 eeclesiam

1026 4765 1201 4833 intrinsecus,
1218 4784 1370 4840 aspergens
1395 4770 1516 4842 parietes
1549 4774 1651 4847 ipsius
1681 4784 1719 4842 de
1748 4788 1839 4843 eadent

1026 4879 1109 4936 aqua,
1125 4863 1230 4922 iaciens
1244 4868 1297 4923 hoc
1312 4867 1392 4923 etiam
1409 4868 1499 4925 tertio.
1527 4872 1651 4933 interim
1678 4898 1754 4940 vero
1777 4900 1840 4942 can·

1027 4958 1098 5010 tatur
1116 4954 1263 5026 psalmus:
1286 4980 1297 5005 r
1318 4956 1454 5030 Exsurget
1481 4958 1561 5018 Deus
1586 4965 1687 5029 (Paul.
1715 4986 1837 5039 uxrnt,·

1026 5057 1089 5099 cnm
1104 5042 1265 5115 antiphona.
1284 5044 1416 5101 Cantetur
1430 5044 1511 5102 etiam
1537 5052 1729 5126 antiphona:
1758 5086 1770 5115 ι
1794 5062 1840 5133 Qui

1025 5139 1127 5196 habitat
1141 5139 1169 5195 in
1182 5140 1318 5214 adjutorio
1332 5142 1464 5200 altissimi
1478 5147 1570 5213 (Paul.
1595 5156 1666 5227 xc).
1699 5182 1712 5207 a
1745 5161 1842 5220 eimau

1025 5228 1206 5302 interimipse
1220 5230 1354 5302 pontilari,
1374 5232 1512 5292 transiens
1531 5246 1735 5309 permediam
1759 5250 1841 5309 eccle·

1026 5318 1106 5388 siam,
1122 5326 1149 5375 et
1162 5326 1277 5375 cantans
1293 5339 1331 5377 :e
1359 5322 1464 5378 Domm
1487 5338 1555 5382 mea
1577 5328 1689 5393 domus
1711 5341 1841 5398 ondans

1024 5416 1166 5473 vocabitur
1181 5416 1293 5487 (lluttlr.
1310 5418 1384 5485 xxi).
1405 5441 1417 5467 r
1434 5419 1472 5476 ta
1485 5420 1576 5483 item:
1595 5450 1608 5477 ι
1628 5430 1769 5496 Narrabo
1792 5454 1839 5495 nn.

173 5488 247 5548 anim
261 5488 290 5543 in
304 5488 356 5544 hac
370 5490 451 5545 domo
466 5489 599 5546 orationis
612 5490 758 5546 visibiliter
780 5506 830 5564 per
852 5492 970 5567 figuram
1023 5505 1747 5583 menuuumtratribusmeis:etnmed100001035ae3
1760 5528 1841 5585 ,ω

173 5584 347 5662 exprimitur,
364 5592 448 5641 totum
463 5584 491 5640 in
515 5588 606 5643 anima
631 5587 704 5644 lldeli
728 5606 778 5661 per
805 5591 968 5650 invisibilem
1023 5593 1097 5650 daho
1110 5602 1136 5650 le
1153 5598 1244 5665 (Psoi.
1260 5596 1329 5665 aar).
1346 5619 1357 5646 s
1375 5596 1424 5652 llis
1438 5608 1531 5657 antem
1548 5614 1695 5683 peractis,
1719 5618 1838 5689 pontilcx

171 5677 314 5736 veritatem
330 5672 489 5733 exhibetur.
506 5672 567 5749 lpsa
582 5675 654 5733 enirn
665 5678 767 5735 veritas
779 5680 829 5736 Dei
839 5682 968 5755 ternplum
1023 5682 1222 5742 adorationem
1237 5685 1439 5759 seconsternit‚
1454 5704 1593 5769 prmus,
1614 5708 1651 5759 ua
1672 5719 1777 5767 ome,
1795 5706 1839 5781 qut
