3780 6038
79 194 147 246 ttrtt

543 192 834 251 buflottattortus
849 197 897 251 SS.
914 196 1065 253 tat'tttuu.
1082 228 1116 238 —
1131 198 1198 254 ltu.
1215 200 1252 255 lt.

1656 212 1725 269 1¹30

77 317 138 372 sinu
155 315 241 371 Patris
256 315 283 370 in
307 314 463 372 narratione
488 315 628 387 ineffabili,
655 320 727 377 utrod
750 328 874 375 ereatura
888 322 914 381 A
932 322 1030 391 lletrur,
1047 330 1074 377 et
1089 340 1169 394 quom
1185 325 1282 380 misisti
1296 327 1391 382 lesum
1406 327 1568 385 Christum?
1588 357 1598 381 l
1625 337 1721 406 (joan,

78 413 224 470 rationalis
240 413 342 467 munda
360 419 387 468 ει
411 422 513 481 sancta,
538 414 666 486 impletur
691 415 741 471 Dei
770 416 875 473 visione

78 501 221 567 ineffabili,
243 517 325 572 quarn
348 509 411 557 tuuc
432 517 641 575 consequamur,
668 519 730 561 eum
753 506 875 576 aquales

79 590 186 663 angelis
200 589 264 646 facti
280 589 430 646 fuerimus.
450 590 489 646 Eo
500 591 599 665 quippe
610 592 690 648 modo
705 607 759 665 quo
774 594 876 649 videbi-

79 695 124 744 tur
138 687 222 744 sicuti
233 695 287 755 est,
308 702 379 743 nune
400 686 516 744 fortasse
539 689 651 744 videtur
673 706 690 745 a
713 691 875 763 quibusdam

79 776 187 848 angelis
203 793 210 831 ε
226 791 243 831 ε
257 776 337 830 nobis
352 783 442 831 autem
458 784 522 834 tunc
536 777 575 832 ita
591 778 739 845 videbitur,
755 796 817 835 cum
837 780 877 836 eis

80 866 145 922 faeti
160 865 291 921 fuerimus
306 865 437 937 aquales.
459 867 539 923 Nunc
563 882 630 924 sanc
652 868 784 941 quaritur
805 884 876 941 quo-

78 963 163 1021 modo
177 963 303 1020 videatur
317 963 400 1030 Deus,
412 979 508 1020 nones
519 964 612 1036 speeie
624 982 677 1037 qna
692 974 719 1022 ει
729 965 878 1023 inistosae-

80 1053 142 1110 culo
157 1051 322 1125 quibusdam
338 1051 425 1107 voluit
442 1067 574 1124 apparere
592 1068 599 1122 ;
623 1053 734 1124 quaudo
753 1071 807 1110 non
829 1070 877 1110 so·

79 1140 136 1197 lum
154 1156 217 1197 cnm
239 1138 379 1197 Abraham
408 1140 526 1212 aliisque
550 1141 644 1212 justis,
672 1158 767 1197 verum
795 1142 877 1199 etiarn

80 1254 143 1296 eum
158 1237 225 1294 Cain
242 1236 381 1293 fratricida
395 1237 503 1294 locutus
518 1246 570 1305 est,
596 1238 645 1295 sed
669 1240 806 1312 quomodo
835 1240 878 1297 ri-

81 1329 179 1385 deatur
193 1326 220 1382 iu
236 1326 283 1382 illo
297 1341 395 1398 regno,
411 1326 457 1381 ubi
471 1343 532 1382 eum
548 1327 596 1381 filii
611 1328 669 1397 ejus
682 1329 811 1384 videbunt
821 1330 878 1386 sic-

82 1418 122 1472 uti
138 1424 191 1472 εει.
210 1414 270 1484 Quo
287 1414 426 1470 desiderio
441 1414 577 1488 flagrabat
593 1417 710 1488 Moyses,
733 1417 776 1474 cui
805 1417 879 1489 loqui

82 1513 117 1568 ad
132 1514 219 1569 Deum
234 1511 304 1568 facie
314 1511 348 1566 ad
360 1510 456 1566 sociem
466 1527 519 1568 non
533 1510 695 1584 sufficiebat,
709 1523 736 1569 ει
750 1513 877 1570 dicebat:

84 1626 96 1651 a
114 1600 238 1658 Ostende
264 1600 330 1655 mibi
354 1600 531 1671 temetipsum
551 1600 695 1657 manifeste
719 1610 747 1657 ut
771 1602 877 1659 rideam

928 410 1083 480 rrrr.)Sed
1107 411 1148 467 sie
1177 414 1314 484 quomodo
1343 418 1466 487 premisit
1495 429 1670 479 ostensurum
1694 442 1726 483 sc

929 497 1106 555 dilectoribus
1120 501 1178 556 suis
1193 518 1253 558 eum
1271 504 1352 560 Patre
1368 523 1454 562 unum
1469 510 1567 577 Deum,
1583 528 1638 568 non
1653 531 1724 586 quo-

929 594 1011 649 modo
1025 594 1052 648 in
1068 596 1119 652 hoc
1133 597 1235 653 saeculo
1244 597 1270 652 in
1279 613 1393 670 corpore
1404 602 1479 657 risus
1489 604 1652 664 esthoniset
1663 625 1724 667 ma-

929 681 1006 736 lis.1n
1018 682 1064 738 illa
1073 685 1173 756 quippe
1182 685 1268 741 forma
1279 687 1373 751 Deiin
1384 707 1436 762 qua
1445 708 1499 747 non
1510 694 1633 765 rapinam
1650 700 1725 755 arbi-

930 777 1014 825 tratus
1022 779 1064 826 est
1072 788 1133 828 esse
1144 774 1322 846 aequalislleo
1329 778 1506 853 (Philippu),
1514 782 1725 858 videbunteum,

932 865 978 935 qui
993 866 1125 922 ridebunt
1141 885 1201 924 eum
1218 871 1296 928 sicuti
1310 884 1362 928 est.
1378 875 1436 932 Nec
1450 876 1513 933 ideo
1524 878 1652 938 videbunt
1662 885 1727 956 quia

931 970 1067 1025 pauperes
1080 957 1177 1029 spiritu
1188 958 1215 1013 in
1230 960 1283 1017 hae
1293 961 1348 1017 rita
1361 962 1480 1031 fuerunt,
1491 967 1556 1038 quia
1565 971 1654 1038 mites,
1664 974 1727 1046 quia

930 1041 1066 1113 lugentes,
1085 1045 1149 1117 quia
1164 1049 1318 1105 esurientes
1332 1058 1360 1106 ει
1374 1051 1499 1109 sitientes
1505 1056 1648 1127 justitiam,
1664 1063 1728 1134 quia
1830 1084 1833 1091 ·

931 1139 1151 1211 misericordes,
1170 1145 1235 1215 quia
1255 1146 1384 1217 pacifici,
1412 1149 1476 1221 quia
1508 1156 1727 1224 persecutionem

932 1229 1005 1299 passi
1020 1239 1133 1302 propter
1143 1232 1289 1302 justitiam,
1304 1238 1432 1308 quamvis
1440 1248 1466 1295 et
1476 1241 1534 1299 brec
1549 1246 1641 1302 omnia
1656 1247 1728 1303 idem

931 1317 984 1388 ipsi
999 1318 1063 1384 sint,
1078 1320 1128 1376 sed
1145 1321 1212 1393 quia
1227 1324 1328 1380 mundo
1344 1326 1428 1382 corde
1443 1337 1515 1384 sunl.
1540 1330 1606 1388 Ideo
1629 1335 1730 1408 quippe

933 1414 1004 1469 inter
1019 1416 1085 1471 alias
1101 1417 1282 1475 beatitudines
1297 1437 1359 1476 cnm
1372 1425 1463 1479 omnia
1489 1425 1588 1483 faciant
1607 1431 1652 1502 qui
1680 1447 1729 1489 cor

932 1504 1061 1559 mundum
1077 1506 1187 1573 habent,
1200 1523 1254 1563 non
1268 1516 1309 1564 est
1321 1517 1413 1567 tamen
1424 1512 1490 1568 alibi
1505 1515 1622 1585 positum
1639 1520 1726 1576 Deum

932 1591 1129 1659 videbunt,nisi
1140 1595 1292 1653 ubidictum
1303 1607 1363 1656 est:
1380 1623 1391 1650 u
1403 1602 1478 1658 Beati
1491 1604 1586 1660 mundi
1601 1608 1694 1676 corde,
1713 1633 1725 1658 ι

81 1700 107 1747 ιε
123 1690 222 1757 (baud.
238 1693 350 1755 xxxin),
370 1711 381 1737 ιι
399 1689 478 1761 quasi
501 1689 605 1745 diceret
629 1691 702 1762 quod
721 1690 747 1745 in
772 1692 878 1762 psalmo
892 1676 919 1737 Β
933 1690 1060 1760 quoniam
1076 1691 1179 1749 mundo
1193 1695 1278 1751 corde
1298 1696 1443 1765 videbitur,
1470 1700 1516 1772 qui
1540 1717 1592 1759 nec
1612 1705 1640 1759 in
1667 1705 1728 1763 loeo

80 1787 187 1845 canitur
201 1803 233 1843 ex
248 1786 345 1843 eodem
358 1785 498 1853 desiderio
514 1806 520 1842 :
539 1808 550 1838 ι
568 1787 640 1844 Cum
659 1787 878 1845 manifestabitur

82 1876 171 1947 gloria
186 1884 230 1930 tua
245 1876 331 1948 (Paul.
350 1876 421 1944 avr).
444 1900 454 1924 ι

119 2006 160 2062 De
174 2006 226 2062 bac
241 2004 345 2061 visione
360 2003 476 2075 loquens
491 2003 571 2060 etiam
587 2005 646 2077 ipse
657 2014 799 2062 amatoret
810 2007 878 2063 desi·

80 2094 192 2151 derator
207 2094 266 2164 ejus
281 2092 441 2149 Ambrosius
456 2111 462 2145 :
479 2095 540 2150 Non
556 2094 583 2149 in
598 2095 668 2159 loco,
685 2094 783 2168 inquit,
800 2095 877 2151 vide·

78 2196 123 2244 tur
135 2190 209 2244 Deus
225 2196 272 2257 3el
286 2188 354 2244 sieut
368 2189 403 2244 ad
425 2188 515 2245 ilicem
541 2191 676 2255 llambre,
708 2197 735 2246 ει
757 2190 826 2246 sieut
849 2190 877 2245 in

77 2285 171 2334 monte
186 2278 261 2344 Sina,
281 2278 331 2332 sed
347 2277 448 2333 mundo
462 2277 571 2346 corde,
596 2286 623 2334 ει
649 2294 761 2350 sequar,
786 2279 877 2335 sciens

83 2366 148 2440 quid
163 2366 302 2422 desideret
317 2372 342 2421 ει
356 2366 422 2439 quid
436 2374 544 2434 aestuet,
560 2375 586 2422 ει
601 2368 665 2439 quid
687 2375 778 2439 speret
794 2382 800 2422 :
825 2383 877 2425 nec

78 2464 279 2536 corporalibus,
294 2463 393 2536 inquit,
408 2463 496 2521 oeulis
518 2465 645 2536 quaeritur
668 2466 752 2533 Deus,
777 2465 877 2538 quibus

78 2569 110 2609 se
123 2552 242 2609 ostendit
255 2552 387 2619 abraba),
400 2553 487 2619 Isaac,
500 2552 586 2609 Jacob
597 2560 624 2609 ει
640 2553 701 2609 aliis
714 2554 742 2608 in
753 2554 805 2610 boe
820 2570 877 2610 εε-

84 2640 156 2710 culo,
171 2656 222 2698 nee
236 2640 469 2698 circumscribitur
479 2642 538 2697 risu
547 2642 733 2714 propterillud
743 2643 817 2715 quod
831 2642 876 2698 di·

79 2747 221 2796 ctumest:
237 2759 248 2789 ι
262 2738 417 2795 Posteriora
428 2754 490 2794 mea
500 2738 606 2795 ridebis
617 2740 718 2809 (daed.
733 2741 843 2808 armti).
862 2759 873 2790 ι

79 2829 140 2885 Νεε
152 2835 224 2884 tactu
235 2835 352 2896 tenetur,
369 2828 563 2885 sieutluctatus
574 2836 687 2884 ealcum
700 2828 803 2897 lacob;
824 2842 876 2884 nec

78 2915 164 2973 affatu
178 2917 296 2985 auditur,
316 2917 386 2974 sient
400 2932 455 2974 non
469 2917 557 2974 solnm
572 2934 589 2973 a
604 2925 643 2972 tot
655 2917 764 2984 sanctis,
781 2933 875 2973 rernm

77 3014 275 3072 eliamauditus
285 3022 326 3071 εει
335 3014 469 3072 adiabolo
481 3033 488 3070 z
499 3031 549 3072 nec
559 3015 875 3081 sentiturineessu,sient
890 3028 916 3094 0

78 3104 225 3176 aliquando
237 3120 298 3160 cum
314 3102 341 3158 in
356 3104 484 3176 paradiso
498 3104 652 3160 ambularet
673 3104 706 3159 ad
731 3121 873 3176 uesperam
965 3151 971 3161 .

79 3193 160 3264 (Gerr.
175 3193 226 3262 ru).
242 3193 325 3249 Vides
339 3192 570 3265 quemadmodum
586 3193 748 3249 virsanetus
758 3193 875 3250 enitatur

76 3299 184 3347 mentes
199 3299 309 3346 nostras
323 3292 359 3346 ab
374 3291 500 3346 omnibus
514 3291 738 3348 carnissensibus
747 3306 872 3356 evocare,

77 3385 108 3435 ut
122 3388 201 3451 aptas
215 3379 250 3435 ad
264 3379 413 3436 videndum
431 3381 516 3436 Deum
533 3379 627 3436 faeiat.
646 3381 680 3435 lit
695 3387 786 3436 tamen
808 3379 874 3451 quid

77 3469 135 3541 agit
148 3468 209 3524 talis
223 3469 395 3525 extrinsecus
410 3469 549 3540 plantator
570 3478 595 3525 ει
619 3469 731 3543 rigator,
752 3469 805 3524 nisi
827 3468 872 3523 in·

75 3566 210 3623 trinsecus
224 3574 360 3637 operetur,
378 3565 424 3637 qui
435 3565 480 3622 dot
491 3567 686 3622 incrementum
696 3565 792 3622 Deus?
803 3564 872 3635 Quis

74 3655 148 3712 enirn
162 3655 221 3710 sine
234 3654 368 3724 adiutorio
383 3654 494 3726 spiritus
509 3654 559 3711 Dei
573 3655 697 3728 cogitare
712 3654 801 3711 valeat
810 3670 872 3711 esso

72 3742 175 3816 aliquid
191 3760 197 3807 ;
214 3743 357 3817 magisque
373 3758 531 3816 essequam
547 3745 641 3801 omnia
656 3761 717 3816 quae
731 3760 782 3816 per
806 3759 870 3801 cor·

71 3858 125 3914 pus
139 3841 301 3909 sentiuntur,
317 3842 391 3910 qnod
402 3857 454 3897 nae
469 3841 497 3897 in
512 3841 572 3898 loco
586 3842 719 3909 rideatur,
730 3858 782 3898 nec
798 3858 870 3913 quae·

71 3929 189 3988 rendum
205 3929 240 3985 sit
254 3929 351 3997 oculis,
367 3946 418 3986 nee
431 3930 554 3986 audiatur
568 3928 661 3997 affatu,
678 3946 732 3988 nec
747 3938 870 3988 laetate·

71 4027 183 4087 nealur,
200 4035 254 4076 nec
268 4019 401 4076 sentiatur
414 4019 535 4088 incessu,
560 4028 588 4075 ει
615 4019 737 4076 videatur
764 4028 868 4089 tamen,

70 4118 123 4175 sed
136 4118 238 4175 mundo
252 4118 336 4175 corde
350 4118 365 4173 t
379 4118 475 4191 Neque
490 4117 563 4174 enim
577 4118 611 4174 de
626 4119 676 4175 bac
691 4118 746 4174 vita
760 4118 808 4175 ille
824 4117 868 4173 lo-

71 4207 220 4282 quebatur,
236 4222 298 4264 cum
314 4207 367 4263 hoe
381 4207 485 4263 diceret
501 4227 507 4263 :
525 4206 745 4280 quandoquidem
761 4206 796 4263 ab
816 4208 869 4264 boc

74 4296 177 4355 sarculo
192 4297 289 4370 inquo
305 4297 379 4352 Deus
393 4297 527 4368 apparuit,
544 4312 599 4352 non
614 4295 693 4352 sicuti
708 4304 758 4364 est,
775 4296 825 4353 sed
840 4298 867 4352 in

932 1778 1048 1846 videtur,
1064 1794 1115 1836 nee
1128 1781 1214 1837 oeulis
1227 1785 1417 1854 corporalibus
1431 1788 1569 1858 quaeritur,
1595 1807 1648 1850 nee
1667 1794 1728 1852 visu

932 1866 1172 1938 circumscribitur,
1187 1886 1239 1927 nee
1253 1879 1325 1928 tactu
1339 1882 1455 1944 tenetur,
1475 1892 1527 1933 nec
1550 1880 1660 1937 auditur
1683 1882 1727 1939 ai-

933 1962 997 2030 fatu,
1013 1980 1066 2021 nee
1080 1966 1197 2021 sentitur
1206 1968 1325 2024 ineessu.
1341 1991 1353 2017 u
1365 1971 1452 2026 Deum
1463 1974 1536 2029 enim
1559 1992 1640 2033 nemo
1662 1979 1728 2036 vidit

932 2067 1051 2123 unquam
1062 2054 1154 2124 (loro.
1171 2056 1202 2126 r),
1217 2056 1286 2112 »vel
1294 2057 1321 2112 in
1332 2058 1449 2115 haesita
1457 2061 1536 2117 sicuti
1546 2072 1588 2120 εει
1597 2065 1666 2138 ipsa,
1683 2070 1727 2125 rel

932 2142 1014 2196 etiam
1026 2141 1053 2196 in
1068 2144 1232 2215 angelorum
1246 2147 1301 2201 rita
1315 2148 1386 2202 sieut
1397 2148 1513 2207 risibilia
1523 2152 1575 2208 ista
1585 2171 1647 2226 quas
1661 2171 1727 2212 cor-

932 2239 1020 2309 porali
1035 2240 1139 2298 risione
1153 2250 1311 2312 cernuntur,
1327 2246 1389 2315 quia
1405 2248 1561 2320 unigenitus
1576 2253 1660 2309 uirtus
1681 2255 1728 2327 qui

931 2335 973 2383 εει
986 2328 1013 2382 in
1028 2329 1090 2385 sinu
1105 2330 1192 2387 Patris
1207 2332 1266 2403 ipse
1288 2335 1410 2391 narravit
1433 2337 1541 2409 (ibid).
1570 2340 1651 2398 Unde
1674 2359 1729 2399 non

931 2418 967 2473 ad
979 2417 1121 2474 oculorum
1137 2421 1332 2493 corporalium,
1348 2425 1395 2480 sed
1411 2425 1446 2480 ad
1455 2427 1585 2484 mentium
1594 2430 1730 2488 visionem

931 2518 1032 2574 dictum
1049 2527 1091 2575 εει
1104 2520 1242 2591 pertinere
1257 2523 1331 2594 quod
1347 2532 1450 2594 narrat,
1475 2528 1612 2600 quomodo
1628 2539 1655 2587 ει
1669 2548 1731 2588 rer-

931 2607 994 2662 bum
1006 2614 1057 2675 εει,
1073 2608 1134 2664 non'
1144 2624 1232 2665 sonus
1252 2611 1366 2667 auribus
1381 2612 1546 2687 instrepens,
1574 2619 1622 2675 sed
1637 2620 1730 2693 imago

929 2696 1066 2752 mentibus
1081 2696 1265 2766 innotescens,
1282 2707 1311 2756 ut
1332 2701 1389 2758 illic
1416 2702 1520 2760 interna
1535 2714 1561 2763 et
1589 2708 1730 2766 ineffabilli

929 2794 990 2852 luce
1005 2794 1140 2851 clarescat
1154 2796 1228 2868 quod
1243 2796 1344 2853 dietum
1360 2806 1402 2855 est
1418 2817 1425 2854 ε
1442 2824 1453 2849 α
1471 2799 1523 2870 Qui
1532 2819 1577 2860 me
1587 2803 1669 2874 videt,
1685 2806 1729 2863 vi·

929 2883 975 2939 det
988 2892 1014 2939 ει
1030 2884 1137 2939 Patrem
1152 2885 1244 2954 (loon.
1260 2886 1346 2958 xiv.)·
1362 2887 1432 2945 Ecce
1448 2897 1542 2945 santus
1556 2894 1728 2964 Augustinus

931 2971 1050 3027 affirmat
1064 2989 1113 3043 per
1128 2974 1187 3030 baee
1203 2974 1287 3029 verba
1305 2978 1390 3032 sancti
1406 2978 1542 3035 Ambrosii
1554 2981 1732 3041 solutamesse

931 3061 1109 3133 quaestionem
1124 3062 1209 3126 illam.
1225 3064 1363 3137 quomodo
1386 3066 1512 3123 videatur
1528 3071 1601 3125 Deus
1631 3085 1648 3126 a
1663 3070 1727 3128 filiis

928 3166 987 3205 aurs
1002 3151 1029 3206 in
1044 3150 1136 3207 futuro
1151 3151 1269 3209 saeculo:
1286 3160 1312 3208 et
1326 3169 1421 3210 verum
1435 3163 1491 3212 est.

1266 3300 1380 3341 Divisio.

963 3401 1063 3456 Beatus
1074 3400 1239 3457 Ambrosius
1253 3402 1429 3475 apertissima
1444 3403 1587 3462 confirmat
1602 3406 1674 3477 quod
1697 3409 1725 3465 in

927 3491 1129 3546 resurreetione
1142 3489 1177 3546 ab
1192 3490 1235 3545 bis
1250 3491 1334 3547 etiam
1349 3492 1395 3565 qui
1408 3491 1515 3567 indigni
1529 3503 1610 3551 erunt
1622 3496 1672 3553 Dei
1682 3497 1725 3555 ri·

927 3588 1003 3645 sione
1017 3604 1072 3644 non
1087 3587 1212 3643 videatur
1226 3589 1416 3662 corporalibus
1441 3590 1538 3658 oeulis,
1567 3609 1618 3649 nec
1633 3594 1725 3665 aliquo

925 3692 1009 3732 seusu
1024 3676 1149 3748 eorporis
1163 3677 1305 3748 sentiatur,
1318 3677 1368 3734 sed
1382 3679 1483 3736 mundo
1498 3680 1592 3738 corde.
1608 3682 1726 3741 Sanctus

925 3781 1034 3838 quoque
1048 3766 1217 3839 Augustinus
1231 3767 1259 3822 in
1278 3767 1468 3839 explanatione
1483 3769 1619 3827 dictorum
1647 3773 1724 3845 ejus·

924 3855 1044 3912 demsui
1072 3854 1165 3913 dilecti
1192 3856 1336 3911 ambrosii
1363 3857 1461 3912 asserit
1488 3875 1542 3914 non
1563 3860 1599 3915 ad
1628 3877 1724 3934 eorpo-

923 3944 1022 4000 ralium
1039 3944 1193 4014 oculorum,
1209 3945 1259 4000 sed
1281 3945 1410 4000 mentium
1426 3945 1557 4003 visionem
1587 3954 1723 4020 pertinere

924 4049 985 4089 eam
999 4034 1190 4101 narrationem,
1207 4049 1259 4105 qua
1274 4032 1323 4088 bei
1339 4033 1457 4089 Verbum
1485 4035 1620 4093 mentibus
1649 4038 1721 4095 indi·

924 4130 968 4180 cat
983 4123 1103 4194 seipsum
1119 4130 1144 4177 ει
1159 4121 1266 4177 Patrem
1282 4137 1373 4176 suum.
1394 4120 1473 4190 Quod
1487 4138 1552 4180 vero
1562 4133 1720 4195 potestesse

923 4211 1027 4268 elarius
1041 4226 1074 4266 ea
1090 4208 1223 4265 sententia
1238 4225 1318 4282 quam
1334 4209 1429 4264 beatus
1443 4211 1609 4284 Augustinus
1636 4217 1719 4286 paulo

922 4308 985 4354 ante
995 4298 1085 4369 posuit
1095 4317 1101 4353 :
1111 4320 1122 4348 ι
1134 4298 1221 4353 Deum
1232 4296 1386 4352 nemotidit
1396 4314 1516 4370 unquam
1528 4300 1620 4371 (loun.
1633 4306 1680 4375 r),n
1691 4305 1719 4361 in

71 4394 165 4468 speeie
180 4409 234 4467 qus
245 4393 340 4464 uoluit,
352 4393 451 4461 quibus
461 4393 556 4461 uoluit,
572 4393 637 4448 satis
652 4393 781 4450 discrevit
790 4393 870 4449 futuri
886 4390 912 4450 D
927 4398 979 4454 hae
994 4396 1048 4452 vita
1063 4395 1202 4466 sicutipse
1217 4403 1267 4465 est,
1284 4410 1336 4452 nec
1349 4394 1375 4449 in
1391 4398 1553 4470 angelorum
1569 4400 1633 4470 vita,
1650 4403 1720 4463 sicut

70 4482 167 4541 seculi
184 4482 269 4539 vitatu
288 4483 452 4539 discretione
478 4481 661 4554 apertissima,
684 4481 729 4538 ubi
753 4483 811 4539 ait:
841 4491 868 4539 ει

71 4571 139 4646 quid
154 4570 264 4639 mirum,
295 4571 318 4627 si
340 4571 368 4626 in
396 4571 525 4644 praesenti
554 4571 655 4628 saeeulo
678 4571 731 4626 nisi
759 4571 868 4644 quaudo

68 4669 129 4728 vult
144 4670 218 4726 Deus
233 4685 288 4725 non
298 4669 427 4725 ridetur?
440 4670 469 4724 ln
480 4669 538 4741 ipsa
549 4668 868 4742 quoquerssurreetione

69 4774 126 4816 non
142 4757 281 4815 faeileest
296 4759 383 4814 Derim
407 4758 510 4826 videre,
541 4757 593 4813 nisi
619 4758 662 4813 bis
690 4758 736 4830 qui
765 4758 868 4815 mundo

69 4853 134 4902 sunt
147 4846 240 4903 corde.
252 4847 286 4902 Et
297 4847 369 4917 ideo,
385 4847 478 4903 «beati
490 4846 592 4902 mundo
603 4847 698 4913 cordo,
720 4847 772 4918 ipsi
793 4847 867 4903 euim

69 4944 158 5001 Deum
176 4943 427 5010 ridebunttlfnltlr.
443 4948 481 5015 v).
494 4943 628 5017 liinejam
647 4946 681 5001 de
701 4945 747 5001 illo
764 4945 867 5002 saeenlo

69 5031 163 5090 dicere
177 5048 294 5089 exorsus
310 5041 361 5102 est,
378 5033 426 5088 ubi
440 5034 527 5090 Deum
542 5034 674 5090 videbunt
693 5051 747 5091 non
771 5050 868 5090 omnes

70 5121 118 5195 qui
132 5130 286 5195 resurgent,
303 5122 352 5178 sed
368 5121 414 5195 qui
429 5131 575 5197 resurgent
588 5123 713 5179 advitam
725 5131 866 5180 aeternam.

68 5220 111 5279 De
127 5221 249 5295 qualibet
262 5220 330 5278 dixit
343 5222 403 5293 ipse
417 5223 565 5290 Dominus,
581 5240 642 5279 eum
667 5240 790 5295 praesens
814 5239 869 5279 non

71 5309 236 5367 rideretur:
254 5334 265 5360 ι
283 5309 337 5379 Qui
351 5311 443 5385 diligit
458 5328 513 5380 me,
530 5313 657 5368 mandata
667 5328 729 5368 mea
739 5311 865 5381 custodit,

69 5407 100 5456 ει
113 5397 165 5471 qui
177 5398 271 5474 attigit
284 5415 342 5469 me,
358 5399 513 5472 diligetnra
525 5402 607 5459 Patre
615 5418 687 5469 meo,
704 5410 732 5458 et
747 5418 801 5476 ego
811 5402 871 5458 dili·

74 5511 140 5569 gam
152 5512 226 5565 eum,
241 5503 269 5553 ει
282 5497 426 5554 ostendam
439 5498 467 5556 ei
477 5498 612 5572 meipsum
627 5501 720 5570 (loen.
733 5504 800 5568 rur).
814 5525 825 5550 n
840 5501 873 5556 Et

71 5590 193 5659 quaeest
207 5584 260 5644 vita
282 5593 398 5656 aeterna,
421 5587 475 5644 nisi
503 5587 576 5661 qnod
601 5589 663 5662 ipsa
690 5588 756 5645 alibi
784 5589 872 5657 dicit:

62 5694 87 5759 ,ε
103 5672 170 5735 ilaee
183 5680 227 5733 eat
239 5672 295 5733 vita
306 5682 424 5745 aurea,
434 5684 642 5753 utcognoseant
650 5683 677 5735 te
686 5693 769 5734 unum
777 5693 874 5736 verum

222 5798 355 5865 Parnon.
370 5800 492 5867 CLVII.

923 4484 1102 4543 risibiliaisla
1117 4501 1178 4559 quas
1193 4484 1329 4557 corporali
1343 4484 1448 4542 risione
1470 4497 1631 4547 cernuntur.
1659 4496 1716 4549 Au-

922 4576 1029 4631 diamus
1044 4574 1133 4630 adhue
1149 4573 1331 4646 augustinum
1355 4575 1544 4645 explanantem
1568 4580 1654 4636 rerba
1677 4584 1719 4639 sui

922 4663 1060 4721 Ambrosii
1077 4681 1083 4718 :
1102 4665 1206 4725 Potest,
1223 4663 1319 4735 inquit,
1349 4679 1463 4720 morere
1493 4667 1631 4735 quomodo
1658 4670 1719 4742 ipsa

923 4755 973 4811 Dei
988 4753 1139 4808 substantia
1155 4751 1239 4806 videri
1254 4750 1400 4821 potuerita
1424 4753 1588 4825 quibusdam
1612 4757 1639 4812 in
1668 4759 1719 4818 bae

922 4844 977 4900 vita
988 4840 1279 4914 positis,propteritlud
1289 4859 1317 4894 :a
1331 4841 1612 4912 Nemopotestvidere
1623 4846 1719 4905 faciem

922 4947 1055 5007 meamet
1069 4939 1161 4993 virere
1172 4938 1271 5007 (daed.
1287 4940 1403 5009 rxx111);
1419 4961 1429 4985 n
1449 4938 1503 4993 nisi
1520 4939 1585 5011 qnia
1600 4942 1716 5003 bumana

921 5046 1000 5086 mens
1014 5033 1105 5099 potest
1119 5026 1246 5082 divinitus
1262 5026 1318 5097 rapi
1332 5043 1367 5083 ex
1382 5026 1434 5082 hae
1449 5027 1502 5082 rita
1516 5029 1549 5083 ad
1565 5033 1718 5103 angelicam

921 5121 1005 5176 sitam
1020 5126 1084 5173 ante
1101 5123 1214 5172 mortem
1234 5115 1326 5172 earnis
1354 5132 1539 5173 communem.
1572 5120 1618 5177 Sie
1645 5124 1718 5181 enim

921 5216 1016 5280 raptus
1030 5214 1072 5262 εει
1087 5205 1131 5277 qui
1146 5204 1247 5260 audivit
1262 5204 1309 5260 illa
1323 5203 1472 5260 ineffabilis
1486 5207 1570 5263 verba
1583 5226 1645 5281 qua
1662 5229 1718 5271 non

922 5298 986 5353 licet
1001 5294 1102 5351 heulini
1116 5293 1190 5365 loqui
1205 5293 1246 5361 (fl
1259 5294 1321 5350 Cor.
1338 5294 1406 5364 sut),
1421 5293 1466 5349 ubi
1482 5298 1653 5368 usqueadeo
1677 5303 1719 5359 fa·

923 5395 968 5445 cta
983 5393 1024 5441 est
1038 5384 1074 5438 ab
1096 5381 1179 5452 hujus
1205 5380 1268 5438 vitas
1297 5398 1381 5439 sensu
1409 5384 1535 5454 quaedam
1563 5384 1720 5450 intentionis

925 5484 1047 5552 aversio,
1067 5491 1094 5538 ut
1109 5480 1166 5537 sive
1176 5487 1252 5536 extra
1267 5494 1370 5554 corpas
1384 5480 1478 5550 fuerit,
1503 5483 1531 5538 id
1551 5490 1593 5539 εει
1617 5492 1721 5555 utrum,

927 5584 998 5642 sient
1011 5581 1082 5639 solet
1096 5580 1123 5635 in
1134 5577 1334 5636 vehementiori
1346 5576 1466 5648 exstasi,
1474 5596 1553 5638 mens
1562 5579 1597 5634 ab
1607 5586 1660 5637 uae
1668 5584 1725 5642 rita

928 5674 956 5731 in
971 5672 1047 5731 illam
1063 5668 1144 5728 ritam
1154 5666 1218 5725 furit
1227 5666 1355 5738 alienata,
1368 5678 1502 5727 manente
1519 5665 1644 5738 corporis
1663 5667 1726 5726 rin-

1555 5788 1596 5849 86
