3780 6038
104 227 159 289 929

561 216 853 282 uamonlnonas
872 214 927 284 ss.
945 212 1098 275 ramea.
1117 247 1151 261 -
1170 210 1234 273 ua.
1253 215 1283 277 1.
1318 164 1323 173 ’

1707 212 1759 268 930

102 355 249 413 manducat
263 354 287 412 ei
302 370 383 424 quern
398 352 542 408 manducat
556 351 751 421 incorporatur.
768 348 869 403 Idcirco
885 364 901 402 a
914 344 943 405 A
960 343 1046 417 tingit,
1063 359 1120 398 rem
1134 341 1293 397 sacramenti
1309 338 1399 407 habet,
1415 336 1538 409 quamvis
1558 344 1755 392 sacramentum

106 445 193 501 voluit
215 445 335 500 Christus
358 458 375 497 a
396 440 474 497 uobis
496 439 662 507 manducari,
687 446 715 494 ut
731 454 781 494 nos
794 437 845 492 sibi
861 437 906 491 iu-

103 540 269 603 oorporaret,
287 532 339 587 hoc
367 536 406 586 est
436 537 634 585 sacramentum
660 528 781 597 corporis
797 525 904 595 Christi,

105 638 132 686 et
146 647 190 686 res
203 627 364 685 sacramenti
380 626 502 698 corporis
524 625 634 681 Christi.
655 623 707 694 Qui
720 623 867 678 manducat
881 629 908 676 ct

105 717 294 790 incorporatur
330 721 528 772 sacramentum
556 713 646 783 habet,
676 720 703 767 et
728 729 785 767 rem
814 727 906 767 sacra·

107 807 206 864 menti.
225 805 277 877 Qui
307 805 452 861 manducat
471 813 563 860 elnon
591 804 785 874 incorporatur,
814 818 907 857 sacra-

106 913 229 962 mentum
253 905 344 974 habet,
375 903 422 960 scd
449 920 507 959 rem
542 901 701 958 sacramenti
728 916 783 956 uon
808 899 902 955 habet.

107 994 153 1052 Sic
167 993 213 1066 qai
238 993 435 1066 incorporatur,
461 991 542 1048 ctiam
557 990 578 1046 si
593 989 756 1046 manducare
771 1004 824 1044 non
838 1002 907 1043 con-

960 449 1014 489 non
1042 433 1152 488 habeat.
1186 430 1237 499 Qui
1265 429 1355 496 sumit,
1380 434 1577 482 sacramentum
1598 424 1689 480 babet.
1705 424 1758 494 Qui

960 531 1043 588 credit
1056 538 1082 585 et
1096 528 1193 601 diligit,
1208 543 1266 582 rem
1280 524 1441 582 sacramenti
1466 523 1560 580 habet.
1577 522 1673 578 llelius
1691 537 1757 594 ergo

961 629 1001 676 est
1028 620 1077 684 illi,
1107 618 1152 688 qui
1181 616 1265 673 credit
1293 622 1319 670 et
1347 613 1444 686 diligit,
1471 613 1590 667 etiarnsi
1612 619 1759 667 sumerset

960 709 1123 765 manducare
1138 723 1191 763 non
1208 705 1301 778 possit,
1316 720 1397 774 quam
1423 702 1467 756 ille
1483 701 1528 771 qui
1542 703 1623 756 sumit
1636 709 1664 756 et
1677 716 1757 755 man·

961 808 1049 875 ducat,
1063 814 1090 863 et
1104 823 1158 861 non
1173 804 1265 872 credit,
1293 819 1343 859 nec
1371 801 1477 875 diligit;
1493 801 1536 856 vel
1551 800 1572 854 si
1595 799 1687 868 credit,
1704 815 1758 854 uon

961 897 1058 969 diligit.

574 1297 763 1402 lanta
802 1290 1094 1400 SECUNDA
1137 1284 1422 1392 PASCHAE.

758 1538 954 1607 Secundum
974 1535 1115 1601 Lucam.

144 1735 204 1790 Duo
220 1750 254 1789 ex
267 1734 404 1806 discipulis
418 1735 480 1790 Jesu
494 1733 568 1790 ibant
583 1733 642 1805 ipsa
655 1731 700 1789 die
714 1730 742 1784 in
756 1728 905 1796 castellum,
921 1727 949 1788 Β
964 1739 1013 1778 nus
1027 1727 1088 1794 post
1101 1717 1320 1775 resurrectionem
1343 1716 1503 1788 quibusdam
1528 1720 1667 1791 utriusque
1680 1738 1761 1779 sexus

108 1823 181 1897 quod
210 1831 266 1879 erat
295 1822 321 1877 in
349 1823 436 1895 spatio
464 1822 611 1878 stadiorum
628 1838 663 1876 ux
678 1821 713 1876 ab
727 1817 905 1884 Hierusalem,

106 1911 226 1969 nominoe
250 1912 390 1967 Emmaus.
425 1912 457 1966 Et
481 1911 532 1982 ipsi
556 1910 734 1981 loquebantur
754 1907 906 1963 adinvicem

106 2008 141 2064 de
154 2009 196 2064 his
210 2009 335 2064 omnibus
349 2025 409 2079 quae
424 2009 577 2064 acciderant
590 2010 666 2079 (Lac.
685 2008 771 2065 xarrl.

143 2099 260 2153 Narrant
274 2097 356 2169 graeei
371 2096 515 2169 scriptores
537 2098 675 2170 gigantem
697 2094 836 2151 Herculem
852 2107 907 2147 uno

108 2185 229 2242 anhelitu
243 2201 315 2240 cxxv
327 2201 421 2255 passus
449 2186 605 2241 cucurrisse.
631 2184 735 2254 Quibus
758 2181 908 2239 constiterit

108 2283 231 2355 expletis,
262 2289 288 2339 et
315 2283 427 2339 astando
455 2282 609 2352 hujusmodi
633 2282 760 2354 spatium,
790 2280 905 2335 stadium

108 2372 224 2429 vocarit.
252 2372 298 2426 Est
325 2379 414 2426 autem
443 2372 558 2426 stadium
587 2379 683 2427 octava
703 2386 766 2441 pars
784 2368 903 2438 miliarii,

108 2468 134 2516 et
149 2476 183 2515 nx
206 2459 293 2515 stadia
315 2477 352 2515 ru
376 2460 520 2516 conficiunt
543 2458 677 2526 milliaria,
694 2467 720 2515 at
734 2458 904 2514 medictatem

105 2556 206 2614 octavi.
240 2557 306 2626 Quae
321 2557 348 2611 iu
362 2574 468 2612 summa
492 2557 609 2626 rel-lacta,
632 2557 725 2630 leugas
751 2564 802 2611 tres
816 2553 904 2611 confi·

108 2645 191 2713 ciunt,
207 2653 234 2700 et
248 2645 351 2701 dodran
366 2654 477 2716 quarlae.
498 2649 590 2717 ltaque
606 2663 639 2700 ax
654 2645 740 2701 stadia
760 2660 798 2700 vu
812 2661 905 2715 passus

108 2742 135 2791 et
149 2735 311 2807 quingentos
327 2734 487 2809 significant.
505 2735 583 2805 Quod
597 2735 712 2806 spatium
722 2733 824 2789 itineris
835 2733 905 2789 benc

109 2833 234 2906 congruit
251 2833 290 2888 eis
313 2834 356 2904 qai
380 2832 414 2890 de
443 2842 530 2890 morte
554 2851 586 2890 ac
607 2835 743 2904 sepultura
760 2832 906 2888 Salvatoris

108 2921 182 2989 certi,
198 2920 272 2976 dubii
288 2922 322 2978 dc
334 2922 527 2978 resurrectione
551 2922 752 2995 gradiebantur.
773 2923 842 2977 Nam
858 2939 904 2976 re-

109 3009 303 3065 surrectionem
327 3027 387 3081 quer
410 3018 471 3082 post
492 3010 634 3082 septimam
650 3009 755 3065 sabbati
771 3008 841 3064 lacta
855 3016 904 3078 est,

961 1810 1117 1867 hominibus
1140 1816 1166 1863 et
1186 1808 1292 1880 agnitus
1320 1822 1373 1861 non
1398 1807 1441 1874 sit,
1472 1815 1499 1862 et
1527 1810 1689 1881 agnitussit.
1706 1812 1759 1868 Ubi

961 1900 1078 1971 primurn
1094 1897 1189 1969 quaerit
1201 1895 1269 1950 solet
1284 1902 1370 1949 utrum
1386 1895 1412 1948 in
1428 1894 1608 1968 ejuscorpore
1621 1914 1655 1954 an
1670 1900 1759 1970 potius

961 1994 989 2049 in
1003 1995 1109 2050 illorum
1123 1993 1208 2049 oculis
1236 1991 1337 2062 aliquid
1365 1990 1465 2047 lactum
1480 1993 1514 2046 sit
1531 2010 1584 2064 quo
1602 2011 1656 2051 non
1672 1997 1760 2068 possit

961 2083 1082 2156 agnosci.
1112 2082 1222 2153 Legitur
1249 2081 1320 2136 enim
1338 2097 1345 2134 ι
1364 2101 1375 2128 α
1393 2080 1564 2138 Tenebantur
1582 2085 1652 2139 oculi
1664 2101 1757 2141 eorum

961 2189 996 2228 ne
1017 2178 1195 2244 agnoscerent
1208 2187 1279 2225 eum.
1297 2192 1308 2217 u
1326 2168 1395 2224 tlibi
1412 2178 1503 2239 aperte
1517 2170 1632 2228 dicitur:
1651 2197 1662 2223 a
1676 2189 1759 2247 appa·

961 2261 1013 2317 ruit
1027 2260 1080 2314 illis
1094 2260 1122 2313 iu
1137 2258 1190 2314 alio
1204 2257 1293 2331 effigie
1308 2258 1404 2329 (licre.
1420 2261 1488 2329 xri).
1508 2281 1518 2307 n

996 2358 1050 2414 Sed
1065 2373 1112 2414 our
1125 2373 1180 2413 nou
1192 2363 1283 2412 movet
1298 2356 1369 2426 quod
1394 2356 1422 2411 iu
1445 2354 1677 2429 transfiguratione
1698 2368 1759 2418 ante

960 2447 1113 2520 passionem
1129 2446 1216 2501 vultus
1240 2445 1298 2515 ejus
1317 2443 1473 2516 splendibus
1487 2444 1538 2499 luit
1551 2453 1579 2501 ut
1592 2447 1643 2514 sol,
1660 2455 1760 2519 etpost

960 2535 1183 2611 resurrectionem
1212 2540 1304 2589 moret
1325 2533 1493 2604 aliquatenus
1516 2534 1679 2592 lineamenta
1696 2554 1760 2594 mu·

961 2632 1015 2680 tutu
1031 2641 1098 2691 esse,
1114 2632 1143 2678 ut
1158 2639 1212 2677 non
1226 2631 1317 2692 posset
1336 2623 1457 2694 agnosci.
1474 2622 1510 2677 Et
1524 2639 1629 2679 rursum
1644 2625 1683 2681 sic
1698 2635 1760 2684 tuno

961 2713 1101 2784 pristinum
1129 2712 1258 2779 colorem,
1275 2711 1313 2765 sic
1327 2718 1354 2765 et
1368 2719 1428 2782 post
1455 2713 1677 2768 resurrectionem
1701 2715 1761 2784 pri-

960 2801 1209 2856 stinalineamenta
1238 2815 1388 2854 revocasse.
1420 2800 1461 2853 llll
1488 2807 1540 2854 tres
1558 2800 1683 2870 discipuli
1697 2810 1759 2859 aute

961 2914 1074 2968 quorum
1088 2898 1179 2952 oculos
1194 2896 1395 2969 transfiguratus
1411 2903 1450 2952 est
1472 2896 1499 2950 in
1514 2904 1614 2965 monte,
1630 2914 1685 2954 non
1700 2916 1761 2955 eum

960 2993 1137 3059 agnoscerent
1164 2987 1186 3039 si
1211 2987 1270 3040 talis
1298 2985 1332 3040 ad
1369 3001 1416 3040 eos
1441 2985 1550 3041 aliunde
1573 2987 1698 3044 venisset.
1730 2989 1761 3046 Si

109 3106 205 3155 octavo
227 3115 339 3154 numero
367 3099 497 3155 contineri
526 3100 584 3169 quis
613 3099 755 3171 ambigit‘l
778 3097 907 3167 Discipuli
923 3078 948 3142 C
964 3076 1023 3146 ίΙυἰε
1048 3074 1179 3143 jumnem
1207 3074 1311 3129 videret
1337 3090 1417 3143 ‘1⁰⁰³‘
1445 3089 1499 3129 ¹¹⁰⁰
1528 3074 1578 3129 niSi
1598 3075 1760 3132 infaflffllllffl

110 3212 177 3269 ergo
197 3196 241 3266 qui
256 3197 289 3251 de
304 3197 420 3253 Domino
448 3197 588 3268 loquentes
615 3197 775 3253 incedebant
802 3203 907 3250 sextum

110 3284 210 3358 incepti
240 3286 341 3340 itineris
369 3286 515 3342 milliarum
545 3285 756 3358 compleverunt,
773 3284 907 3357 qniillum

108 3373 167 3431 sine
180 3376 287 3446 querela
302 3376 437 3432 virentem
448 3393 531 3446 nsque
547 3375 581 3431 ad
597 3382 719 3441 mortem,
738 3391 817 3444 quam
832 3381 909 3429 sexta

111 3464 223 3520 Sabbati
238 3465 329 3533 subiit,
351 3466 505 3535 pervenisse
532 3464 668 3519 delebant.
700 3464 909 3535 compleverunt

110 3560 138 3608 et
152 3553 307 3624 septimum,
324 3554 386 3624 quia
410 3555 480 3609 hunc
510 3553 537 3608 in
565 3553 687 3624 sepulcro
708 3552 840 3624 quievisse
855 3567 909 3608 nou

110 3641 281 3697 dubitabant.
311 3642 411 3698 Verum
440 3648 565 3698 octavum
595 3642 706 3697 minime
735 3647 906 3714 peregerunt,

111 3740 175 3813 quia
189 3740 390 3796 resurrectionis
404 3741 518 3812 gloriam
535 3756 588 3796 non
611 3740 728 3811 perlecta
754 3739 907 3794 credebant.

110 3827 243 3882 Emmaus
269 3833 308 3879 cst
334 3825 472 3897 Nicopolis
495 3826 589 3881 civitas
617 3825 730 3897 insignis
757 3824 908 3893 Palestinae,

112 3931 173 3986 quae
187 3921 248 3987 post
262 3915 489 3986 expugnationem
514 3915 615 3970 Judaeae
630 3914 679 3969 sub
693 3915 783 3969 lllarco
803 3915 909 3970 Aurelio

111 4013 227 4069 Antonio
254 4014 375 4086 principe
404 4021 560 4081 restaurata,
590 4030 651 4070 curn
673 4020 742 4068 statu
757 4013 870 4068 mutarit
884 4020 911 4067 et

110 4119 225 4159 nomen.

105 4192 107 4196 ⁴
149 4215 160 4243 a
178 4192 212 4246 Et
225 4191 326 4247 iactum
342 4200 380 4246 est
394 4191 459 4246 dum
475 4191 668 4257 fabularentur,
685 4199 712 4246 ct
725 4207 815 4247 secum
832 4205 910 4260 quus·

110 4288 211 4350 rerent,
227 4281 447 4353 appropinquans
475 4280 532 4336 ibat
557 4297 618 4335 cum
647 4280 708 4334 illis.
726 4280 803 4336 Oculi
817 4294 910 4334 eorum

960 3172 1080 3238 vidisset,
1105 3187 1159 3227 non
1183 3173 1274 3241 utique
1295 3179 1462 3242 agnosceret.
1483 3173 1524 3226 lln
1547 3172 1581 3226 ad
1597 3172 1761 3232 lineamenta

961 3261 1090 3316 mutanda
1104 3276 1159 3316 non
1177 3267 1265 3330 potest
1289 3259 1411 3314 celeriter
1433 3260 1541 3315 Domini
1556 3269 1673 3333 potestas
1688 3265 1760 3335 quod

961 3357 1049 3423 potest
1064 3366 1112 3421 per
1126 3365 1258 3405 annorum
1273 3364 1363 3404 moras
1376 3349 1493 3404 hominis
1507 3352 1599 3405 aetas‘?

1000 3472 1011 3499 l
1029 3449 1063 3504 Et
1089 3448 1125 3503 ait
1153 3447 1187 3503 ad
1215 3447 1276 3502 illos
1301 3467 1307 3502 :
1337 3445 1388 3517 Qui
1412 3454 1473 3501 sunt
1492 3448 1519 3502 lii
1542 3465 1679 3506 sermones
1693 3469 1761 3522 quos

962 3537 1090 3594 consertis
1104 3537 1137 3591 ad
1152 3536 1267 3591 invicem
1290 3535 1459 3591 ambulantes
1473 3544 1500 3590 et
1513 3537 1576 3592 estis
1600 3540 1712 3595 tristes?
1727 3544 1760 3598 Et

961 3626 1129 3697 respondens
1142 3642 1221 3693 unus,
1237 3626 1280 3680 oui
1295 3641 1393 3680 nomen
1409 3625 1551 3696 Cleoplras,
1573 3627 1642 3683 dixit
1656 3630 1699 3685 ei:
1721 3632 1760 3686 Tu

961 3716 1035 3770 solus
1049 3715 1207 3787 peregrinus
1229 3730 1257 3770 es
1280 3714 1308 3767 iu
1331 3714 1507 3779 Hierusalem,
1525 3722 1551 3771 et
1578 3732 1632 3772 non
1654 3733 1759 3789 cogno-

961 3815 1022 3871 visti
1046 3814 1196 3885 quaefacta
1225 3821 1286 3867 sunt
1323 3813 1350 3867 in
1372 3813 1418 3868 illa
1445 3814 1487 3868 liis
1509 3814 1635 3869 diebus?
1659 3816 1761 3885 Quibus

963 3904 1007 3959 ille
1032 3904 1100 3958 dixit
1117 3922 1123 3958 :
1139 3902 1231 3972 Qum?
1255 3908 1282 3957 et
1301 3903 1449 3957 dixerunt:
1474 3902 1515 3957 De
1528 3903 1591 3958 Jcsu
1609 3905 1759 3974 Nazareno,

964 3993 1008 4063 qui
1025 3993 1075 4047 luit
1100 3993 1142 4046 vir
1169 3993 1299 4064 propheta
1323 4000 1419 4060 potens
1446 3990 1473 4044 in
1502 4007 1584 4061 opere
1598 4000 1623 4047 et
1637 4009 1761 4051 sermone

963 4108 1054 4146 eoram
1070 4091 1126 4145 Deo
1142 4098 1167 4145 et
1182 4090 1256 4145 cinni
1271 4090 1390 4161 populo,
1407 4095 1433 4142 et
1447 4090 1583 4158 quomodo
1597 4089 1763 4148 tradiderunt

964 4196 1025 4235 eum
1048 4179 1146 4233 summi
1166 4179 1317 4233 sacerdotes
1340 4186 1366 4232 et
1390 4176 1524 4248 principes
1547 4178 1628 4233 nostri
1644 4179 1671 4232 iu
1686 4180 1762 4237 darn·

963 4268 1100 4324 nationem
1127 4268 1229 4335 mortis,
1253 4274 1279 4321 et
1302 4265 1490 4321 crucifixerunt
1512 4284 1585 4322 cum.
1602 4269 1658 4324 Nos
1671 4278 1761 4327 autern

110 4370 280 4437 tenebantur,
297 4387 331 4426 ne
345 4386 406 4426 eum
428 4378 614 4442 agnoscerent.
628 4393 638 4418 a
662 4368 854 4424 Fabulurentur
868 4383 912 4423 ao·
962 4366 1137 4438 sperabamus
1161 4365 1224 4435 quia
1251 4372 1321 4420 esset
1334 4364 1520 4437 redempturus
1534 4368 1625 4422 lsrael.
1639 4391 1649 4417 u
1669 4370 1764 4425 Soeius

111 4459 173 4531 cipe
189 4476 237 4531 pro
252 4461 433 4530 loquerentur.
450 4458 606 4528 Quarerent
627 4458 721 4527 verbo,
746 4459 798 4513 hoc
812 4464 852 4511 cst
866 4457 909 4510 in·
924 4442 951 4504 D
967 4456 1094 4527 Cleopba,
1129 4454 1275 4510 vocabatur
1306 4456 1427 4524 maon,
1465 4462 1530 4512 teste
1562 4457 1704 4514 Ambrosio
1735 4458 1764 4513 iu

113 4548 250 4620 quirerent
279 4549 430 4619 Scripturas
454 4548 487 4603 de
514 4548 627 4604 carisio.
653 4549 804 4618 Loquentes
825 4547 859 4601 de
883 4563 911 4602 sc
966 4548 1075 4602 Lucam.
1106 4545 1280 4617 Peregrinum
1304 4552 1399 4615 putant
1425 4561 1505 4614 quern
1520 4556 1758 4617 nonagnoseunt.

113 4646 246 4703 Dominus
268 4647 489 4718 appropinquans
507 4648 658 4712 comitatur,
684 4655 712 4701 ut
732 4645 850 4701 attidem
866 4661 912 4701 re·
965 4637 1000 4691 Εῐ
1014 4651 1076 4690 Vere
1092 4635 1250 4707 pelegrinus
1270 4641 1326 4689 01'81
1341 4634 1380 4689 tis
1395 4650 1411 4689 a
1426 4650 1540 4704 quorum
1555 4635 1698 4706 fragilitate
1714 4653 1763 4707 per

113 4735 286 4791 surrectionis
301 4736 435 4790 mentibus
453 4752 545 4791 eorum
575 4736 707 4800 incendat,
738 4743 765 4790 et
788 4735 861 4805 quod
884 4751 912 4789 se

113 4823 274 4897 promiserat
289 4824 419 4879 iacturum
437 4825 566 4894 impleat:
583 4849 593 4874 o
606 4825 658 4880 Ubi
670 4825 792 4879 suntduo
807 4825 913 4879 veltres

114 4920 272 4992 congregati
289 4920 315 4973 in
331 4921 440 4975 nomine
455 4937 526 4989 meo,
542 4922 580 4976 ibi
599 4938 658 4975 sum
674 4921 700 4975 iu
715 4920 804 4975 medio
819 4936 912 4976 eorum

113 5009 226 5082 (Mutila.
256 5010 346 5078 xviri).
365 5031 375 5055 ιι
408 5011 537 5080 appamit
571 5009 689 5080 quidem,
719 5008 766 5064 sed
795 5009 912 5080 speciem

115 5113 197 5168 quam
224 5105 449 5170 recognoscerent
475 5114 530 5153 non
557 5097 682 5153 ostendit.
707 5097 782 5153 Sicut
810 5097 859 5169 ipsi
887 5104 914 5152 ct

114 5186 187 5241 intus
215 5187 352 5253 curabant,
382 5193 409 5241 ct
436 5194 525 5241 tamen
553 5186 720 5252 dubitabant,
750 5187 788 5242 sic
816 5187 912 5256 etipse

114 5274 181 5332 foris
194 5284 220 5331 et
233 5292 351 5348 praesens
364 5275 448 5343 adest,
461 5283 488 5329 et
501 5277 560 5346 quis
574 5275 608 5329 sit
622 5290 675 5330 non
690 5273 814 5330 ostendit.
829 5274 870 5330 De
883 5291 913 5330 se

965 4733 1080 4805 gloriam
1106 4732 1307 4786 resurrectionis
1328 4733 1385 4802 jam
1408 4731 1489 4804 longe
1507 4732 1602 4798 stabat,
1619 4745 1762 4802 equorum

965 4822 1017 4877 fide
1035 4820 1235 4876 resurrectionis
1263 4820 1322 4889 ejus
1344 4820 1436 4876 nescia
1464 4829 1606 4876 extraneus
1621 4837 1763 4891 permane·

965 4911 1021 4966 bat.
1049 4912 1209 4982 Proplretam
1229 4908 1338 4978 quidem
1368 4916 1393 4964 ct
1420 4926 1549 4980 magnum
1574 4909 1699 4978 latentur,
1715 4909 1763 4965 sed

967 5010 1063 5065 Filium
1079 5010 1127 5065 Dei
1143 5014 1240 5072 tacent,
1258 5008 1298 5062 rel
1323 5009 1386 5079 quia
1401 5008 1428 5061 id
1441 5007 1559 5061 nondum
1576 5008 1695 5079 perlecta
1709 5025 1764 5066 ore·

966 5099 1042 5164 alulit,
1065 5098 1107 5152 rel
1131 5103 1157 5151 et
1181 5097 1202 5149 si
1228 5097 1348 5162 eredunt,
1367 5097 1459 5151 timent
1476 5095 1542 5150 tradi
1558 5096 1585 5150 in
1603 5114 1699 5153 manus
1712 5100 1762 5153 Ju-

966 5189 1096 5250 daeorum,
1122 5184 1271 5239 nescientes
1292 5201 1352 5240 crim
1376 5200 1429 5254 quo
1449 5185 1601 5254 loquuntur.
1627 5185 1764 5255 Quodam-

966 5273 1047 5330 modo
1063 5271 1142 5328 etiam
1159 5273 1323 5345 redarguunt
1346 5273 1450 5344 seipsos
1465 5273 1537 5343 quod
1553 5273 1580 5327 in
1595 5272 1641 5330 illo
1655 5275 1764 5332 redem-

114 5380 181 5438 ergo
195 5364 365 5435 loquentibus
380 5363 550 5436 presentiam
576 5364 695 5430 exhibet,
720 5364 768 5419 sed
782 5363 817 5418 de
831 5362 913 5418 dubi·
967 5364 1085 5436 ptionem
1100 5370 1283 5433 speraverant,
1300 5378 1380 5432 quem
1404 5370 1537 5417 mortuum
1561 5362 1694 5432 riderent,
1715 5381 1766 5421 uec

116 5453 235 5510 lantibus
248 5453 367 5525 speciem
380 5452 543 5527 cognitionis
556 5452 652 5509 aufert.
668 5452 738 5509 Hinc
751 5452 915 5526 Augustinus
965 5459 1174 5508 resurrecturum
1201 5451 1340 5508 ridebant.
1365 5452 1398 5508 Et
1411 5451 1530 5509 maxime
1558 5452 1687 5511 dolebant
1701 5470 1764 5510 eum

117 5540 231 5598 Paulino
246 5542 375 5614 episcopo
390 5542 417 5597 in
439 5542 552 5614 epistola
570 5540 631 5612 illa,
650 5541 728 5611 Quod
748 5541 782 5600 da
795 5557 914 5615 parurn·
965 5541 1023 5598 sine
1036 5541 1116 5612 calpa
1139 5540 1258 5597 occisum
1286 5556 1368 5614 quem
1393 5542 1563 5599 innocentem
1577 5552 1724 5614 -norerant,
1740 5547 1769 5597 et

119 5642 198 5700 acco
207 5643 267 5697 um
276 5655 412 5714 prospero
422 5641 526 5713 fratris
536 5643 564 5697 et
574 5641 792 5715 compresbyteri
801 5640 912 5697 notin:
966 5653 1000 5696 ex
1014 5639 1067 5695 hoc
1080 5638 1168 5695 tristes
1183 5639 1358 5697 incedebant.

106 5744 135 5789 ἰ
150 5735 292 5810 inquisitio
305 5739 537 5814 tuaaototmnltos
545 5754 665 5812 morere,
675 5738 814 5813 monsedo
821 5738 916 5797 Domi·
1004 5737 1069 5796 «ttt
1080 5753 1153 5797 nuuc
1165 5754 1247 5814 super
1259 5738 1352 5800 omnia
1365 5740 1446 5801 tertia
1463 5740 1521 5798 dies
1533 5745 1576 5797 est
1588 5739 1679 5810 hodie,
1693 5732 1773 5811 quad
