3780 6038
113 253 182 309 ttt5

575 244 868 303 DEFLORATIONES
888 246 941 303 SS.
965 245 1115 303 arctabat.
1134 279 1169 290 -
1188 248 1255 304 ΗΒ.
1280 252 1314 307 ll.

1699 257 1709 308 l
1717 255 1767 310 tta

113 377 242 433 deorsum
258 384 308 443 est,
321 376 403 433 latum
420 382 471 442 est,
487 375 626 447 breveque
649 372 676 426 in
698 370 864 444 profundum
885 370 955 433 etA
970 371 1160 444 aduidtttcen.
1172 384 1188 447 ι)
1201 391 1208 446 ;
1220 383 1249 431 ut
1257 378 1413 436 ostenderet
1423 380 1496 452 quod
1507 379 1630 436 similiter
1639 380 1667 436 ia
1683 382 1763 440 ratio·

112 474 149 530 ad
171 475 349 544 praecipitium
374 473 465 530 facile.
501 471 567 528 ldeo
600 469 725 526 Christus
758 469 911 540 exemplum

113 564 283 634 paupertatis
299 562 415 633 reliquit,
430 569 458 616 ut
473 558 612 617 exonerati
624 558 731 615 sarcina
741 566 912 614 terrenarum

114 667 213 717 rerum,
226 651 301 707 leves
311 651 489 708 ascendamus
504 666 555 722 per
569 649 682 705 arduum
690 646 846 718 exemplum
857 646 911 701 hn-

118 748 251 815 militatis,
268 757 295 803 ut
310 749 413 804 modici
427 748 486 804 sine
500 747 659 803 difficultate
674 755 847 802 transeamus
862 761 912 816 per

114 845 219 893 arctum
235 837 395 908 exemplum
410 837 555 908 patientia,
572 853 606 892 ne
620 834 781 892 deficiamus
796 834 824 889 in
843 835 907 889 lon·

112 942 190 997 gum.
207 926 367 998 Exemplum
380 927 548 998 paupertatis
563 926 637 981 dedit
647 941 709 981 curu
717 925 785 979 dixit
801 941 806 976 :
822 923 910 979 «Vul-

113 1039 163 1095 pes
179 1024 270 1079 foreas
287 1024 396 1092 babent,
412 1033 439 1079 ει
463 1023 586 1080 volucres
615 1023 681 1080 coeli
708 1022 797 1090 nidos,
827 1021 910 1076 Filius

115 1120 205 1167 autem
220 1112 339 1168 hominis
355 1113 501 1169 nonhabet
516 1113 562 1168 ubi
581 1121 662 1184 caput
685 1128 766 1167 saum
795 1110 910 1167 reclinet

113 1200 193 1272 (dac.
205 1208 255 1272 tx).
274 1222 285 1252 r
303 1202 462 1273 Exemplum
476 1201 636 1257 humilitatis
650 1200 734 1266 dedit,
750 1199 883 1257 cumdixit
900 1217 908 1255 ι

119 1299 280 1355 «Discitea
297 1315 341 1355 me
364 1300 425 1371 quia
448 1299 521 1356 mitis
548 1317 608 1355 sum
633 1308 660 1355 et
687 1299 796 1355 humilis
825 1297 909 1356 corde

114 1387 232 1458 (lfoftlt.
251 1393 301 1457 ιιι.
319 1389 509 1460 »Exemplum
528 1389 666 1461 patiemim
689 1388 764 1444 dedit
787 1388 907 1459 quando,

114 1492 178 1533 cum
192 1485 391 1550 percuteretur,
408 1494 461 1534 nnn
473 1477 650 1550 repercussit,
666 1491 726 1534 cum
739 1478 802 1547 joco
816 1476 908 1532 caede·

114 1583 199 1640 retur,
212 1576 342 1631 sustinuit
356 1597 366 1643 ,·
379 1576 537 1649 exemplum
552 1575 729 1647 paupertatis,
746 1575 807 1646 quia
819 1575 846 1629 in
856 1575 908 1631 boc

114 1663 216 1719 mundo
227 1664 335 1720 divitias
348 1665 451 1721 habere
465 1664 552 1721 noluit
566 1680 573 1735 ;
594 1664 751 1736 exemplum
767 1663 909 1719 bumilita-

967 461 1021 516 nali
1035 471 1137 518 natura
1151 466 1224 537 quod
1238 466 1357 536 primum
1372 485 1434 525 esse
1448 469 1563 540 primum
1580 470 1681 527 fautum
1691 481 1761 543 erat,

966 558 1062 620 postes
1075 561 1165 607 autem
1180 555 1322 626 pulchrum
1337 573 1399 613 esse
1414 566 1439 612 et
1454 557 1604 614 formosum
1625 576 1686 616 esse
1703 573 1710 619 ι
1735 570 1763 618 ct

966 649 1062 704 melius
1078 650 1233 707 addendum
1249 661 1315 722 erat,
1333 663 1361 709 ut
1374 671 1427 710 nnn
1449 657 1530 713 nimis
1552 657 1714 729 gloriaretur
1733 660 1761 714 ia

965 752 998 792 eo
1010 738 1080 810 quod
1090 738 1191 794 bonum
1203 742 1319 811 primurn
1331 754 1482 816 acceperat,
1495 745 1583 802 sedad
1595 747 1661 803 illud
1671 748 1762 818 potius

964 825 1190 899 festinaretquod
1200 832 1399 901 postenrnelius
1409 844 1553 902 acceptura
1563 844 1631 893 erat.
1642 837 1695 893 Sed
1702 837 1762 908 pri·

964 924 1120 994 mogenitus
1136 926 1255 995 primum
1271 929 1367 985 dilexit
1377 940 1405 986 ut
1425 932 1549 1002 perderet
1573 931 1761 999 novissimum,

964 1018 991 1066 et
1004 1011 1065 1067 iden
1081 1015 1243 1085 reprobatus
1257 1025 1299 1072 est
1314 1027 1340 1073 et
1354 1017 1401 1074 ille
1415 1019 1442 1073 in
1458 1020 1527 1076 coelo
1537 1028 1563 1076 et
1574 1019 1601 1074 in
1613 1028 1695 1078 terra.
1707 1021 1764 1079 Sed

963 1099 1009 1155 ille
1024 1100 1058 1157 de
1073 1102 1144 1159 coelo
1159 1103 1264 1173 ejectus
1278 1105 1306 1160 in
1320 1113 1422 1163 terram
1447 1109 1583 1166 bominem
1610 1126 1660 1181 per
1688 1110 1760 1165 invi-

963 1195 1038 1252 diam
1054 1199 1238 1271 supplantavit
1254 1222 1261 1269 ;
1278 1202 1329 1259 iste
1343 1204 1370 1259 in
1398 1213 1470 1260 terra
1490 1206 1625 1276 reprobus
1649 1205 1762 1264 effectus

962 1284 1071 1342 fratrem
1083 1305 1159 1344 suum
1171 1290 1284 1347 zelando
1299 1292 1407 1361 occidit,
1435 1293 1499 1365 quia
1521 1295 1591 1350 euim
1612 1295 1666 1351 vita
1690 1295 1762 1352 illius

962 1376 1096 1446 gravissi
1112 1377 1160 1433 fuit
1175 1396 1183 1433 ε
1198 1379 1261 1436 ideo
1276 1380 1311 1435 ad
1322 1388 1438 1438 mortem
1449 1381 1521 1437 illius
1535 1382 1682 1440 festinavit.
1694 1384 1763 1441 Cru-

962 1472 1172 1533 ciabaturcuim
1186 1494 1302 1550 nequam
1327 1480 1496 1537 conscientia
1519 1482 1641 1553 quotidie
1665 1490 1762 1541 contra

963 1578 994 1617 se
1008 1563 1188 1621 testimonium
1203 1582 1321 1623 cernens
1335 1569 1422 1624 vitam
1433 1569 1513 1639 justi,
1530 1578 1558 1625 et
1572 1570 1648 1641 quasi
1672 1571 1763 1643 gravis

962 1649 988 1705 ei
1003 1652 1036 1706 ad
1054 1653 1199 1710 videndum
1216 1654 1275 1723 fnit,
1292 1673 1325 1713 ex
1340 1658 1417 1725 cujus
1439 1658 1599 1729 poenitentia
1623 1675 1670 1714 sua
1693 1674 1763 1716 oon-

115 1752 159 1819 tis,
176 1752 241 1824 quia
254 1752 373 1825 gloriam
388 1753 501 1825 sprevit,
517 1753 672 1825 exemplum
687 1753 835 1825 patieutiae,
846 1732 1146 1824 qutassdernnabarnr
1173 1753 1273 1810 malitia
1312 1756 1415 1812 idcirco
1444 1757 1552 1813 auferre
1581 1757 1720 1816 festinavit
1746 1773 1773 1816 e.

114 1848 187 1904 mala
204 1850 342 1906 sustinuit.
358 1852 425 1906 Cum
440 1851 598 1907 laudaretur
611 1867 666 1908 non
681 1851 836 1917 laetabatur3
848 1865 911 1905 cum
966 1840 1056 1896 ¹¹¹0dl0
1070 1841 1169 1911 ipsum,
1181 1858 1216 1899 ne
1231 1860 1292 1900 0¹1¹ss
1309 1845 1416 1901 11111111
1430 1845 1464 1901 td
1481 1845 1762 1903 10111111011118111111

114 1937 336 2007 malediceretur,
360 1955 414 1995 non
439 1941 596 1996 tristabatur
612 1960 619 2007 ;
644 1956 705 1997 curn
729 1948 909 2011 premeretur,
965 1944 1045 2000 (tuem
1060 1930 1152 1986 videte
1166 1932 1252 1988 noluit
1266 1934 1301 1989 ad
1316 1934 1514 1991 correctionem
1530 1951 1607 1990 suam
1623 1942 1650 1991 ει
1664 1951 1761 1991 emea-

115 2042 170 2081 non
185 2025 381 2100 frangebatur.
401 2030 449 2084 Ait
463 2029 572 2099 quidam
587 2029 629 2084 illi
645 2047 652 2084 :
667 2052 679 2075 ι
691 2028 909 2101 Magisterbone.
965 2026 1111 2097 dationem,
1128 2029 1243 2087 fortasse
1257 2033 1397 2088 aestimans
1413 2038 1508 2104 postea
1523 2048 1576 2089 non
1600 2033 1659 2090 fare
1673 2035 1762 2090 Deum

116 2121 151 2176 Et
164 2121 320 2192 respoudit.
340 2122 411 2192 Quid
424 2140 467 2179 me
481 2123 551 2179 dicis
566 2123 689 2180 bonurn?
713 2147 724 2172 a
751 2124 846 2191 (Marc.
863 2126 908 2189 x.)
965 2114 1270 2190 vindiceminiqnitatis,
1286 2121 1309 2175 si
1328 2136 1382 2176 non
1402 2130 1559 2193 superesset
1577 2122 1659 2178 homo
1671 2123 1762 2192 justus

113 2218 187 2276 ΕΜ
202 2220 352 2276 humilitas,
368 2221 402 2276 Er
416 2221 464 2277 avii
480 2221 626 2278 dixerunt:
646 2244 657 2271 .
674 2220 843 2278 [amonium
859 2222 910 2275 ha.
965 2207 1041 2260 testis
1051 2206 1183 2262 veritatis.
1200 2208 1246 2265 Sic
1260 2225 1328 2282 crgo
1341 2210 1406 2265 Cain
1426 2209 1587 2267 interfector
1602 2210 1691 2266 fratris
1713 2212 1762 2267 Ba·

115 2308 175 2364 bes.
190 2308 226 2364 Et
239 2309 309 2365 dixit
320 2328 327 2365 s
338 2311 400 2384 Ego
415 2311 580 2367 demonium
595 2326 650 2367 non
666 2311 763 2379 haben,
789 2310 837 2366 sed
856 2311 910 2366 ho·
964 2302 1071 2376 bylonis
1085 2303 1261 2361 tnnuarnanra
1275 2307 1374 2378 posuit,
1392 2308 1462 2364 Abel
1486 2316 1577 2365 autem
1601 2308 1762 2366 interfectus

114 2396 232 2455 noanon
248 2399 358 2454 Patrem
370 2416 462 2455 meum
478 2402 569 2471 (loon.
581 2414 650 2472 vni).
663 2423 674 2449 v
688 2401 758 2456 Ecce
768 2398 908 2470 patientia,
964 2393 1098 2466 sanguine
1113 2410 1162 2449 suo
1176 2395 1325 2466 primordia
1340 2396 1512 2454 Hierusalem
1528 2398 1555 2452 in
1571 2406 1646 2454 terra
1665 2414 1762 2456 eonse-

113 2493 149 2550 El
161 2509 222 2552 cum
238 2495 391 2567 requireret
404 2512 465 2552 eum
482 2497 608 2568 ροβῃιῃς,
624 2504 654 2551 ut
675 2513 771 2569 segem
797 2495 907 2564 faceret!
963 2483 1059 2537 Cl'flvll.
1076 2482 1452 2559 Siclsmflelpl'lmogessllllfl
1468 2486 1602 2558 l'epl'oblls
1613 2486 1762 2553 mildam

113 2584 160 2640 itte
174 2583 331 2640 humititatis
346 2585 503 2656 exemptum
514 2586 594 2642 nobis
609 2585 764 2658 retiaquens
784 2584 861 2657 tugis,
882 2591 910 2640 et
963 2592 1030 2632 vero
1045 2577 1148 2635 electus
1164 2598 1171 2642 s
1187 2580 1258 2635 Esau
1274 2597 1384 2653 quoque
1398 2582 1434 2636 ab
1448 2580 1618 2638 hereditatis
1633 2592 1705 2640 sorte
1733 2591 1761 2639 et

111 2671 229 2746 gloriam
243 2674 346 2745 sprevit
362 2691 369 2729 :
385 2675 588 2731 camulianum
605 2674 640 2731 ad
660 2676 719 2731 ιρι
748 2672 909 2745 pertinentia
962 2665 1037 2722 dono
1053 2667 1253 2724 benedictionis
1267 2671 1438 2740 reprobatur.
1455 2678 1482 2726 et
1495 2671 1581 2727 Jacob
1594 2670 1718 2745 diligitur
1732 2680 1760 2728 et

110 2763 251 2834 exempta.
962 2754 1099 2829 erigitnr3
1119 2765 1147 2812 et
1165 2758 1313 2828 reprobato
1341 2759 1422 2814 Eiiab
1446 2759 1642 2830 primogenito,
1672 2760 1760 2818 David

147 2868 241 2924 Prima
263 2885 330 2941 ergo
349 2876 566 2940 est'paupertas,
592 2879 621 2926 ut
647 2870 810 2940 abjiciamus
833 2871 906 2944 quod
958 2849 1053 2919 junior
1061 2851 1095 2906 ad
1107 2852 1186 2923 regni
1197 2851 1337 2924 fastigium
1352 2853 1525 2910 sublimatur.
1543 2855 1658 2927 Semper
1668 2864 1758 2911 autern

110 2966 217 3030 mm,
233 2958 260 3013 in
275 2974 330 3031 quo
345 2968 386 3015 est
397 2959 528 3030 peccandi
552 2961 672 3018 occasio·
694 2961 727 3015 El
747 2960 812 3033 qu„
836 2976 906 3032 pau,
961 2938 1271 2998 militesdiabntifurore
1290 2950 1488 3016 pugnaverunt,
1500 2952 1527 3000 et
1542 2943 1643 3001 milites
1660 2943 1760 3001 Christi

112 3064 203 3128 penas
214 3055 374 3127 despicimr'
392 3056 512 3129 sequitu,
524 3056 672 3125 humilius,
685 3074 737 3129 qua
748 3057 807 3127 ipsa
822 3057 904 3112 enam
960 3029 1089 3098 patientis
1103 3029 1202 3097 vicere,
1219 3048 1312 3103 regern
1329 3049 1407 3087 suum
1423 3033 1591 3104 paupertatis
1615 3049 1709 3090 amore
1732 3040 1760 3089 et

110 3154 223 3217 prome,
240 3144 389 3201 Dominum
408 3145 500 3201 ,imas
519 3155 632 3210 amman
653 3154 680 3202 οἱ
707 3147 772 3219 qui,
800 3163 905 3201 ,ussum
960 3125 1120 3180 humilitatis
1139 3127 1229 3182 studio
1259 3136 1415 3201 sequentes,
1443 3128 1574 3200 patientia
1600 3137 1689 3186 autem
1723 3127 1759 3184 ad

111 3235 158 3306 qui
174 3233 235 3290 vilis
249 3243 291 3290 est
306 3233 364 3289 sine
375 3235 525 3290 reverentia
538 3235 657 3303 laeditur,
682 3235 840 3292 necessaria
864 3244 906 3291 est
959 3214 1048 3286 ipsum
1064 3215 1265 3286 pervenientes.

110 3337 173 3404 post
190 3331 367 3388 humilitatem
396 3333 534 3403 patientia,
570 3349 632 3390 curn
664 3334 757 3390 omnia
789 3334 905 3389 adversa
1076 3314 1644 3386 Exempladevaflstffnssfwufavium·

109 3426 223 3493 propter
236 3419 328 3476 Deum
345 3419 449 3476 fortiter
462 3421 628 3478 tolerentur.
647 3424 798 3494 Paupertas
813 3424 904 3478 levem
995 3417 1138 3487 Quomodo
1156 3420 1182 3474 in
1199 3421 1328 3491 praesenti
1342 3421 1489 3494 evangelio
1503 3422 1607 3478 mentio
1621 3422 1693 3479 facta
1715 3429 1758 3479 est

109 3509 172 3565 facit
184 3517 210 3564 ει
238 3508 404 3580 expeditum,
433 3510 573 3566 humilitas
601 3512 749 3578 modicum,
777 3511 905 3583 patientia
959 3514 1048 3570 avium
1065 3524 1092 3570 ει
1106 3516 1262 3581 herbarum,
1278 3526 1367 3573 ratum
1383 3517 1514 3574 duximus
1541 3518 1633 3591 aliqua
1656 3519 1691 3576 de
1714 3520 1755 3577 eis

108 3605 206 3663 fortem
222 3614 249 3662 ει
263 3606 416 3663 robustum.
432 3609 549 3665 Econtra
563 3608 692 3665 diabolus
706 3625 771 3665 suos
787 3609 905 3681 primum
958 3603 1020 3660 huit)
1033 3604 1110 3676 operi
1131 3604 1253 3662 inserere
1268 3605 1301 3661 ad
1316 3605 1459 3663 ulililalem
1491 3607 1662 3664 moralilalis.
1687 3609 1759 3666 Didii

107 3693 262 3750 divitiarum
275 3696 397 3766 pondere
412 3696 438 3751 in
453 3712 545 3752 amore
560 3706 587 3752 et
600 3696 626 3750 in
643 3697 824 3754 sollicitudine
839 3713 906 3754 one·

107 3790 151 3838 rat
165 3792 196 3838 ut
208 3783 341 3839 deorsum
354 3794 436 3840 ruant
452 3804 459 3851 ;
477 3785 598 3841 secundo
610 3802 661 3857 per
680 3786 840 3858 superbiam
863 3785 906 3842 in-

107 3877 165 3947 tlat,
181 3886 210 3934 ut
225 3896 274 3949 per
287 3880 369 3935 latum
385 3881 513 3937 incedant
528 3901 536 3949 ;
552 3882 631 3938 ιειιίο
646 3899 696 3954 ρει·
710 3883 903 3955 impatientium

109 3965 213 4040 frangit
226 3977 254 4023 ut
268 3969 322 4025 cito
336 3968 474 4026 deficiant.
490 3970 524 4026 lli
538 3972 591 4027 duo
607 3973 699 4043 populi
712 3973 747 4028 ab
763 3973 838 4030 initio
860 3972 904 4029 sui

107 4056 177 4112 duas
191 4057 317 4114 civitates
333 4058 556 4116 aedifieavernat:
572 4060 692 4134 Babylon
707 4062 902 4134 aCaincoepit,

109 4162 136 4209 et
150 4154 321 4212 Hierusalem
337 4156 371 4211 ab
386 4157 466 4213 Abel.

145 4252 252 4308 Primus
266 4253 339 4309 euim
356 4255 437 4311 bomo
452 4255 524 4311 duos
539 4257 632 4329 genuit
654 4255 733 4324 filios,
763 4255 904 4312 divisionis

106 4341 281 4412 principium,
297 4350 322 4397 ct
339 4342 480 4399 divisionis
504 4345 638 4416 signum3
663 4345 726 4417 quia
748 4344 794 4400 iila
813 4359 902 4400 massa

958 3692 1030 3747 enim
1045 3692 1140 3748 beatus
1155 3694 1317 3750 Ambrosius
1332 3695 1360 3750 iu
1372 3696 1527 3752 Exameron
1539 3697 1574 3753 de
1589 3697 1736 3754 hirundine
1749 3715 1756 3752 ι

958 3790 1082 3846 llirundo
1101 3791 1253 3848 minuscula
1277 3807 1404 3862 corpore,
1427 3794 1475 3849 sed
1501 3794 1615 3867 egregie
1638 3794 1692 3865 pia,
1718 3811 1760 3850 su-

959 3878 1048 3934 blimis
1056 3878 1241 3952 caecamque
1249 3880 1343 3952 indiga
1351 3897 1443 3936 rerum
1452 3881 1573 3937 omnium
1582 3881 1759 3953 pretiosiores

957 3983 1025 4024 auro
1040 3968 1120 4024 nidos
1136 3968 1226 4035 struit,
1243 3968 1308 4039 quia
1332 3969 1474 4039 sapienter
1487 3969 1616 4025 aedillcat.
1642 3991 1653 4018 v
1670 3970 1758 4025 Nidus

957 4068 1029 4123 enim
1045 4068 1185 4138 sapientire
1200 4067 1347 4138 pretiosior
1368 4075 1410 4123 est
1433 4083 1515 4124 auro.
1537 4067 1608 4138 Quid
1618 4068 1692 4125 enirn
1713 4083 1760 4123 sa·

957 4156 1076 4226 pientius
1090 4172 1172 4227 quarn
1188 4161 1218 4210 ut
1233 4163 1259 4210 et
1274 4154 1384 4211 volandi
1402 4172 1470 4228 vaga
1492 4156 1617 4213 libertate
1639 4156 1758 4228 potiatur

957 4252 984 4299 et
997 4243 1137 4298 bominum
1152 4242 1297 4299 domiciliis
1311 4244 1443 4315 parvulos
1458 4261 1524 4301 suos
1538 4253 1565 4301 et
1585 4253 1658 4302 tecta
1678 4260 1757 4302 eom·

957 4341 1076 4407 mandet,
1101 4342 1148 4397 ubi
1173 4341 1296 4397 sobolem
1312 4342 1404 4398 nullus
1419 4342 1639 4401 incursetham
1652 4350 1679 4400 et
1690 4342 1758 4399 illud

105 4437 211 4485 naturae
226 4430 362 4498 humanae,
378 4449 440 4503 quaa
455 4433 481 4488 in
496 4433 556 4504 ipso
571 4432 687 4504 primum
703 4449 752 4504 per
765 4434 900 4490 conditio·
915 4438 942 4499 D
956 4438 998 4485 est
1012 4430 1164 4501 pulclrrum,
1178 4439 1206 4485 ut
1220 4446 1235 4485 a
1250 4446 1341 4502 primo
1356 4440 1418 4488 ortu
1432 4432 1522 4504 pullos
1543 4448 1608 4489 suos
1631 4432 1756 4490 humanae

105 4542 169 4582 nera
185 4534 242 4582 tota
257 4528 434 4584 conditaerat
450 4530 484 4584 ad
500 4529 625 4601 gloriam,
656 4539 751 4601 postea
776 4539 801 4586 et
830 4547 904 4601 prae·

106 4615 300 4671 caricationem
316 4624 370 4671 tota
385 4625 443 4672 erat
458 4618 568 4673 addicta
582 4619 617 4674 ad
632 4634 752 4689 poenam,
768 4628 796 4674 ut
806 4628 901 4675 osten-

106 4703 217 4760 deretur
232 4704 305 4776 quod
319 4705 506 4762 misericordia
518 4716 545 4762 et
555 4707 655 4763 veritas
663 4708 720 4778 jam
738 4717 801 4765 tuuc
818 4708 902 4764 dividi

106 4809 248 4873 coeperunt
262 4801 289 4855 in
304 4817 368 4857 vasa
383 4794 580 4859 misericordiae
589 4811 617 4858 et
627 4803 655 4857 in
666 4820 729 4859 vasa
745 4804 803 4873 irae,
815 4813 842 4860 et
856 4806 902 4859 ab·

102 4888 194 4960 jectua
209 4898 250 4945 est
263 4890 463 4961 primogenitus
484 4901 575 4957 terrae,
603 4892 678 4948 sicut
705 4892 903 4966 primogenitus

105 4977 168 5036 ooeli
183 4986 338 5043 corruerat,
354 4980 378 5035 si
394 4988 485 5036 tamen
499 4981 699 5051 primogenitus
713 4988 772 5037 erat
787 4982 833 5053 qui
856 4999 904 5055 ge·

105 5075 178 5130 nitus
193 5090 246 5133 uon
260 5081 332 5131 erat.
348 5077 388 5132 De
403 5076 463 5147 ipso
488 5077 561 5132 enim
584 5076 687 5133 dietum
717 5085 782 5132 est:
809 5101 821 5127 ι
837 5077 903 5149 lpse

104 5163 266 5235 principium
282 5164 386 5219 viarum
402 5164 451 5220 Dei
466 5165 525 5237 (lob
540 5165 596 5222 acl.
611 5165 903 5237 ³1itreprobatasunt

104 5253 193 5325 prima
209 5261 238 5308 ut
254 5253 420 5309 ostendatur
434 5253 496 5327 qnia
512 5253 574 5309 finis
588 5254 724 5327 principio
747 5255 844 5313 melior
862 5264 905 5314 est

105 5350 153 5423 qui
167 5367 229 5423 quaa
239 5349 266 5405 in
276 5351 411 5422 principio
426 5352 498 5408 facta
517 5360 589 5418 suut,
605 5368 621 5407 ιι
642 5352 781 5410 Deobona
792 5355 902 5428 quidem

103 5438 174 5495 facta
191 5449 263 5504 sunt,
280 5439 330 5495 sed
345 5440 417 5495 bona
431 5438 610 5512 incipientin;
627 5453 788 5515 quaeautem
801 5442 829 5499 in
848 5442 902 5501 fiae

103 5526 232 5585 facienda
246 5533 334 5595 erant,
350 5526 423 5583 bona
437 5526 560 5585 facienda
575 5536 664 5599 erant,
686 5538 716 5587 et
738 5532 811 5588 bona
833 5549 901 5589 con·

105 5634 253 5684 summata.
270 5626 385 5698 Propter
398 5626 450 5684 boc
465 5628 547 5684 etiarn
561 5626 589 5684 ia
614 5630 675 5703 ipsa
693 5646 784 5687 rerum
803 5631 902 5690 condi·

102 5715 176 5773 done
191 5716 308 5789 primum
322 5716 467 5775 materiam
480 5716 555 5789 fecit,
570 5726 666 5791 postea
676 5718 793 5779 formam
803 5737 902 5794 cuper·

960 4536 1009 4574 usu
1025 4519 1242 4575 conversationis
1261 4528 1410 4584 assuescat,
1433 4529 1460 4577 ct
1477 4530 1589 4592 praestet
1612 4521 1647 4577 ab
1668 4520 1759 4577 inimi·

958 4631 1049 4673 carum
1064 4617 1154 4673 avium
1170 4617 1277 4673 insidiis
1292 4619 1419 4675 tutiores.
1435 4621 1483 4675 Est
1501 4629 1593 4676 tamen
1606 4619 1672 4676 illud
1687 4636 1757 4691 praa·

957 4704 1071 4771 clarum,
1087 4706 1236 4779 quagratia
1252 4707 1349 4762 domos
1360 4707 1412 4763 sibi
1426 4708 1485 4764 siae
1500 4708 1686 4777 ulloadjutore
1696 4715 1757 4762 tau·

957 4810 1037 4866 quam
1052 4794 1119 4849 artis
1135 4794 1221 4860 perita
1236 4803 1391 4862 componat.
1403 4797 1557 4871 Legitenim
1569 4796 1687 4853 festucas
1696 4811 1755 4864 ors,

957 4903 1061 4960 easque
1069 4888 1220 4954 lntoillinit,
1232 4898 1260 4944 ut
1272 4890 1462 4963 conglutinare
1471 4892 1568 4966 possit.
1579 4892 1632 4948 Sed
1644 4891 1707 4964 quia
1717 4891 1756 4948 lu'

957 4986 1012 5033 turn
1027 4978 1143 5046 pedibus
1154 4994 1207 5034 non
1215 4986 1305 5048 potest
1313 4979 1432 5048 deferre,
1443 4982 1625 5037 summitatem
1653 4996 1756 5053 pecua-

956 5090 1016 5129 rum
1027 5090 1096 5148 aqua
1105 5073 1235 5141 infundit,
1245 5083 1274 5129 ιιι
1284 5073 1364 5132 facile
1374 5076 1416 5132 bis
1426 5077 1664 5148 pulvisadlaaereat
1675 5086 1702 5133 et
1710 5077 1757 5135 fiat

957 5171 1047 5240 limus,
1058 5186 1110 5244 quo
1121 5171 1251 5242 paulatim
1264 5170 1393 5241 festucas,
1419 5172 1464 5228 vel
1489 5173 1609 5231 minutos
1631 5176 1758 5233 surculos

957 5259 1010 5315 sibi
1025 5259 1144 5332 colligat,
1159 5268 1241 5333 atque
1255 5259 1396 5317 adherere
1411 5260 1505 5318 faciat.
1524 5264 1565 5320 llo
1579 5279 1682 5337 genere
1696 5265 1754 5322 nidi

957 5357 1040 5414 totius
1052 5355 1184 5413 fabricam
1199 5357 1289 5424 struit,
1306 5365 1336 5414 nt
1350 5358 1427 5430 quasi
1441 5360 1590 5432 pavimenti
1604 5362 1675 5432 solo,
1687 5363 1755 5436 pulli

956 5447 1017 5517 eius
1030 5446 1104 5501 intra
1118 5446 1193 5503 mdes
1204 5462 1269 5502 suas
1283 5446 1343 5505 aina
1359 5446 1512 5507 offensione
1528 5458 1680 5519 versemur,
1705 5467 1757 5509 nec

956 5534 1056 5607 pedem
1077 5533 1177 5607 aliquis
1202 5534 1345 5594 interserat
1363 5552 1414 5610 per
1437 5536 1550 5595 rimulas
1573 5546 1755 5607 texturarum,

954 5640 1002 5689 aut
1013 5631 1116 5692 teneris
1135 5630 1224 5707 frigus
1231 5630 1344 5708 irrepat.
1359 5633 1416 5693 Sed
1425 5634 1478 5693 hoc
1485 5636 1625 5692 industriae
1634 5634 1754 5692 officium

954 5738 1042 5798 prope
1055 5736 1202 5781 commune
1218 5722 1414 5781 muttisavibas
1429 5722 1592 5790 ;illudvero
1602 5722 1755 5793 singulare,
