3780 6038
205 217 270 270 ttst
773 210 943 268 wtttttttlltt
963 212 1105 270 nubatis
1120 214 1153 269 S.
1174 214 1285 271 DLdSll
1801 215 1854 273 lttt

201 338 274 407 culo,
288 353 321 393 an
337 336 448 394 omnino
462 336 582 394 resoluta
607 333 701 402 luerit,
730 334 847 409 qualiter
869 336 897 390 in
920 337 1002 408 plena
1016 338 1044 398 A
1059 337 1133 409 quod
1148 338 1281 412 requiras.
1308 341 1372 396 Haec
1399 351 1462 397 sunt
1490 342 1578 397 verba
1606 339 1788 414 Augustini:
1813 340 1854 410 Qui

200 434 287 483 morte
301 427 444 500 contingit,
461 427 568 484 nescire
584 441 614 481 se
629 425 743 481 diceret.
760 426 797 479 lta
813 424 842 479 tu
858 432 886 480 ut
900 434 926 480 ct
937 426 1004 483 illud
1057 425 1194 500 intelligit,
1211 428 1363 485 certissime
1377 428 1451 485 videt
1464 445 1611 503 nunquam
1626 445 1680 500 per
1694 429 1792 486 oculor
1806 446 1854 486 cor·

199 531 296 571 verum
311 516 347 571 sit
361 515 434 589 quod
449 516 555 572 dictum
570 523 613 570 est
630 532 637 568 ε
656 536 668 564 o
684 515 772 569 Nemo
793 521 885 582 potest
909 515 1003 570 ridere
1056 516 1132 585 poris
1145 532 1175 571 se
1189 517 1274 571 Deum
1291 517 1423 574 visurum.
1438 519 1473 575 Ut
1487 528 1589 575 caetera
1610 517 1754 588 omittam,
1783 518 1853 585 Deus,

198 602 295 661 iaciem
313 621 401 661 meant
418 613 444 660 et
461 605 553 661 rivere
568 602 671 671 (Ecod.
693 605 807 673 χχχιιι).
826 625 837 652 ι
863 603 933 673 Quia
951 620 1002 659 ne·
1056 612 1083 659 et
1097 619 1169 660 nunc
1184 612 1210 660 et
1224 621 1335 678 semper
1348 606 1554 674 estinvisibilis,
1567 605 1644 663 sicut
1659 614 1777 662 nuncet
1790 623 1853 663 sem-

199 708 277 751 cesse
287 701 331 749 est
349 692 470 749 abstrahi
482 694 517 749 ab
532 694 584 750 heo
599 693 655 748 rita
683 699 814 758 mentem,
845 692 954 764 quando
973 692 1001 746 in
1055 708 1106 763 per
1119 692 1334 764 incorruptibilis
1350 711 1357 750 :
1374 695 1436 751 ideo
1451 703 1541 750 autem
1557 702 1603 751 εει
1618 694 1784 762 invisibilis,
1800 696 1852 767 quia

198 780 272 837 illius
287 780 505 838 ineffabilitatem
519 781 632 838 visionis
647 780 805 837 assumitur.
821 780 926 836 Deinde
941 781 1001 837 du·
1055 796 1110 836 non
1125 790 1214 852 potest
1228 783 1315 838 rideri
1329 784 1470 855 corporeis
1485 783 1582 852 oculis,
1605 783 1715 855 quibus
1742 783 1853 839 rideam

199 870 327 943 guatinas
357 870 498 943 subjungit
530 870 652 926 dicens:
687 868 766 939 Quod
797 868 864 924 mibi
896 885 1001 941 propo·
1055 870 1108 925 ista
1123 869 1252 939 risibilis,
1268 883 1294 928 et
1309 871 1496 929 obhoadicts
1525 872 1664 928 risibilia.
1701 872 1851 946 Unigenitus

199 974 308 1026 sacras,
335 962 428 1014 utrum
456 958 620 1030 explicatum
647 956 692 1023 sit,
720 956 867 1029 diligenter
892 957 1000 1014 attende
1054 958 1137 1012 etiam
1152 966 1242 1013 narrat
1256 966 1284 1014 et
1298 965 1429 1015 monstrat
1445 960 1625 1016 invisibiliter
1651 960 1746 1017 oculis
1772 961 1850 1017 eorde

198 1046 348 1104 recolendo
364 1046 511 1119 quaedicta
527 1053 601 1102 sunt.
622 1045 651 1103 si
681 1045 754 1102 enim
783 1046 881 1118 quaeris
908 1054 1000 1102 utrum
1053 1046 1849 1121 DeisubstantiametincorruptibiliterpossumusDeoqui

198 1137 286 1207 possit
301 1136 377 1191 Deus
392 1135 491 1202 videri,
508 1134 661 1206 respondeo
679 1151 686 1189 z
711 1135 818 1189 Potest.
847 1135 875 1190 Si
899 1134 999 1206 quaeris
1053 1135 1166 1205 spiritus
1181 1143 1233 1205 est,
1247 1137 1398 1202 adherere,
1414 1137 1438 1192 si
1452 1153 1603 1209 possumus
1619 1153 1688 1194 eum
1714 1138 1847 1193 invisibil-

197 1225 271 1280 unde
287 1224 385 1292 sciam,
402 1223 556 1295 respondeo
569 1241 575 1278 :
588 1222 659 1291 Quia
669 1223 696 1277 in
711 1222 999 1294 verissimascriptura
1053 1231 1095 1279 ter
1109 1225 1215 1281 videre.
1236 1225 1469 1297 (Cassrouonus.)
1484 1228 1514 1281 In
1529 1226 1746 1284 resurrectione
1763 1228 1848 1284 divine

198 1312 324 1385 legitur:
345 1335 356 1360 a
374 1312 449 1368 Beati
464 1311 565 1367 mundo
582 1310 677 1377 corde,
695 1311 822 1382 quoniam
843 1312 894 1383 ipsi
910 1312 997 1367 Deum
1059 1312 1201 1385 sapientie:
1213 1314 1353 1386 agnitione
1368 1315 1542 1386 replebimur,
1557 1331 1613 1372 neo
1629 1332 1730 1372 rerum
1751 1317 1847 1373 intelle-

198 1401 328 1457 videbunt
344 1402 455 1466 (licitis.
474 1401 511 1469 v).
532 1423 543 1449 i
562 1400 591 1456 Si
607 1399 707 1472 quaeris
721 1400 794 1455 unde
810 1417 873 1456 eum
889 1401 996 1456 videbi·
1050 1410 1112 1457 ctus
1126 1402 1322 1459 veracissimus
1337 1403 1487 1475 disciplinis
1501 1404 1632 1460 onerosis
1647 1405 1794 1476 imbuitur,
1806 1407 1847 1462 sed

197 1506 268 1556 mus,
287 1489 442 1561 respondeo
461 1506 468 1544 :
484 1489 561 1545 Unde
576 1488 669 1560 angeli
683 1489 784 1556 rident,
811 1489 909 1561 quibus
932 1498 996 1546 tunc
1050 1490 1077 1545 in
1093 1490 1233 1547 elaborato
1247 1492 1346 1547 mentis
1360 1491 1465 1548 lumine
1492 1492 1666 1549 declaratur.
1700 1495 1742 1550 lbi
1770 1495 1847 1551 beatis

197 1578 299 1634 erimus
316 1577 449 1650 aequales.
469 1578 544 1634 Sicut
558 1577 631 1633 enirn
645 1577 772 1634 ridentur
786 1578 838 1632 ista
853 1594 914 1649 quae
932 1578 996 1632 visi·
1051 1580 1112 1635 tulis
1128 1579 1261 1650 splendor
1276 1580 1376 1636 mentis
1391 1589 1442 1648 est,
1459 1580 1593 1638 etlumen
1610 1583 1814 1656 intelligentie,
1824 1593 1847 1639 ut

196 1667 263 1722 bilia
276 1667 459 1735 nominantur,
475 1667 561 1723 Deum
577 1682 658 1723 nemo
679 1667 745 1722 vidit
768 1682 886 1738 unquam
904 1681 911 1721 :
936 1666 994 1722 Nee
1008 1704 1035 1764 B
1049 1668 1137 1740 ipsum
1154 1669 1226 1726 siout
1240 1669 1267 1723 in
1282 1667 1427 1740 majestate
1441 1685 1491 1725 sua
1502 1679 1554 1740 est,
1568 1679 1738 1730 mereantur
1747 1671 1846 1744 conspi-

195 1757 287 1814 videri
299 1763 398 1827 potest,
411 1755 540 1828 quoniam
558 1762 599 1811 est
618 1764 712 1811 natura
727 1755 884 1823 invisibilis,
896 1755 936 1812 sic
951 1763 994 1811 est

194 1843 412 1916 incorruptibilis
429 1863 436 1910 ;
452 1860 513 1917 quae
527 1844 674 1900 contextim
686 1845 777 1916 posuit
792 1844 993 1915 Apostolusdi-

196 1951 283 1991 ceris:
303 1956 314 1983 u
332 1933 401 2006 liegi
416 1942 507 1988 autem
523 1933 685 1989 secutorum
706 1932 845 2000 invisibili,
868 1932 992 1989 incorru-

194 2022 282 2096 ptibili
298 2023 323 2091 (l
340 2023 409 2079 lim.
426 2025 456 2091 ι),
476 2045 487 2070 a
505 2021 568 2093 quia
583 2022 653 2079 sicut
671 2037 744 2077 nunc
766 2021 991 2092 incorruplibiliS,

193 2127 245 2168 nco
260 2119 357 2183 postea
371 2110 558 2181 corruptibilis
575 2127 581 2164 :
598 2109 633 2165 ita
648 2125 703 2165 non
726 2109 814 2166 solum
838 2125 919 2175 nuno,
944 2110 993 2165 sed

194 2201 275 2257 etiam
292 2215 402 2271 semper
417 2206 458 2254 est
472 2198 625 2255 invisibilis.
641 2199 701 2255 Nec
716 2199 744 2253 in
756 2198 817 2254 loco
831 2198 904 2254 enim
920 2198 993 2254 vide·

194 2296 248 2354 tur,
257 2289 306 2344 sed
317 2288 420 2343 mundo
431 2287 515 2344 corde
528 2306 536 2352 ;
549 2302 602 2343 neo
613 2287 797 2358 corporalibus
809 2286 894 2343 oculis
914 2303 991 2360 quae·

195 2377 272 2443 ritur,
289 2391 341 2432 nec
356 2376 593 2432 circumscribitur
607 2376 676 2444 visu,
701 2391 754 2432 nec
778 2384 850 2431 tactu
874 2381 989 2444 tenetur,

192 2480 243 2520 nec
258 2462 340 2519 affatu
356 2463 475 2533 auditur,
490 2479 542 2520 nec
556 2464 672 2519 sentitur
684 2464 804 2522 incessu.
828 2465 991 2538 Unigenitus

193 2560 283 2610 autem
298 2551 392 2618 Filius,
409 2552 455 2624 qui
471 2559 512 2607 est
527 2551 624 2607 insinu
635 2553 731 2618 Patris,
745 2552 855 2608 deitatis
865 2561 989 2608 naturam

192 2650 275 2714 atque
286 2640 466 2697 substantiam
480 2640 642 2696 insonanter
655 2650 758 2711 narrat,
774 2650 802 2697 et
816 2641 877 2697 ideo
898 2641 989 2714 dignis

191 2731 353 2802 idoneisque
369 2738 442 2785 tanto
456 2739 605 2800 conspectu
629 2729 715 2786 oculis
739 2729 819 2786 etiam
843 2729 988 2785 invisibili-

191 2828 234 2876 ter
248 2827 394 2875 monstrat.
413 2817 468 2889 Ipsi
483 2817 554 2874 enim
568 2825 630 2873 sunt
644 2818 716 2875 oculi
731 2819 765 2874 de
790 2818 887 2890 quibus
908 2819 987 2890 Apo-

191 2909 277 2965 stolus
292 2908 358 2964 dicit
374 2906 540 2962 illuminatos
554 2906 650 2963 oeulos
664 2907 754 2962 cordis
768 2907 853 2962 nostri
869 2908 982 2979 (Epirer.

189 3000 220 3069 t),
237 3007 264 3053 et
279 2997 314 3052 de
329 2996 428 3066 quibus
444 2995 544 3053 dicitur
564 3015 570 3050 :
588 2994 713 3051 illumina
728 2996 823 3051 oculos
850 3011 935 3055 meos.
952 3014 987 3054 ne

1049 1772 1113 1813 cere
1128 1757 1302 1812 Creatorem.
1322 1755 1459 1825 Quocirca
1473 1757 1553 1813 libris
1567 1775 1784 1816 commonemur
1805 1779 1845 1817 ve·

1048 1845 1094 1912 ris,
1111 1844 1183 1916 quod
1198 1860 1265 1916 pars
1279 1844 1325 1900 illa
1341 1846 1485 1902 emundata
1498 1855 1583 1920 atque
1598 1849 1749 1905 meliorata
1763 1849 1846 1905 divino

1047 1948 1160 1988 munere
1175 1933 1309 1989 veraciter
1324 1935 1482 2006 speculetur
1495 1945 1655 2004 auctorem,
1673 1939 1723 2010 qui
1738 1938 1797 2009 ejus
1810 1939 1846 1993 ni·

1046 2021 1194 2077 hilominus
1209 2028 1302 2093 portat
1316 2023 1474 2096 imaginem.
1491 2024 1559 2080 lndc
1575 2026 1703 2097 denique
1719 2028 1846 2084 Deumv'e

1046 2109 1183 2177 dabimus,
1200 2109 1272 2167 unde
1291 2111 1437 2178 credimus,
1454 2121 1480 2168 et
1495 2128 1528 2168 εχ
1542 2129 1577 2169 ea
1592 2123 1676 2186 parte
1692 2116 1761 2171 illud
1775 2133 1846 2172 suru-

1045 2214 1120 2253 mum
1136 2198 1268 2254 eximium
1294 2200 1433 2273 singulare
1462 2203 1748 2273 contemplabimur:
1776 2206 1846 2263 Unde

1045 2287 1137 2358 utique
1147 2286 1276 2344 meliores
1286 2304 1391 2345 sumus.
1404 2290 1642 2363 (liranorvvrrus):
1659 2315 1671 2341 ι
1692 2292 1846 2366 Quicunque

1045 2375 1173 2446 Spiritum
1188 2384 1312 2432 sanctum
1335 2377 1560 2448 repromissionis
1586 2382 1748 2454 acceperit,
1775 2383 1846 2438 unul

1043 2474 1228 2536 consequetur
1241 2473 1268 2520 et
1282 2466 1464 2522 arrhabonem
1480 2468 1667 2539 baereditatis,
1683 2487 1746 2543 quae
1760 2473 1845 2528 baere·

1043 2553 1182 2608 ditasvita
1210 2561 1312 2609 aeterna
1336 2562 1386 2609 εει.
1416 2553 1562 2624 Quomodo
1592 2570 1693 2616 atatem
1722 2562 1844 2628 arrhabo,

1043 2641 1089 2713 qui
1104 2640 1184 2699 nobis
1199 2642 1334 2711 tribuiter,
1350 2658 1403 2699 non
1419 2652 1461 2700 est
1475 2653 1551 2700 extra
1565 2661 1631 2714 nos,
1644 2649 1698 2704 sed
1713 2649 1798 2721 intra,
1811 2650 1846 2707 aie

1042 2738 1069 2785 et
1081 2730 1226 2786 baereditas
1240 2731 1309 2802 ipsa,
1326 2732 1377 2788 boc
1393 2739 1435 2788 est
1451 2749 1569 2803 regnum
1591 2735 1647 2792 Dei
1676 2740 1753 2810 quod
1781 2740 1846 2795 intra

1041 2832 1091 2872 nos
1106 2825 1156 2884 est,
1172 2818 1198 2872 in
1214 2819 1294 2873 nobis
1308 2827 1433 2875 versatur
1457 2820 1644 2879 intrinsecus.
1680 2825 1753 2895 Quae
1778 2828 1844 2883 enim

1040 2915 1205 2977 potestesse
1220 2911 1305 2976 major
1326 2908 1471 2965 haereditas
1500 2927 1584 2982 quam
1610 2915 1801 2988 contemplari
1820 2926 1844 2972 et

1041 2995 1134 3051 videre
1148 3011 1230 3050 sensu
1245 2994 1473 3066 pulchritudinem
1492 2997 1661 3069 Sapientiae,
1674 3011 1704 3059 ct
1721 3006 1845 3074 l'erbi,et

188 3102 308 3160 uuquam
320 3084 489 3140 obdormiam
504 3085 531 3139 in
546 3092 634 3140 morto
649 3085 736 3153 (Prot.
754 3085 810 3154 χιι).
830 3085 987 3140 »Dominus
1003 3077 1027 3140 C
1042 3082 1171 3152 veritatis,
1187 3092 1214 3139 et
1228 3083 1347 3151 luminis,
1363 3093 1390 3141 et
1405 3084 1490 3156 ipsius
1516 3088 1567 3143 Dei
1597 3089 1775 3149 ineffabilem
1801 3111 1843 3150 na·

188 3176 262 3232 euim
279 3174 391 3247 spiritus
407 3181 461 3228 est.
481 3173 580 3228 Unde:
603 3196 615 3221 r
632 3173 685 3242 Qui
709 3173 832 3229 adhaeret
857 3173 984 3241 Domino,

186 3281 259 3321 unus
274 3263 386 3335 spiritus
398 3269 442 3318 est
457 3264 481 3333 (l
497 3264 559 3318 Cor.
580 3262 622 3331 v).
645 3286 656 3310 u

222 3352 340 3408 Proinde
355 3351 402 3424 qui
415 3358 504 3422 potest
519 3351 604 3407 Deum
621 3349 794 3408 invisibiliter
809 3351 910 3417 vidore,
922 3350 983 3422 ipse

184 3442 348 3515 potestDeo
368 3438 611 3510 incorruptibiliter
638 3439 798 3496 coherere.
831 3441 898 3497 Puto
923 3439 981 3513 jam

183 3545 238 3586 non
252 3544 314 3585 esse
328 3528 356 3582 in
378 3527 528 3600 quaestione
557 3543 640 3600 quam
666 3528 833 3600 proposuisti
862 3528 980 3602 amplius

1040 3179 1125 3227 turarn
1142 3173 1330 3240 considerare,
1347 3173 1522 3248 omniumque
1537 3193 1602 3248 quae
1617 3179 1658 3234 ad
1689 3181 1841 3238 similitudi·

1039 3276 1100 3315 nem
1117 3261 1167 3315 Dei
1182 3260 1291 3319 condita
1306 3271 1370 3318 sunt
1386 3263 1536 3320 substantia
1553 3270 1709 3325 contueri.
1729 3271 1784 3328 lste
1796 3289 1841 3327 au-

1038 3357 1093 3404 tem
1108 3349 1226 3420 Spiritus
1240 3359 1352 3407 sanctus
1376 3352 1424 3424 qui
1451 3359 1494 3408 est
1519 3354 1647 3412 arrhabo
1678 3358 1840 3417 baereditatia

1036 3445 1148 3505 nostrae,
1165 3437 1228 3494 ideo
1242 3455 1314 3496 nuno
1329 3439 1431 3497 sanctis
1446 3441 1528 3498 datur
1556 3451 1590 3499 ut
1618 3446 1797 3505 redimantur
1818 3458 1841 3506 et

1035 3526 1197 3600 copulentur
1211 3528 1286 3584 Deo.

551 3891 864 3996 DOMlNlCA
893 3890 1129 3996 DECIMA
1167 3892 1452 4020 Quanta,

821 4135 1018 4203 Secundum
1033 4137 1171 4204 Lucam.

217 4389 228 4415 ι
244 4365 310 4421 Cum
325 4360 377 4418 iret
389 4361 469 4418 Jesus
477 4360 505 4417 in
515 4359 689 4418 Hierusalem
699 4360 834 4418 transibat
849 4377 899 4433 per
917 4375 974 4416 me·
989 4372 1016 4433 1)
1030 4357 1098 4417 dotii
1111 4360 1185 4433 quod
1199 4376 1270 4419 nunc
1284 4360 1368 4418 estin
1382 4361 1518 4420 Ecclesia.
1535 4365 1570 4423 Ει
1580 4369 1716 4446 quisquis
1730 4374 1828 4432 velun

179 4454 252 4511 diam
264 4452 416 4509 Samariam
430 4458 457 4507 et
472 4451 624 4508 Galilaeam.
640 4450 676 4505 lit
698 4465 761 4505 cum
783 4449 978 4522 ingrederetur

180 4543 317 4617 quoddam
333 4539 486 4607 castellum,
505 4548 685 4597 occurrerunt
700 4537 725 4594 ei
749 4538 843 4595 decem
873 4539 923 4595 riri
938 4538 977 4595 le·

180 4631 266 4705 prosi.
282 4630 333 4699 Qui
346 4631 481 4684 steterunt
496 4645 511 4682 a
527 4628 620 4702 longe,
641 4636 668 4683 ει
688 4626 852 4685 levaverunt
880 4642 976 4684 rocem

178 4721 306 4779 dicentes
322 4737 329 4774 :
345 4719 420 4785 lesu,
437 4726 598 4788 preceptor,
625 4717 756 4773 miserere
780 4716 864 4773 nostri
892 4718 971 4786 (Luc.

179 4814 257 4877 avar).
276 4834 287 4859 ι
306 4807 419 4879 Leprosi
434 4810 497 4861 sunt
511 4806 556 4878 qui
572 4806 713 4863 scientiam
740 4822 814 4862 verae
838 4804 901 4861 fidei
922 4820 976 4862 non

178 4899 323 4965 habentes,
339 4897 429 4953 varias
443 4896 547 4951 erroris
558 4894 696 4951 doctrinas
707 4893 878 4966 profitentur.
891 4894 976 4949 Veras

181 4990 256 5046 ialsis
271 4985 437 5059 permiscent
452 4985 616 5053 inordinate,
633 4984 710 5055 quasi
740 4983 865 5040 diversos
893 4982 976 5054 leprae

179 5078 286 5135 colores
300 5075 485 5130 ostendentes.
502 5073 534 5128 lli
550 5073 653 5128 vitandi
668 5081 729 5128 sunt
745 5072 780 5128 ab
794 5073 932 5138 Ecclesia,
949 5079 976 5127 et

179 5165 263 5238 louge
280 5163 377 5220 remoti
391 5178 506 5218 neeesse
521 5163 626 5218 habent
640 5170 668 5218 ut
682 5177 784 5233 magno
798 5161 893 5218 labore
917 5160 974 5217 ola·

179 5262 262 5320 ment,
279 5267 425 5324 quousque
444 5267 493 5322 per
520 5250 703 5322 cognitionem
732 5250 910 5322 praeceptoris
937 5266 975 5306 re·

177 5339 262 5396 deant
274 5339 309 5393 ad
324 5338 438 5394 formam
452 5337 562 5394 salutis.

216 5451 227 5476 ι
246 5426 322 5495 Quos
337 5435 365 5482 ut
380 5426 447 5482 vidit
460 5426 527 5482 dixit
545 5444 551 5481 :
567 5429 614 5493 lte,
632 5428 767 5485 ostendite
781 5444 831 5485 vos
846 5429 970 5484 sacerdo

176 5515 258 5573 tibus.
272 5515 307 5570 Et
320 5513 419 5570 iactum
431 5523 481 5581 est,
493 5515 646 5584 dumirent,
658 5517 780 5571 mundati
795 5526 867 5573 suut.
887 5539 899 5567 s
925 5516 975 5573 So-

1031 4449 1117 4506 retica
1131 4450 1264 4522 pravitate
1278 4449 1322 4507 vel
1337 4451 1432 4523 gentili
1447 4454 1650 4525 superstitione
1666 4461 1713 4519 vel
1727 4463 1828 4521 ludrica

1031 4536 1157 4610 perfidia,
1174 4538 1314 4595 ueletiam
1330 4541 1452 4597 fraterno
1466 4541 1622 4602 schismate
1637 4565 1692 4621 per
1706 4551 1757 4608 Dei
1774 4567 1828 4625 gra·
1880 4540 1882 4545 ⁵

1031 4627 1095 4682 tiam
1113 4627 1260 4683 mundatus
1277 4628 1407 4696 caruerit,
1427 4644 1541 4688 necesse
1560 4641 1604 4690 est
1624 4646 1657 4693 ut
1676 4640 1712 4695 ad
1737 4640 1827 4699 Eode-

1030 4715 1099 4771 siam
1114 4715 1216 4783 veniat,
1234 4718 1412 4789 coloremque
1426 4717 1490 4774 lidei
1505 4736 1609 4777 verum
1631 4727 1697 4784 aliis
1720 4729 1827 4786 similem

1030 4805 1169 4861 ostendat.
1189 4805 1267 4862 Unde
1277 4805 1376 4863 Paulus
1386 4806 1421 4863 ad
1431 4808 1567 4865 Ananiam
1578 4811 1684 4872 missus
1698 4826 1742 4873 est
1761 4820 1825 4891 (let.

1030 4899 1079 4964 rx),
1095 4900 1124 4949 ut
1139 4902 1338 4950 sacramentum
1358 4894 1422 4952 lidei
1444 4897 1611 4971 perciperet,
1648 4913 1676 4960 et
1703 4923 1784 4963 verus
1805 4909 1827 4963 d

1030 4983 1106 5039 color
1118 4985 1325 5055 approbaretur,
1341 5001 1396 5041 non
1412 4985 1484 5057 qued
1505 4987 1644 5047 Dominus
1668 4996 1763 5052 omnia
1783 5011 1827 5069 per

1029 5087 1060 5127 ae
1074 5080 1203 5145 nequeat,
1220 5073 1270 5128 sod
1284 5081 1312 5128 ut
1325 5078 1387 5145 ipsa
1409 5074 1528 5131 societas
1557 5074 1686 5137 bdelium
1713 5084 1825 5143 invicem

1029 5161 1258 5218 communicando
1272 5178 1354 5217 unam
1370 5161 1490 5233 speciem
1513 5165 1574 5222 veri
1593 5169 1703 5229 coloris
1726 5173 1755 5230 in
1781 5175 1826 5231 bde

1028 5248 1182 5306 confirmet.
1202 5250 1348 5306 Cornelius
1373 5251 1455 5308 etiam
1483 5254 1618 5323 precibus
1647 5261 1709 5331 eiua
1736 5262 1826 5320 auditis

1025 5339 1120 5409 jussus
1128 5348 1170 5395 est
1177 5339 1285 5396 mittere
1293 5339 1327 5395 ad
1338 5341 1448 5397 Petrum
1456 5348 1571 5415 propter
1579 5346 1721 5407 unitatem
1730 5350 1826 5409 confir·

1026 5429 1154 5483 mandam
1168 5429 1250 5502 (Act.
1269 5429 1314 5500 χ).

1065 5540 1075 5565 ι
1097 5518 1177 5573 Unus
1191 5526 1282 5574 autem
1297 5534 1330 5574 εχ
1343 5516 1398 5573 illis
1410 5525 1441 5574 ut
1453 5518 1522 5576 vidit
1535 5521 1767 5595 marmanum·
1778 5536 1825 5600 ati,

176 5605 220 5664 los
235 5604 361 5676 leprosos
380 5600 516 5656 invenitur
531 5604 662 5659 Dominus
673 5605 782 5660 misisse
794 5606 828 5661 ad
839 5604 971 5663 sacerdo·
1025 5621 1172 5679 regressus
1187 5615 1304 5663 ealcum
1318 5622 1421 5679 magna
1432 5621 1502 5665 ecce
1514 5612 1706 5684 mgnifim
1727 5618 1822 5679 nm·

177 5702 229 5767 tes,
244 5693 306 5771 quia
321 5688 503 5750 sacerdotium
519 5692 673 5747 ludaeorum
690 5691 778 5767 ligura
792 5702 853 5750 erat
876 5710 972 5751 sacer·
1024 5694 1059 5752 Et
1074 5695 1174 5753 cecidit
1188 5696 1215 5752 in
1230 5695 1329 5754 taciem
1344 5694 1508 5769 antepedes
1520 5698 1593 5771 Qua,
1608 5704 1722 5778 ‘nrm
1732 5723 1824 5785 ῃ
