3780 6038
168 256 239 313 last

736 249 908 306 watham
927 247 1070 305 labaris
1090 248 1121 304 S.
1138 249 1251 306 BLllSll

1781 256 1830 309 titt

168 396 248 454 quam
265 380 316 435 sibi
331 379 464 451 sapientia
487 376 644 441 aedilicarit,
669 390 722 431 nou
751 376 841 430 solum
856 391 871 428 a
886 374 966 429 nobis
980 374 1006 437 Α
1024 375 1119 445 patriae
1134 375 1449 445 dulciternarrarcrunt,
1461 378 1551 451 quasi
1562 376 1833 447 dulcinpoeolaepc·

168 469 286 543 exigitur
302 477 330 524 ut
341 468 491 534 dedicetur,
509 467 558 522 aed
572 473 601 522 ut
614 464 730 520 interius
754 479 770 518 a
787 463 866 519 nobis
881 460 967 517 adili-

170 567 255 614 cetur.
272 559 391 629 Tempus
405 557 476 612 enim
492 571 564 611 nuuc
586 564 628 610 est
657 569 718 608 eam
733 554 761 607 in
786 552 866 608 nobis
882 549 969 607 adilr-

170 656 259 721 candi,
275 671 329 711 non
346 663 437 710 autem
452 652 608 709 dedicandi.
635 651 778 706 Dedicatio
793 665 859 705 varo
873 650 970 703 domus

170 760 225 799 non
240 750 341 813 potest,
357 757 409 798 nec
425 742 507 797 debet
523 740 595 807 lieri,
611 754 673 795 cum
687 737 731 792 vel
744 735 911 794 constructio
925 735 970 804 ip·

170 829 227 882 sius
243 827 385 883 inchoatur
399 826 443 881 vel
459 841 524 895 pars
538 823 626 880 media
641 821 799 884 exstruitur,
818 819 866 874 sed
882 818 970 890 potius

170 942 230 982 cum
246 932 462 981 consummatur.
482 922 560 978 Unde
582 936 684 992 magna
699 917 822 989 quadam
843 915 971 971 distantia

171 1014 241 1070 iuter
255 1012 461 1068 edificationem
471 1019 497 1067 et
507 1009 709 1066 dedicationem
717 1006 865 1077 reperitur.
880 1005 972 1059 Distat

172 1104 243 1158 enirn
260 1103 321 1158 loco
336 1110 466 1171 tempore,
482 1099 612 1171 qualitate
634 1112 739 1160 rerum,
762 1094 892 1165 qualitate
906 1109 972 1163 per-

172 1215 303 1255 sonarum
317 1214 323 1253 τ
339 1200 410 1265 Ιοεο,
427 1197 498 1270 quod
515 1199 572 1251 llaec
587 1195 684 1249 domus
698 1190 856 1248 aedificanda
872 1198 912 1245 cst
927 1190 972 1245 iu-

173 1289 265 1353 terris,
281 1289 331 1343 scd
346 1286 499 1343 dedicanda
514 1285 541 1339 iu
553 1283 647 1347 coelis;
660 1291 791 1352 tempore,
804 1280 875 1352 quod
887 1276 974 1334 rudili-

174 1377 322 1433 candaest
338 1376 512 1444 intempore,
529 1372 555 1426 id
573 1380 613 1426 εει
629 1372 655 1424 in
671 1371 722 1426 bac
742 1370 808 1438 vita,
829 1369 877 1423 sed
894 1367 973 1422 dedi-

173 1474 261 1530 canda
276 1473 326 1528 erit
339 1472 541 1535 maternitate,
556 1471 609 1524 hoc
621 1476 662 1524 cst
679 1468 704 1521 in
721 1452 776 1521 alia
791 1466 846 1521 vita
859 1491 865 1529 ;
879 1464 971 1537 quali·

175 1570 230 1616 tato
245 1577 344 1628 rerum,
361 1559 434 1632 quod
449 1558 593 1615 aedificatio
608 1572 681 1612 nunc
696 1554 755 1610 heri
771 1555 852 1610 debet
868 1553 896 1607 in
915 1554 975 1623 ipsa

176 1666 218 1717 re,
233 1650 318 1704 corde
335 1649 438 1704 scilicet
454 1655 480 1702 et
495 1662 610 1717 corpore
623 1651 731 1711 nostro,
747 1644 795 1698 sed
809 1642 880 1697 inlra
904 1643 976 1696 banc

177 1745 383 1803 aedificationem
397 1744 533 1800 dedicatio
549 1760 602 1798 non
618 1750 791 1813 potestesse,
807 1740 859 1794 nisi
874 1739 900 1794 iu
916 1738 976 1795 sola

177 1852 239 1908 spe.
257 1835 340 1891 Verbi
354 1834 452 1906 gratia,
469 1841 498 1887 ut
512 1848 574 1889 cnm
587 1834 657 1886 hunc
666 1828 814 1901 spiritalem
826 1829 937 1883 domum
948 1828 977 1881 in

178 1924 260 1982 nobis
275 1925 359 1979 sacris
375 1923 522 1978 vtrtutibus
538 1920 717 1983 aedificamus,
744 1917 850 1973 interim
867 1931 976 1989 quoque

178 2037 321 2092 speremus
337 2019 410 2092 quod
425 2028 451 2074 et
466 2019 492 2074 in
513 2026 613 2073 aterna
637 2015 803 2070 heatitudine
821 2013 975 2069 dedicetur.

178 2111 242 2165 llaec
257 2116 346 2163 autem
375 2105 519 2162 aediticatio
542 2105 625 2160 debet
655 2102 711 2159 lieri
727 2120 775 2173 per
802 2102 975 2172 sapientiam,

177 2214 238 2269 qua
252 2195 398 2251 aedificavit
412 2194 464 2249 sibi
475 2195 598 2259 domum,
624 2191 724 2247 excidit
746 2190 886 2247 columnas
910 2205 977 2259 sep-

177 2299 242 2357 tem,
259 2291 349 2364 posuit
364 2305 498 2356 mensam,
528 2288 676 2343 immolarit
701 2287 840 2354 victimas,
869 2285 978 2340 miscuit

179 2381 283 2446 vinum,
300 2379 373 2433 misit
387 2378 501 2434 ancillas
515 2377 632 2432 invitare
647 2376 680 2429 atl
695 2375 861 2431 corrrivium.

215 2484 365 2555 Sapientia,
378 2482 542 2546 charissimi,
555 2499 617 2554 quse
633 2482 685 2536 sibi
700 2481 810 2536 domum
825 2478 977 2545 aedificarit,

181 2580 222 2631 est
232 2573 356 2629 Christus
364 2573 413 2628 llei
424 2572 512 2629 virtus
521 2581 548 2627 et
557 2571 604 2626 Dei
612 2570 754 2641 sapientia,
767 2569 816 2640 qui
827 2569 980 2624 Ecclesium

180 2662 292 2720 deviris
307 2669 335 2718 ct
350 2661 444 2717 electis
458 2660 493 2714 ad
508 2659 685 2715 habitandum
711 2657 764 2712 sibi
785 2657 921 2713 fundarit.
939 2656 980 2711 lld

179 2761 251 2816 hanc
266 2759 376 2815 domurn
391 2756 556 2814 fulciendam
576 2766 683 2827 septem
705 2755 846 2812 columnas
869 2754 979 2810 excidit·

181 2848 245 2922 quia
259 2857 363 2920 septem
374 2847 459 2902 libros
473 2846 518 2918 qui
531 2846 713 2917 agiographa,
729 2844 755 2899 id
766 2853 805 2898 est
816 2858 894 2900 sacra
909 2843 981 2899 Scri-

181 2944 261 3010 ptura
275 2936 455 3008 appellantur,
469 2935 542 2989 omni
557 2934 691 3004 sapientia
703 2941 729 2986 et
740 2931 981 3003 scientiaperpoli-

1023 462 1466 535 lantibuspropinaveruntlnbac
1476 469 1569 523 domo
1578 465 1720 521 victimas
1729 466 1833 521 immola

1023 553 1071 620 rit,
1084 552 1147 607 dum
1158 568 1257 624 corpus
1267 570 1345 610 suum
1357 571 1409 626 pro
1420 556 1551 610 humano
1575 571 1697 627 genere
1711 555 1769 610 Deo
1778 556 1833 609 l'atri

1024 649 1190 708 sacrificavit
1202 673 1213 699 ι
1225 652 1320 706 Vinum
1335 654 1445 709 miscuit
1455 656 1558 722 (Pron.
1569 656 1632 718 ixl,
1644 676 1656 699 ·
1671 653 1836 724 dumsangai·

1024 741 1837 813 nemsuumpronostraredemptioneludit.lnquibusdan

1024 828 1093 886 locis
1104 830 1196 885 vinum
1207 838 1319 902 propter
1333 830 1530 887 tortitudinem
1544 846 1618 889 curn
1636 846 1717 902 aqua
1728 833 1836 887 miscent:

1025 929 1089 988 ideo
1100 927 1174 993 dicit,
1189 948 1200 978 ι
1213 928 1304 983 vinum
1314 929 1432 992 miscuit,
1455 950 1466 976 ι
1485 928 1558 999 quia
1578 930 1621 983 de
1637 927 1729 983 latere
1752 929 1831 984 Christi

1025 1031 1100 1090 aqua
1115 1017 1248 1088 sanguine
1262 1017 1339 1071 mista
1356 1016 1443 1071 iluxit.
1460 1017 1508 1072 Ad
1532 1018 1592 1072 has
1618 1017 1726 1088 epulas
1738 1017 1836 1072 inritan-

1026 1106 1100 1170 dum,
1113 1120 1281 1173 nauseatus,
1295 1106 1343 1160 aed
1361 1105 1479 1161 ancillas
1497 1105 1596 1171 misit,
1618 1107 1692 1177 quia
1709 1122 1762 1160 noa
1777 1106 1836 1159 nobi

1027 1204 1078 1269 les,
1095 1203 1144 1259 scd
1167 1203 1316 1274 apostolos,
1341 1204 1501 1259 rusticanos
1519 1203 1643 1261 scilicet
1672 1204 1838 1268 homiuesot

1028 1301 1092 1364 puta
1107 1293 1257 1363 piscatores
1273 1293 1390 1348 invitare
1405 1293 1533 1364 populos
1565 1293 1608 1348 ad
1629 1292 1750 1349 eoeleste
1763 1293 1837 1349 couri·

1028 1383 1100 1438 vium
1116 1380 1203 1436 misit.

1063 1489 1148 1557 liujus
1162 1486 1260 1543 domus
1274 1503 1382 1560 quoque
1396 1488 1552 1545 aedilicatio
1579 1489 1677 1544 debet
1697 1487 1756 1544 lieri
1769 1497 1792 1543 et
1803 1504 1838 1558 pe

1026 1576 1169 1646 justitiam,
1180 1576 1208 1631 id
1222 1584 1265 1632 est
1276 1592 1326 1647 per
1339 1584 1449 1634 sanctas
1465 1578 1596 1632 virtutes
1612 1597 1618 1632 :
1650 1595 1718 1649 quae
1732 1576 1805 1634 uobis
1816 1592 1838 1630 u

1032 1665 1221 1739 gratiadivina
1239 1663 1434 1732 conferuntur;
1464 1665 1623 1722 dedicatio
1657 1682 1728 1722 vcro
1754 1664 1838 1729 aritia

1031 1765 1134 1822 coelesti
1146 1764 1243 1838 gloria,
1261 1780 1322 1820 cum
1337 1765 1469 1820 virtutum
1486 1781 1582 1836 opera
1601 1766 1712 1822 tuerint
1727 1780 1841 1821 conson-

1029 1863 1112 1910 mata.
1130 1855 1158 1908 ln
1175 1854 1302 1925 qualitate
1316 1870 1501 1924 personarum
1514 1854 1728 1911 aedificantium
1746 1865 1771 1910 et
1780 1854 1841 1909 dedi·

1031 1943 1152 2000 cantium
1180 1944 1249 1997 banc
1278 1943 1388 1998 domum
1416 1944 1504 1999 distat
1532 1945 1677 2009 multum,
1699 1945 1840 2015 quiahorao

1032 2043 1089 2098 lieo
1105 2049 1268 2112 cooperatur
1281 2042 1308 2096 in
1324 2041 1524 2107 mdiiicatione,
1542 2043 1597 2098 sed
1613 2045 1698 2098 solus
1711 2042 1841 2112 Densope

1031 2130 1137 2186 rabitur
1153 2131 1180 2184 in
1195 2129 1377 2186 dedicatione.
1399 2130 1481 2187 Nune
1503 2130 1601 2204 igitur
1617 2132 1772 2187 videndum
1787 2146 1841 2202 quo-

1032 2221 1113 2275 modo
1124 2227 1285 2290 cooperetur
1298 2221 1378 2274 homo
1397 2220 1456 2275 Deo
1481 2220 1515 2275 in
1533 2220 1745 2283 aedificatione,
1765 2222 1840 2290 sicque

1031 2319 1158 2374 uideatur
1172 2318 1308 2390 quomodo
1323 2326 1349 2373 et
1364 2318 1439 2374 Deus
1454 2327 1603 2390 operetur·
1618 2320 1652 2374 in
1669 2321 1840 2376 dedicatione.

1033 2408 1166 2463 Dominus
1182 2407 1306 2462 Christus
1323 2407 1371 2463 Dei
1387 2407 1474 2463 virtus
1502 2418 1561 2475 est,
1591 2418 1624 2465 et
1641 2411 1696 2465 Dei
1711 2408 1838 2480 sapientia.

1033 2497 1094 2568 Ipsa
1109 2496 1158 2551 Dei
1175 2496 1261 2550 virtus
1285 2505 1311 2551 et
1333 2496 1384 2551 Dei
1412 2496 1559 2568 sapientia
1591 2498 1730 2554 Christus
1754 2498 1841 2555 dicitur.

1034 2593 1062 2648 id
1078 2601 1238 2656 estunctus,
1262 2608 1295 2647 co
1319 2592 1392 2664 quod
1422 2592 1547 2665 Spiritus
1572 2605 1701 2652 sauctus
1728 2611 1842 2667 superre-

1035 2682 1113 2737 niens
1128 2680 1288 2736 innunxerit
1303 2697 1374 2749 curn,
1391 2682 1462 2736 dans
1476 2681 1505 2736 ei
1524 2684 1607 2738 dona
1618 2686 1749 2740 omnium
1762 2686 1843 2755 gratia·

1036 2786 1095 2825 rum
1111 2770 1181 2824 ultra
1195 2785 1350 2825 mensuram
1361 2786 1417 2840 prae
1432 2771 1676 2829 cunctiscaeteris
1687 2772 1842 2829 hominihus:

1036 2884 1105 2941 quos
1121 2877 1146 2923 ct
1160 2867 1231 2922 idem
1254 2866 1409 2938 repleverat
1438 2866 1565 2938 Spiritus
1595 2879 1728 2927 sanctus.
1745 2872 1784 2925 Ex
1803 2872 1842 2923 bac

1037 2956 1170 3012 unctione
1186 2955 1229 3011 rel
1244 2972 1277 3010 ex
1294 2956 1342 3010 hac
1361 2954 1508 3011 affluentia
1535 2961 1679 3014 omnYum
1697 2960 1843 3033 gentianam,

182 3035 357 3107 uit,quornm
374 3031 734 3089 doctr-iuatotiusEcclcsim
751 3030 1126 3121 structuraitaadfflqacee
1160 3044 1184 3100 ei
1216 3060 1267 3099 nos
1294 3044 1439 3115 inungere,
1470 3053 1500 3100 et
1532 3063 1590 3117 per
1622 3049 1715 3119 ipsam
1740 3057 1844 3104 nostran

182 3123 305 3182 coelestia
320 3130 498 3189 sustentatur,
511 3128 540 3175 ut
552 3120 642 3192 aliqua
665 3119 788 3175 machina
809 3119 836 3172 in
851 3133 916 3174 aera
930 3134 980 3174 co·

184 3220 285 3276 lumnis
310 3218 433 3274 libratur.
477 3217 564 3273 l‘rima
588 3217 671 3288 igitur
696 3216 822 3272 columna
851 3224 893 3271 est
912 3216 983 3270 liber

184 3308 299 3364 loannis
313 3306 495 3378 Apocalypsi3
509 3306 639 3374 secunda,
649 3305 718 3361 liber
727 3305 900 3360 l'salmorum
911 3319 918 3374 ;
930 3312 984 3361 ter·

185 3398 310 3464 tia,liber
326 3396 551 3462 proverbiorum,
568 3403 673 3466 quarta.
689 3393 756 3449 liber
773 3393 956 3450 Ecclesiastes
975 3410 981 3456 ;

187 3494 292 3563 quinta,
308 3493 421 3549 Cantica
431 3493 615 3557 canticorum;
629 3499 716 3559 sexta,
728 3491 796 3546 liber
813 3490 957 3559 Sapientia!
975 3508 982 3553 ;

190 3581 316 3651 septima,
333 3580 404 3635 liber·
420 3579 643 3636 Ecclesiasticus.
662 3580 717 3634 llas
728 3587 832 3649 septcrn
844 3578 984 3634 columnas

187 3669 280 3723 domui
296 3668 345 3722 llei
360 3668 515 3738 suppositas
538 3668 644 3722 nobiles
665 3669 795 3737 pictores,
821 3666 982 3737 Gregorius,

189 3764 369 3837 Augustinus,
386 3764 431 3819 alii
446 3781 554 3836 quoque
570 3764 666 3829 etalii,
683 3764 728 3833 qui
742 3764 871 3819 decorem
887 3764 984 3819 domus

188 3854 239 3910 Dei
255 3854 418 3919 dilexerunt,
434 3854 610 3923 postmodum
626 3852 788 3922 exponendo
802 3852 985 3922 depinxerunt

187 3961 215 4008 ει
229 3954 306 4026 quasi
322 3952 462 4024 praestanti
478 3951 581 4021 pictura
603 3951 727 4023 insigues
750 3950 937 4005 reddiderunt.
955 3952 985 4005 lu

188 4043 235 4097 tali
245 4043 326 4098 domo
336 4041 460 4114 sapentia
472 4057 599 4097 mensam
610 4041 711 4111 posuit,
726 4056 786 4096 curn
803 4055 908 4094 sacram
919 4038 985 4095 bde-

187 4131 228 4186 les
243 4131 343 4201 ubique
356 4131 523 4201 Scriptorum
534 4130 667 4184 docuerit.
680 4130 845 4184 llacrnensa
857 4145 917 4199 (puae
928 4136 986 4184 tuo-

187 4243 246 4282 rum
260 4228 375 4298 pedibus
391 4227 507 4292 luleitur,
529 4226 593 4298 quia
617 4242 697 4282 sacra
713 4227 854 4296 Scriptura
869 4233 985 4297 quatuor

187 4316 276 4370 modis
304 4315 478 4387 intelligitur.
510 4314 615 4370 l‘rimus
643 4332 691 4384 pes
711 4322 751 4369 cst
774 4314 894 4379 historia,
922 4330 983 4369 cum

188 4403 223 4457 ita
257 4411 284 4457 ut
311 4403 400 4457 littera
436 4412 525 4458 narrat
560 4402 717 4474 accipitur;
751 4403 890 4459 secundus
917 4402 1025 4463 alle-D

187 4501 278 4574 geria,
316 4516 378 4557 cum
415 4501 490 4555 aliud
536 4501 644 4568 dicitur,
689 4499 762 4555 aliud
800 4499 984 4571 intelligitur;

187 4590 281 4644 tertius
319 4589 469 4658 moralitas,
508 4606 569 4646 curn
597 4606 648 4661 per
684 4604 717 4644 ea
745 4605 808 4661 qua
847 4588 983 4660 leguntur,

1035 3145 1190 3201 unctionem
1202 3144 1317 3199 domum
1341 3159 1419 3197 suam
1450 3145 1581 3201 innobis
1612 3146 1766 3204 aerlilrcare.
1791 3146 1846 3214 Qua

1036 3234 1145 3297 domus,
1156 3232 1220 3287 licet
1236 3231 1320 3302 ipsius
1334 3231 1379 3295 sit,
1393 3230 1458 3287 licet
1487 3248 1559 3288 eam
1585 3234 1726 3299 aedificet,
1755 3243 1845 3290 uteaa

1037 3321 1177 3386 inhabitet,
1194 3320 1231 3375 ibi
1246 3327 1336 3375 tamen
1350 3327 1376 3374 et
1387 3334 1438 3375 nos
1453 3319 1478 3375 ei
1496 3322 1723 3393 cohabitamus,
1738 3340 1788 3380 nec
1801 3324 1846 3394 ipse

1039 3418 1148 3491 quidem
1163 3433 1196 3472 ea
1212 3417 1351 3490 indignum
1365 3417 1415 3473 sed
1431 3416 1483 3473 soli
1501 3435 1559 3475 nos
1575 3420 1757 3494 indigemus.
1776 3421 1847 3492 igitur

1039 3524 1070 3563 ex
1084 3506 1142 3563 sola
1157 3506 1245 3580 gratia
1260 3523 1312 3579 qua
1331 3506 1392 3577 ipse
1418 3507 1616 3576 superallluit,
1636 3520 1719 3567 etex
1738 3512 1847 3565 unctiore
1882 3518 1884 3523 ·

1040 3606 1154 3676 Spiritus
1168 3606 1269 3671 saneti,
1286 3620 1345 3677 quse
1361 3604 1419 3674 ipsc
1434 3621 1493 3676 prm
1522 3609 1648 3664 cunctis
1673 3610 1846 3666 mortalibusr

1041 3695 1097 3749 Deo
1113 3703 1154 3749 cst
1169 3700 1278 3762 unctus,
1295 3692 1404 3749 domum
1429 3708 1512 3748 suam
1546 3696 1577 3750 in
1594 3699 1687 3754 nobis
1713 3698 1769 3753 vult
1785 3697 1846 3751 inun-

1039 3799 1115 3853 gere,
1137 3783 1164 3838 id
1185 3790 1224 3837 est
1245 3782 1387 3837 dedicare.
1411 3781 1481 3851 Quin
1503 3799 1582 3841 vero
1606 3787 1675 3858 ipse
1703 3789 1787 3843 uirtus
1807 3794 1845 3845 est.

1040 3880 1119 3944 prout
1134 3871 1201 3936 uult,
1217 3877 1305 3942 potest
1316 3870 1396 3925 etiarn
1411 3886 1470 3925 cam
1486 3872 1663 3932 aedificare.

1076 3977 1207 4047 Quamvis
1235 3986 1327 4033 autem
1352 3976 1412 4033 hae
1437 3976 1503 4044 triu,
1539 3980 1663 4039 scilicet
1680 3984 1761 4049 velle,
1781 3984 1842 4040 seire,

1039 4084 1131 4139 posse,
1150 4066 1201 4121 sibi
1217 4075 1398 4136 cooperentur
1418 4064 1445 4119 in
1468 4066 1674 4128 aedilicatione
1690 4071 1786 4128 domus
1797 4067 1841 4123 liei.

1040 4165 1129 4211 tamen
1154 4155 1280 4228 quadam
1304 4155 1402 4211 domus
1425 4163 1469 4210 est
1500 4173 1593 4227 quam
1630 4161 1727 4216 uirtus
1750 4160 1844 4217 alitent

1040 4254 1102 4320 sibi,
1114 4253 1324 4328 etestquaedam
1335 4252 1571 4324 quemchristus,
1585 4256 1674 4313 idest
1685 4254 1846 4321 unetoseti·

1040 4342 1103 4398 licat
1127 4343 1188 4407 sibi,
1220 4350 1303 4397 ctest
1328 4342 1425 4397 domus
1453 4357 1542 4413 quam
1570 4346 1724 4416 sapientia
1751 4344 1848 4403 :editicat

1041 4432 1228 4497 sibibomus,
1245 4446 1327 4503 quam
1354 4429 1440 4487 rietus
1464 4429 1593 4488 adilicat
1618 4436 1678 4491 sibi
1703 4433 1849 4493 nobisetin

1041 4529 1129 4592 nobis,
1147 4538 1268 4599 tempore
1282 4529 1371 4599 prima
1385 4535 1435 4593 est,
1455 4534 1481 4582 et
1496 4527 1610 4585 dicitur
1629 4533 1736 4589 domus
1757 4530 1847 4587 virtutis

1040 4618 1083 4674 vcl
1098 4618 1261 4683 dilectionis,
1278 4617 1345 4689 quia
1358 4615 1443 4672 virtus
1459 4616 1486 4670 in
1503 4616 1668 4677 dilectione
1687 4628 1741 4677 est.
1759 4623 1848 4676 Domus

185 4687 477 4753 m⁰l⁰⁵i⁰⁸¹¹l¹¹¹¹¹²⁰si
508 4694 631 4758 quartus,
662 4701 799 4758 ³¹¹880802
826 4685 852 4739 id
877 4693 984 4740 ⁰⁸⁸⁰·
1040 4723 1115 4768 vcro.
1133 4705 1362 4778 quemchristus,
1386 4704 1412 4758 id
1441 4713 1483 4759 est
1513 4708 1629 4775 unctio,
1659 4707 1846 4767 adificatsibi,

185 4777 478 4847 pet·iorsensus›,cuul
508 4776 630 4831 colestia
659 4784 685 4830 ct
708 4785 807 4830 telerna
832 4776 979 4830 docentur.
1039 4792 1847 4860 secunda0512equchffdomusuncpjouifflpdepeffl.

185 4866 274 4936 Super
294 4866 366 4921 hnuc
391 4865 633 4920 mensamdirersi
662 4863 983 4918 dirersaierculamini-
1038 4884 1128 4948 pionis,
1159 4883 1219 4955 qui-,1
1244 4883 1335 4939 unctio
1350 4898 1401 4952 qna
1426 4882 1545 4952 quisque
1572 4883 1750 4954 delectatur,
1773 4898 1811 4943 est
1824 4885 1845 4938 iu

182 4971 348 5030 straverunt,
365 4972 391 5019 ct
407 4963 488 5018 soriis
510 4964 652 5018 sententiis
676 4963 754 5034 qrrasi
778 4962 865 5015 rariis
889 4962 978 5032 epulis
1037 4972 1228 5028 delectatione,
1248 4973 1350 5026 Domus
1364 4984 1437 5035 vero,
1461 4985 1547 5041 quam
1573 4975 1723 5045 sapientia
1743 4976 1847 5033 33,qust

183 5051 315 5106 convivas
335 5052 513 5106 satiaverunt.
537 5053 646 5123 ldoyscs
669 5051 769 5105 etenim
792 5050 854 5104 dum
886 5050 982 5105 rriundi
1036 5061 1098 5125 siut,
1115 5061 1195 5115 terrra
1210 5069 1260 5125 ese,
1278 5068 1304 5114 er
1319 5057 1417 5113 dicitur
1432 5057 1533 5114 domus
1550 5063 1711 5133 sapientia,
1728 5067 1774 5121 pel
1790 5079 1846 5121 con.

180 5140 488 5211 ⁰s⁸³1i01¹0m29md585
503 5140 722 5209 diSPOSiliOUGm·
740 5138 835 5193 diluvii
859 5139 980 5193 munda·
1036 5149 1230 5220 temptationis,
1248 5149 1309 5219 quia
1324 5146 1455 5216 sapientia
1470 5154 1513 5202 est
1539 5149 1568 5203 in
1595 5155 1844 5226 contemplatione.

180 5238 290 5304 tionem,
303 5242 421 5296 Abrahae
434 5240 628 5305 obedientium,
654 5241 754 5309 loseph
779 5239 978 5307 castimoniam,
1035 5237 1106 5293 Cum
1135 5245 1226 5292 antem
1252 5238 1310 5291 hrnc
1336 5243 1391 5289 tres
1416 5235 1515 5290 domus
1547 5237 1577 5292 iu
1603 5243 1848 5299 unomdilicautnr

182 5324 298 5380 liliorum
312 5327 398 5383 lsrael
415 5329 611 5394 liberationem,
628 5338 652 5384 et
675 5346 725 5399 per
749 5329 833 5382 uraris
848 5328 933 5383 ltubri
948 5344 980 5385 ae
1034 5328 1128 5392 corde,
1146 5326 1182 5379 ibi
1198 5326 1269 5379 velut
1293 5324 1319 5378 in
1335 5339 1415 5377 titiam
1433 5322 1593 5395 junguntur
1619 5330 1755 5397 domum,
1780 5338 1808 5386 ut
1821 5328 1847 5383 sit

180 5414 264 5469 eremi
280 5415 529 5472 deambulationem
544 5418 648 5473 eisdem
665 5433 763 5472 uranus
778 5417 813 5472 ‹le
828 5417 897 5472 coelo
921 5418 979 5487 plu·
1033 5424 1236 5496 quodammodo
1252 5423 1349 5478 domus
1365 5437 1419 5475 una
1433 5430 1458 5476 ει
1474 5421 1566 5478 trina:
1593 5426 1705 5483 domus
1729 5428 1847 5485 videlieet

178 5510 977 5585 risse,etaquarndcpetrallurtisseretulitquasisuavia
1031 5512 1188 5577 uniusllei,
1219 5520 1245 5566 et
1265 5518 1368 5566 sanctae
1394 5510 1537 5566 Trinitatis
1569 5515 1669 5571 Patris
1695 5526 1724 5573 et
1757 5516 1846 5574 Filiiet

177 5608 203 5657 et
218 5598 318 5654 diversi
329 5600 440 5669 generis
449 5600 549 5656 lercula
558 5603 763 5658 convivantibus
778 5601 875 5656 intulit.
888 5602 976 5658 David
1031 5601 1145 5672 Spiritus
1158 5600 1255 5656 sancti.
1264 5601 1366 5654 Doruus
1378 5600 1442 5663 ista,
1455 5616 1523 5655 cum
1549 5603 1750 5663 aedilicnturin
1761 5604 1843 5667 aubia

177 5698 266 5745 antem
281 5687 407 5745 etoaetari
416 5687 563 5758 propheta,
575 5690 639 5744 dum
648 5690 683 5746 de
695 5689 839 5746 dulcedine
850 5705 975 5760 superata
1029 5705 1085 5746 nan
1112 5687 1262 5745 edificatur
1290 5687 1351 5743 eiua
1375 5686 1470 5745 nobb·
1485 5686 1707 5762 Gooperatores
1728 5706 1841 5767 umque
