3780 6038
57 239 125 295 tata

830 228 922 287 t’tTt.

1636 232 1704 291 llil

57 367 122 418 runt
138 382 144 428 ;
161 371 186 418 et
202 378 252 435 per
266 361 467 419 confessionam
480 361 556 418 virus
583 357 752 432 pestiferum,
782 356 853 428 quod
869 356 897 417 A
912 371 1022 412 servum
1033 372 1111 411 suum
1122 354 1254 411 hominus
1262 356 1297 413 de
1316 355 1431 413 aliorum
1446 354 1613 428 profectibus
1628 356 1706 412 ordi-

56 452 83 508 io
104 453 233 509 cordibus
248 468 343 507 eorum
366 453 492 520 latuerat,
515 457 687 513 evomentes,
716 446 854 502 eliminata

57 543 191 614 spurcitia
209 552 321 615 gratum
339 541 366 595 in
396 542 553 611 semetipsis
582 540 638 594 Deo
667 535 852 592 habitaculum

56 648 236 710 paraverunt.
256 639 380 711 lienique
400 639 488 694 aviro
503 638 552 694 Dei
568 653 653 708 super
667 634 786 707 cogitata
802 650 852 689 ne-

56 729 143 800 quitia
158 727 304 801 redarguti,
320 728 468 784 abeodem
489 733 663 784 recesserunt
688 724 854 780 salutaribus

56 817 168 874 monitis
196 816 346 883 informati,
381 818 457 886 cujus
484 816 613 871 nimirum
640 830 731 870 sermo
751 813 853 869 ardens

57 922 186 987 tanquam
202 914 292 971 facula
306 914 434 971 coetestes
448 913 680 987 concupiscentias
694 910 722 967 in
745 911 855 967 illorum

57 1005 195 1061 mentibus
232 1004 382 1069 excitabat,
411 1012 528 1060 terrena
560 1002 703 1077 dignitatis
722 1000 854 1056 ambitum

57 1093 87 1148 in
107 1092 146 1149 eis
166 1109 283 1164 prorsus
314 1093 482 1165 exstirpans,
511 1101 538 1148 et
571 1092 699 1147 virtutum
731 1089 853 1146 fomitem

57 1206 113 1248 non
133 1190 225 1247 minus
244 1190 370 1256 suaviter,
398 1206 480 1263 qnam
512 1190 659 1246 salubriter
690 1188 717 1245 in
748 1186 854 1245 eisdem

56 1295 167 1337 creans.

93 1378 123 1430 5.
141 1376 209 1431 Cum
225 1375 309 1449 igitur
323 1376 357 1431 ad
372 1375 474 1442 locum,
490 1375 518 1430 in
534 1392 587 1447 qno
601 1375 678 1447 prius
688 1372 759 1429 alter
769 1373 796 1428 in
810 1372 854 1428 al-

57 1471 144 1520 terum
159 1466 295 1538 cogitarat
309 1465 467 1536 insurgere,
490 1464 689 1535 pervenissent,
714 1471 854 1533 eruperunt

58 1553 151 1608 dicere
165 1554 237 1608 inter
252 1570 291 1619 se,
309 1562 336 1609 et
349 1562 442 1610 mutuo
457 1553 639 1625 loquebantur
655 1571 662 1609 ε
688 1576 698 1602 a
711 1552 782 1622 Quid
797 1551 852 1621 hic,

56 1640 141 1715 inquit
157 1643 227 1698 alter
237 1659 344 1707 eorum,
356 1643 440 1699 frater
449 1643 621 1709 charissime,
634 1643 712 1698 nobis
723 1641 854 1700 hesterna

55 1738 100 1794 die
116 1741 324 1796 transeuntibus
339 1741 478 1814 cogitabas
492 1742 530 1795 i·
547 1742 586 1797 At
600 1742 795 1798 iliocordissui
806 1758 852 1799 co-

56 1828 218 1900 gitationem
240 1838 380 1885 reserante
400 1829 476 1884 fratri
496 1846 567 1886 suo:
586 1852 597 1881 ι
613 1832 648 1886 Et
671 1847 734 1904 ego,
765 1831 851 1903 iuquit

55 1917 135 1984 alter,
156 1916 222 1972 nihil
241 1934 354 1989 prorsus
372 1918 505 1974 dissimile
531 1919 663 1990 cogitavi.
693 1918 746 1989 Qui
760 1920 851 1975 atatim

54 2016 212 2086 compuncti
227 2017 312 2074 eorde
327 2017 362 2072 ad
378 2018 463 2073 virum
478 2017 529 2074 liei
543 2018 674 2090 regressi,
689 2026 782 2088 spreta
797 2034 852 2074 sae-

54 2104 107 2161 culi
123 2122 223 2176 pompa
240 2107 363 2179 fastuque
378 2107 491 2174 calcato,
509 2122 570 2163 cum
589 2107 687 2162 eodem
709 2111 852 2179 coeperunt

56 2194 234 2266 spiritualiter
248 2196 353 2265 vivere,
369 2202 397 2251 et
411 2196 445 2250 ad
461 2196 626 2267 portandum
650 2212 732 2253 snare
753 2197 851 2269 jugum

55 2292 146 2348 cordis
162 2293 265 2349 Christi
281 2294 419 2350 cervicem
445 2294 581 2349 humiliter
610 2295 750 2363 inclinare,
779 2295 852 2352 unde

56 2381 116 2453 quis
131 2397 227 2437 eorum
244 2383 452 2439 conversionem
467 2384 572 2439 meritis
587 2385 617 2438 ll.
633 2385 744 2439 lloberti
768 2384 851 2440 dubi·

55 2478 92 2526 tet
106 2471 299 2527 ascribendam
315 2472 329 2526 f
344 2472 425 2541 cujus
441 2472 615 2545 magisterio,
642 2473 711 2528 sicut
734 2490 853 2545 sequens

55 2569 164 2626 docebit
176 2571 266 2640 lectio,
283 2571 434 2642 disciplinis
445 2580 525 2628 ernnt
536 2572 708 2645 regularibus
721 2573 852 2628 imbuen-

55 2657 93 2714 di.
113 2658 186 2714 Deus
204 2669 303 2725 autem,
325 2660 370 2732 qui
405 2661 561 2717 consolatur
592 2662 718 2726 humiles,
752 2662 853 2731 adjecit

55 2747 235 2819 multiplicare
254 2765 353 2804 servos
371 2766 446 2816 suos,
463 2759 492 2804 ut
506 2749 576 2805 intra
590 2750 674 2806 breve
688 2751 805 2821 spatium
819 2751 854 2806 ad

56 2846 240 2916 septenarium
256 2862 399 2902 numerum
429 2848 615 2919 pervenirent,
646 2865 701 2920 quo
727 2849 855 2906 videlieet

57 2951 172 2991 numero
188 2935 356 3006 septiformis
371 2937 457 2992 sancti
473 2937 590 3008 Spiritus
609 2938 695 3007 gratia
709 2938 852 3011 figuratur,

62 3041 143 3097 quem
159 3024 351 3095 perfamulrrm
368 3042 449 3081 suurn
475 3028 505 3081 ll.
534 3027 683 3083 Robertum
710 3028 853 3084 multorum

57 3121 172 3176 salutem
187 3122 313 3178 novimus
327 3131 483 3193 operatum.
502 3122 578 3179 ldenr
593 3124 665 3179 enirn
680 3124 854 3196 Spiritnshos

57 3218 160 3281 septem
173 3210 255 3275 viros,
269 3211 350 3283 quasi
360 3220 464 3283 septem
475 3212 617 3268 columnas
627 3214 776 3284 spiritualia
787 3215 853 3271 aedi·

58 3298 112 3357 frcii
126 3301 301 3371 praeparavit,
317 3317 367 3372 per
382 3302 432 3357 hos
446 3301 519 3358 enim
532 3302 616 3373 erepit
629 3303 697 3358 ordo
718 3306 854 3359 monasti-

58 3413 108 3452 cus
122 3397 302 3465 reviviscere,
320 3406 346 3453 et
361 3398 446 3455 missa
457 3400 549 3456 radice
560 3401 594 3455 ad
605 3401 746 3457 lrumorem
756 3403 854 3474 gratiae

59 3487 175 3543 fructum
192 3487 281 3544 facere
296 3488 459 3558 spiritalem,
489 3497 527 3556 ut,
552 3504 616 3545 cnm
636 3490 745 3561 penitus
774 3499 853 3560 puta·

58 3584 134 3631 retur
149 3577 318 3648 absumptus,
336 3593 445 3632 rursum
460 3577 494 3632 ad
510 3576 626 3632 odorem
640 3579 735 3649 gratiae
748 3579 847 3650 gerini·

57 3683 145 3741 naret,
168 3672 322 3747 faceretque
335 3690 451 3741 comam,
467 3675 546 3748 quasi
561 3691 623 3732 cum
638 3676 758 3747 primum
771 3677 851 3749 plan·

57 3768 131 3819 tatus
145 3772 200 3818 est.

94 3872 124 3924 0.
144 3870 237 3926 iterim
251 3886 317 3926 vero
332 3872 364 3925 B.
384 3870 534 3937 liebertus,
555 3872 699 3928 sanctitate
715 3882 741 3929 et
764 3873 855 3943 gratia

58 3958 131 4030 apud
146 3960 232 4015 Deum
248 3968 275 4015 et
289 3960 413 4016 homines
427 3960 494 4015 satis
509 3959 609 4028 clarus,
626 3977 643 4017 a
658 3963 798 4020 monacbis
818 3963 850 4019 S.

58 4048 201 4103 llichaelis
216 4049 432 4105 tornodorensis
445 4051 486 4119 (5)
499 4050 604 4106 electus
616 4059 657 4107 eat
671 4052 698 4107 in
714 4053 854 4109 abbatem.

58 4145 165 4201 Praefati
180 4162 245 4202 vero
260 4148 380 4203 eremitae
393 4164 455 4205 com
477 4164 532 4204 non
559 4150 703 4215 haberent,
733 4150 779 4220 qui
808 4165 856 4206 eos

58 4234 210 4304 disciplinis
230 4236 405 4307 regularibus
423 4236 613 4307 informarent,
639 4239 782 4294 audientes
812 4237 856 4292 fa·

59 4337 124 4375 nam
144 4321 215 4377 beati
235 4325 295 4389 viri,
316 4325 419 4382 duose
452 4325 579 4380 iratribus
611 4326 669 4379 suis
701 4326 735 4380 ad
765 4326 855 4397 ipsum

906 454 1010 513 nasset,
1026 446 1098 501 unde
1113 445 1244 501 fratribus
1259 446 1382 515 ejusdcm
1399 446 1506 513 domus,
1523 460 1577 501 noc
1601 461 1655 501 non
1678 453 1705 501 et

907 534 1012 589 abbatis
1027 535 1108 591 sociis
1121 535 1271 605 persuasit,
1287 552 1322 589 ue
1349 535 1473 606 petitioni
1504 533 1626 597 fratrum,
1658 535 1705 606 qui

906 623 940 678 ad
955 624 1159 696 requirendum,
1175 632 1203 678 ut
1218 624 1260 679 vir
1273 624 1323 679 Dei
1338 623 1390 679 sibi
1413 632 1535 693 praesset,
1565 631 1705 690 venerant,

906 720 1079 776 assentirent.
1101 722 1296 775 Verumtamen
1312 721 1344 776 ll.
1365 720 1500 776 liebertus
1515 736 1609 775 eorum
1631 720 1705 791 peti-

905 807 972 863 tioni
983 809 1118 880 justisque
1133 809 1203 865 votis
1217 809 1409 881 aggratulans,
1439 808 1561 878 ipsorum
1591 809 1702 864 satisfe-

907 895 990 953 cisset
1003 897 1150 964 desiderio,
1167 897 1219 952 nisi
1235 896 1334 953 fratres
1348 896 1579 952 l'ornodorenses
1604 897 1704 952 troani-

907 985 988 1040 miter
1003 984 1183 1041 obstitissent.
1207 986 1381 1041 Sulutaribus
1402 994 1494 1041 tamen
1524 985 1633 1042 monitis
1661 986 1706 1041 in-

907 1081 1050 1151 formatos,
1071 1085 1213 1140 comitatos
1227 1085 1399 1140 orationihus
1414 1093 1439 1140 et
1468 1084 1589 1140 tri-matos
1617 1085 1704 1141 bene-

907 1170 1082 1239 dictionibus,
1099 1172 1205 1228 remisit
1219 1172 1281 1228 illos
1297 1173 1331 1227 nd
1349 1173 1460 1244 propria
1479 1192 1485 1229 :
1502 1181 1528 1228 ot
1539 1174 1567 1228 in
1582 1190 1631 1245 spa
1646 1174 1705 1228 sin·

908 1261 1380 1333 gulariterillosconstituit,quod,
1398 1278 1478 1333 equam
1509 1262 1563 1318 cito
1593 1261 1706 1319 facultas
1782 1328 1785 1335 Ι

907 1349 933 1405 ei
953 1350 1119 1405 tribueretur
1137 1366 1154 1406 a
1179 1351 1307 1416 Domino,
1328 1350 1402 1421 ipsos
1420 1350 1580 1421 adimpleret
1614 1351 1707 1407 taertria

907 1463 969 1504 curn
983 1448 1057 1503 vultu
1072 1464 1135 1504 sno.
1155 1449 1232 1504 libet
1246 1457 1336 1504 autem
1361 1450 1406 1505 bic
1434 1451 1574 1521 paululum
1604 1450 1706 1506 intueri

907 1536 1139 1606 dispensationem
1155 1538 1213 1604 Dei,
1232 1537 1357 1609 quamvis
1378 1538 1451 1593 enim
1480 1547 1607 1593 sanctum
1632 1547 1707 1595 esset

907 1624 1027 1696 ipsorum
1059 1626 1227 1696 propositum
1256 1630 1414 1698 justumque
1457 1627 1634 1696 desiderium,
1670 1628 1705 1684 ad

865 1713 1069 1775 Bhoctamea
1089 1714 1202 1769 dilatum
1232 1714 1291 1780 fuit,
1330 1722 1358 1769 ut
1391 1714 1551 1771 dilataretur
1584 1724 1610 1771 et
1643 1732 1706 1772 cre-

905 1822 1017 1877 sceret;
1038 1818 1066 1865 ut
1085 1826 1147 1867 cum
1167 1811 1194 1866 id
1226 1811 1301 1882 quod
1334 1811 1500 1884 quaesierant
1534 1813 1624 1884 adepti
1658 1813 1701 1870 fo·

905 1908 974 1967 rent,
992 1900 1019 1955 id
1034 1899 1167 1956 haberent
1181 1900 1291 1957 charius
1320 1909 1401 1973 atque
1431 1900 1537 1957 cautius
1566 1902 1703 1958 observa·

904 1997 978 2046 reni.

1221 2087 1332 2145 CAPUT
1351 2088 1389 2143 Il.

943 2203 1069 2261 Cenobin
1094 2204 1269 2261 helimenae
1284 2208 1312 2261 et
1330 2204 1514 2262 Cisterniensc
1529 2205 1665 2278 sandeta.

941 2326 971 2380 ἶ.
990 2327 1036 2381 l'ir
1051 2336 1143 2382 autern
1161 2327 1269 2383 Domini
1284 2343 1392 2396 semper
1406 2328 1539 2400 cogitans,
1562 2344 1617 2384 non
1646 2345 1707 2399 quae

906 2414 1001 2469 mnndi
1016 2424 1087 2482 sunt,
1105 2416 1153 2471 sed
1168 2432 1228 2487 quae
1243 2415 1352 2471 Domini
1369 2435 1376 2481 ;
1391 2431 1451 2471 curn
1475 2417 1579 2472 videret
1608 2416 1706 2473 fratres

906 2502 958 2557 loci
973 2502 1045 2557 illius
1059 2505 1093 2559 ab
1107 2504 1241 2576 aequitatis
1257 2504 1364 2559 tramite
1380 2504 1531 2574 declinare,
1547 2505 1647 2562 timens
1671 2521 1706 2563 no

907 2591 1043 2663 malignus
1057 2607 1150 2648 comes
1165 2593 1283 2648 candido
1299 2601 1325 2647 et
1349 2593 1466 2663 simplici
1496 2610 1573 2648 suam
1602 2594 1708 2668 rubigi-

907 2704 973 2744 nem
988 2688 1136 2755 allricaret,
1152 2697 1179 2745 et
1194 2690 1338 2760 pulchram
1353 2690 1454 2745 animae
1470 2690 1544 2745 illius
1554 2690 1651 2747 faciem
1664 2692 1709 2748 de·

907 2776 1040 2833 formaret
1056 2796 1063 2841 ς
1079 2778 1197 2850 eoquod
1214 2794 1304 2834 mores
1319 2778 1434 2833 formari
1448 2778 1555 2834 soleant
1570 2795 1586 2834 a
1610 2779 1708 2836 convi-

908 2874 963 2933 ctu,
979 2867 1013 2921 ael
1028 2866 1176 2923 claustrum
1192 2867 1326 2933 Cellense,
1342 2869 1416 2922 unde
1436 2867 1579 2940 digressus
1606 2868 1705 2935 fuerat,

907 2956 1051 3011 remeavit.
1069 2956 1119 3013 Ubi
1135 2957 1192 3021 lia,
1206 2972 1268 3022 crure
1283 2956 1418 3011 laboriosa
1439 2956 1546 3022 dicitur,
1569 2957 1604 3013 ad
1635 2964 1710 3013 tem·

869 3069 959 3136 Cpus
975 3053 1135 3125 postposita,
1151 3053 1258 3109 dilectae
1272 3053 1372 3125 diuque
1396 3054 1557 3111 desideratae
1581 3055 1709 3111 hachelis

909 3142 1049 3199 fruebatur
1072 3142 1254 3215 amplexibus,
1284 3143 1412 3198 hauriens
1440 3143 1468 3199 in
1495 3143 1595 3214 gaudio
1624 3143 1709 3199 fonti·

908 3232 960 3287 bus
980 3231 1131 3286 Salvatoris
1145 3232 1217 3303 quod
1233 3240 1327 3302 postea
1345 3232 1506 3303 propinaret
1530 3230 1658 3289 fidelibus
1681 3232 1710 3290 in

908 3320 1035 3375 salutem.
1055 3320 1108 3377 Sed
1124 3320 1185 3393 quia
1200 3321 1287 3376 latere
1312 3336 1367 3377 non
1396 3321 1481 3390 potnit
1504 3320 1601 3377 civitas
1625 3336 1710 3393 supra

908 3426 1028 3475 montem
1047 3418 1145 3489 posita,
1163 3420 1191 3473 ll.
1209 3419 1344 3475 ltobertus
1364 3434 1451 3490 supra
1479 3426 1601 3475 montem
1629 3420 1710 3475 Chri-

908 3515 978 3561 stum
992 3508 1132 3563 radicatus
1146 3505 1259 3563 firmiter
1275 3515 1302 3563 et
1316 3506 1453 3572 fundatus,
1470 3508 1600 3564 defuneto
1615 3509 1710 3579 priore

908 3598 940 3651 S.
960 3595 1058 3669 tiguttt
1074 3598 1111 3665 (tt
1127 3596 1163 3651 ad
1177 3597 1347 3668 pascendum
1362 3596 1491 3652 humilem
1502 3613 1614 3670 gregem
1631 3598 1710 3653 Chri·

908 3684 943 3741 sti
958 3702 1055 3740 rursus
1069 3685 1190 3758 eligitur,
1207 3686 1233 3740 in
1250 3686 1345 3742 eadem
1361 3686 1443 3742 domo
1453 3686 1576 3740 unanimi
1598 3685 1710 3743 fratrum

908 3783 974 3831 voto
987 3775 1101 3848 parique
1116 3774 1253 3831 desiderio
1268 3775 1344 3847 prior
1357 3774 1482 3831 effectus.
1499 3775 1640 3832 blemorati
1655 3790 1708 3831 au-

907 3880 962 3929 tem
978 3874 1106 3943 eremitae,
1122 3889 1218 3929 amora
1232 3873 1293 3930 vitae
1308 3873 1428 3929 coelestis
1442 3872 1537 3939 afflati,
1548 3889 1611 3930 cunr
1622 3873 1708 3929 virum

909 3963 958 4019 Dei
973 3979 1082 4033 semper
1096 3962 1222 4019 viderent
1237 3962 1264 4016 in
1281 3963 1368 4016 Deum
1395 3961 1529 4032 prolicere
1556 3969 1581 4017 et
1612 3961 1708 4033 seipso

909 4050 980 4108 effici
995 4052 1148 4116 meliorem,
1165 4050 1232 4104 inito
1247 4049 1363 4106 consilio
1378 4049 1448 4104 duos
1463 4065 1496 4105 ex
1512 4050 1640 4105 fratribus
1651 4051 1709 4108 suis

909 4140 1052 4195 adsedem
1067 4138 1245 4210 apostolicam
1274 4137 1498 4205 transmiserunt,
1529 4147 1662 4210 quatenns
1690 4156 1707 4195 a

910 4252 1017 4292 surnmo
1032 4235 1161 4307 pontifice
1176 4237 1215 4305 (8)
1234 4236 1363 4306 precibus
1378 4235 1541 4301 obtinerent,
1557 4241 1587 4291 ut
1603 4236 1644 4293 sir
1658 4237 1710 4293 Dei

909 4327 939 4381 ll.
957 4326 1096 4381 liebertus
1107 4325 1206 4395 pusillo
1216 4324 1299 4398 gregi
1319 4323 1419 4380 Christi
1439 4324 1518 4380 l‘ater
1532 4322 1611 4381 beret
1625 4334 1708 4397 atque

59 4418 241 4475 transmittere
255 4430 429 4487 curaverunt,
447 4420 565 4493 quicum
581 4421 616 4476 ad
641 4420 729 4478 tonum
754 4430 896 4492 perv0.1)
911 4423 1009 4486 pastor
1026 4429 1033 4483 ;
1050 4415 1171 4470 sciebant
1187 4415 1271 4482 enim,
1288 4413 1359 4485 quod
1371 4412 1505 4468 nefarium
1518 4422 1590 4470 essct
1602 4431 1709 4471 summo

59 4507 175 4571 nissent,
192 4508 219 4563 in
234 4526 289 4580 quo
303 4510 346 4564 vir
360 4510 469 4566 Domini
484 4510 609 4565 sedulum
627 4511 683 4566 Deo
706 4511 856 4567 exhibebat

59 4597 232 4669 obsequium,
248 4598 424 4669 praepositum
448 4599 546 4655 domus
570 4599 644 4655 illius
666 4598 694 4654 in
719 4600 856 4656 auditorio

59 4696 233 4758 repererunt.
253 4686 382 4758 Quicum
403 4704 497 4745 eorum
521 4689 700 4759 propositum,
726 4705 853 4746 causam-

59 4792 113 4847 que
131 4776 236 4832 itineris
253 4777 425 4849 agnovisset,
447 4778 490 4833 vix
509 4778 542 4833 ab
562 4793 595 4833 eo
613 4778 705 4833 multis
724 4779 855 4849 precibus

58 4864 241 4931 obtinuerunt,
259 4875 286 4921 ut
300 4867 334 4921 ad
349 4866 399 4922 viri
415 4866 465 4923 Dei
480 4866 658 4923 secretarium
673 4867 851 4924 ducerentur.

59 4953 173 5009 Invidia>
188 4955 292 5025 quippe
307 4971 438 5011 mucrone
451 4954 597 5012 confossus
620 4956 784 5027 praepositus
816 4956 855 5025 (6)

59 5041 113 5097 sibi
128 5042 311 5099 arbitrabatur
324 5045 426 5116 perire,
442 5043 546 5117 siquid
567 5043 648 5100 laude
671 5044 766 5119 dignm
789 5060 855 5116 per·

95 5222 133 5288 (5)
148 5221 336 5277 tornodorum
351 5222 438 5305 vulgo
454 5224 605 5287 tonnerre,
622 5222 693 5277 haud
714 5220 796 5289 longe
820 5222 856 5277 nb

58 5291 237 5347 Armensiono
252 5292 344 5360 fluvio,
363 5294 407 5348 ubr
421 5310 493 5350 anno
508 5294 560 5349 080
585 5293 689 5348 exstrui
717 5301 857 5349 monaste·

60 5362 127 5415 rium
146 5372 278 5431 eoepernt.

96 5434 135 5501 (tt)
149 5433 313 5489 Gnitlericus
328 5434 372 5491 hic
387 5434 510 5491 forsitam
526 5433 583 5497 fnit,
599 5434 643 5490 cui
666 5434 725 5505 ipse
740 5443 856 5491 sanctus

59 5511 157 5573 postea
170 5503 281 5570 cedens,
298 5505 435 5562 abbatiam
456 5506 614 5562 dimiserit:
642 5515 716 5562 certa
743 5506 856 5563 lioberti

60 5590 207 5630 successor
218 5590 252 5632 eo
266 5576 377 5633 nomine
391 5578 480 5635 dictus
494 5577 612 5641 videtur,
628 5577 701 5649 quod
722 5576 856 5633 Suomar-

58 5644 134 5700 thani
157 5660 190 5701 ex
216 5646 365 5717 diplomata
392 5648 497 5707 Galtcri
525 5648 707 5721 lingonensis
734 5647 857 5723 episcopi

56 5731 129 5775 anno
146 5716 212 5773 tttt
230 5726 408 5792 acceperunt.

910 4503 1031 4575 pontifici
1046 4503 1246 4569 contradicere,
1263 4510 1309 4558 ant
1325 4502 1385 4572 ejus
1398 4502 1567 4570 jussionibus
1581 4520 1649 4559 ausu
1665 4512 1708 4560 te-

909 4600 1026 4658 merario
1046 4600 1197 4656 contraire.
1216 4600 1345 4655 Summus
1359 4608 1449 4654 autem
1460 4600 1580 4671 pontifex
1595 4601 1709 4657 audiens

909 4688 1350 4761 ipsorumpropositum,gavisus
1383 4697 1423 4743 est
1448 4688 1539 4757 valde,
1564 4690 1709 4759 petitioni·

909 4794 964 4851 que
979 4793 1074 4835 eorum
1086 4777 1205 4849 benigne
1218 4777 1510 4847 annuens,apostolica
1521 4776 1709 4836 benedt-:bra

909 4866 993 4924 fretos
1007 4866 1113 4923 remisit
1127 4867 1162 4923 ad
1178 4866 1288 4938 propria
1303 4865 1475 4940 gratulantes
1495 4880 1503 4935 ;
1526 4866 1616 4921 abbati
1624 4869 1663 4937 (0)
1675 4868 1710 4925 de

911 4966 986 5023 Cella
999 4981 1050 5037 per
1064 4963 1216 5035 apostolica
1234 4965 1337 5035 scripta
1355 4963 1487 5018 mandans
1507 4972 1588 5035 atqua
1608 4965 1709 5036 prmci-

909 5055 998 5126 piens,
1016 5060 1163 5125 quatenns,
1181 5068 1372 5125 quemcunque
1387 5051 1422 5106 de
1449 5052 1577 5109 fratribus
1605 5052 1710 5127 elegis-

945 5222 986 5290 (t)
1001 5218 1108 5274 Colitur
1122 5218 1154 5274 S.
1171 5218 1310 5287 aigulfus,
1326 5216 1411 5273 abbas
1426 5218 1574 5274 Lirinensis
1591 5228 1618 5276 et
1631 5236 1708 5277 mar·

911 5298 964 5362 tyr,
980 5296 997 5343 :t
1013 5292 1091 5360 Sept.
1107 5290 1160 5344 snb
1174 5292 1256 5358 cnjus
1284 5290 1395 5344 nomino
1422 5291 1450 5344 in
1478 5289 1577 5345 vicinia
1606 5292 1711 5348 Cellen-

910 5361 1091 5489 {isncmnohii
1118 5362 1242 5417 exstabat
1269 5360 1419 5433 prioratus,
1447 5361 1587 5431 subjectus
1614 5364 1708 5420 abbati

933 5450 948 5488 e
972 5448 1042 5486 ensi.
1438 5482 1441 5487 .

946 5506 986 5574 (8)
1002 5502 1200 5559 Alexanderlll
1215 5503 1260 5560 hic
1275 5501 1380 5559 videtur
1394 5500 1488 5570 fuisse,
1505 5504 1576 5560 sedit
1588 5504 1709 5561 animab

910 5589 982 5630 anno
999 5574 1066 5629 stoa
1080 5574 1203 5630 aoltttt.

946 5646 986 5715 (u)
1000 5642 1141 5701 Guarinus
1155 5644 1249 5709 credo,
1262 5658 1335 5700 anno
1350 5644 1419 5700 toto
1434 5643 1568 5703 indicatus
1596 5660 1611 5700 a
1639 5646 1710 5700 San·

910 5714 1071 5785 marthanio,
1085 5714 1218 5775 decessor
1231 5714 1363 5774 bernardi
1376 5730 1413 5773 an
1428 5715 1496 5773 tort
1516 5714 1609 5773 electi.
