3780 6038
106 236 159 289 iul
467 229 589 286 TlliiGT.
610 227 656 283 lili
675 228 839 286 Oltuin'iT.
861 232 968 289 Elisa.
990 232 1032 287 ΕΤ
1053 231 1097 287 DE
1116 232 1289 289 lNl'ESTlT.
1310 235 1399 288 litlll'l.
1706 238 1759 290 282

100 364 164 413 tnta
178 370 231 411 nos
245 354 357 421 nutriat,
373 355 477 410 animes
490 361 602 410 nostras
617 363 712 424 pascat
740 371 810 425 pane
826 355 909 410 rirtu·
922 358 950 416 A
965 371 1032 419 mur,
1045 356 1091 426 qui
1104 365 1145 410 cst
1159 357 1239 413 dator
1253 364 1280 413 et
1295 356 1756 428 remuneratorbonommoperum,

102 453 175 509 tum,
192 443 353 500 vulneribus
368 452 541 516 peccatorum
557 450 584 497 el
596 441 739 498 criminum
755 452 909 500 nostrorum
965 444 1038 497 Deus
1066 451 1092 496 et
1121 445 1252 499 Dominus
1276 449 1370 502 noster
1393 448 1482 511 lesus,
1498 445 1543 517 qui
1567 448 1759 504 cumPatroet

103 533 259 600 medeatur,
275 541 302 588 et
317 549 366 589 suo
382 531 543 604 magisterio
560 530 706 604 diligenter
734 533 834 599 edocti,
851 549 910 604 quac
965 532 1062 602 Spiritu
1079 533 1251 589 sanctoviuit
1265 543 1290 590 et
1306 541 1405 607 regnat
1430 535 1577 606 peremnia
1589 536 1687 592 saectrla
1710 553 1759 593 sse·

103 624 179 679 bona
195 630 259 677 sunt
272 637 430 694 operemur,
450 628 476 677 et
490 621 525 675 ad
539 619 627 690 ipsum
643 621 784 692 pertenire
803 637 910 678 marea·
964 622 1097 678 culorum.
1113 624 1212 678 Amen.

792 932 1059 1027 LECTORI.

140 1158 228 1217 Pcne.
242 1161 275 1212 ul
296 1159 382 1226 vities,
399 1159 552 1216 consilium
567 1160 663 1230 fact-ol
680 1156 754 1213 ltuuc
784 1156 913 1211 libellum
932 1157 1073 1223 omittere,
1090 1158 1162 1228 quod
1176 1158 1257 1215 aliud
1282 1160 1357 1215 rtiltil
1373 1159 1515 1215 videratur
1537 1176 1622 1231 quum
1649 1154 1761 1231 aliquot

102 1228 321 1300 opusculorum,
333 1230 384 1285 ltoc
393 1236 434 1284 est
442 1235 471 1305 ἲ,
483 1236 508 1300 3,
518 1232 544 1300 i,
555 1234 580 1295 ii,
589 1234 604 1283 6
613 1245 703 1283 unum
718 1229 749 1282 iu
763 1243 863 1299 corpus
875 1232 1007 1297 conpectu
1023 1228 1165 1299 repetitio.
1177 1231 1277 1286 Poslco
1290 1235 1384 1286 lumen
1395 1247 1459 1286 curu
1469 1231 1687 1292 unimosabirat‚
1697 1247 1756 1284 nou

102 1300 199 1354 solum
214 1300 246 1353 tu
255 1305 374 1372 utroque
384 1302 477 1358 codice
486 1308 581 1357 nostro
590 1304 714 1362 auctura,
725 1315 820 1352 aarum
831 1299 862 1353 ln
872 1298 922 1353 illo
931 1301 1018 1353 etin-m
1033 1301 1132 1368 fuisse,
1140 1315 1192 1371 quo
1203 1316 1271 1355 usus
1279 1307 1321 1357 eat
1332 1303 1376 1356 Fr.
1386 1303 1541 1357 Turriouus
1553 1322 1561 1354 .·
1576 1317 1609 1356 oc
1618 1306 1758 1373 preterea

102 1372 184 1426 sr'ct'u
194 1371 251 1426 islo
259 1372 416 1443 repetique
422 1372 521 1428 inillis
527 1370 752 1439 opusculisdicla
759 1374 874 1433 coriaut
885 1371 1028 1425 uourtullu
1039 1371 1756 1444 intercurrentibus,detrectanctes-potatacousus,

102 1442 481 1568 illabilulriyztgucqueotpuiu
491 1445 673 1515 liujuaetutut
683 1440 880 1496 lt'lrcllt'rtuctor
890 1443 927 1497 sil
941 1440 1078 1511 Gelli-idus
1089 1461 1097 1493 :
1107 1445 1372 1512 preteririouanino
1383 1445 1587 1514 nelcarutiucl
1595 1445 1645 1499 ltoc
1653 1443 1758 1498 saltctu

118 1528 192 1568 ococ
213 1529 228 1568 c
271 1529 503 1572 umcurouuuus.

481 1781 837 1920 Domita
890 1782 1401 1922 corruant

742 2032 1127 2141 calcamus

240 2270 297 2331 DE
318 2268 600 2336 uanissimam
622 2266 930 2348 EPtSGOPOiiuu,
953 2274 1006 2336 ET
1028 2274 1082 2334 DE
1105 2274 1389 2339 INVESTITURA
1410 2274 1635 2341 LAICORUM.

818 2436 1052 2455 ⁸—

108 2565 257 2639 Gossridus
274 2565 662 2622 Vindocincuat'smonostcrii
675 2566 791 2623 ltumt'lt'a
804 2582 910 2636 seruus,
926 2578 954 2638 A
969 2580 1154 2640 consecretur,
1180 2571 1307 2645 Alioquin
1324 2569 1352 2626 lit
1380 2570 1503 2643 quaedum
1518 2584 1602 2642 prava
1629 2565 1764 2624 simulatio

124 2654 916 2727 imprecoraiatiamicoaccrescentanomoeorum.
971 2664 998 2719 in
1014 2663 1146 2727 Ecclesia,
1163 2671 1189 2718 er
1209 2661 1402 2717 ecclesiastice
1430 2659 1570 2733 dignitatis
1598 2657 1686 2712 illusio
1709 2670 1764 2711 non

125 2747 178 2800 site
187 2744 340 2809 cardinali,
352 2743 521 2798 cclltola'cunt
531 2744 615 2811 fidem
624 2748 681 2800 loto
692 2745 774 2801 corle
789 2745 914 2817 tlt'lipcre,

126 2831 478 2906 etcosquicoutrudt'cont
497 2833 563 2887 lotis
574 2833 679 2889 viribus
696 2836 876 2906 ltnpupuure.

144 2959 212 3015 Tuae
236 2957 372 3028 petitionis
399 2964 505 3013 ulmeus
530 2957 723 3026 promissionis
746 2975 799 3014 tion
821 2958 917 3013 imme·

109 3062 183 3114 mor,
214 3047 238 3103 si
266 3061 321 3101 non
349 3054 376 3100 ut
404 3044 496 3115 debui,
529 3045 628 3100 saltem
654 3055 681 3101 ut
701 3047 787 3117 potui,
817 3047 914 3103 tentavi

109 3136 232 3203 soluere,
249 3143 275 3191 et
291 3133 363 3206 quod
379 3150 395 3188 a
410 3144 436 3189 te
466 3134 611 3207 quesitum
628 3134 712 3210 418
739 3143 818 3191 estet
842 3150 916 3192 amc

110 3232 282 3303 promissum
298 3250 305 3288 :
322 3233 357 3287 dc
370 3231 543 3288 ordinatione
560 3231 686 3289 videlicet
706 3233 826 3304 episcopi
839 3241 868 3288 et
881 3236 915 3289 de

110 3320 430 3377 investituralaicorum.
458 3323 488 3377 lu
505 3322 598 3393 primis
612 3320 726 3377 tirmiter
736 3323 853 3378 credere
866 3338 916 3379 uos

108 3418 223 3481 oportet
247 3417 274 3464 et
302 3409 457 3464 nullatenus
485 3408 608 3464 dubitare
632 3418 659 3464 ut
687 3411 917 3481 quenadmodum

110 3499 264 3569 baptismus
288 3498 470 3554 Christianum
490 3497 562 3565 lacit,
588 3499 626 3553 ita
654 3499 751 3555 electio
766 3509 792 3555 et
820 3517 916 3557 consa·

111 3587 201 3643 oratio
216 3587 282 3643 lacit
295 3588 468 3659 episcopum.
491 3589 524 3641 Et
537 3587 607 3643 sicut
619 3588 788 3659 impossibile
803 3589 917 3645 estsine

112 3676 279 3748 baptismate
308 3676 495 3753 Christianum
523 3675 591 3745 lieri,
621 3678 658 3733 ita
681 3687 722 3733 ent
748 3678 917 3749 impossibile

111 3767 274 3838 episcopum
290 3765 348 3821 sine
364 3765 497 3822 electione
514 3773 541 3821 el
556 3768 761 3822 consecratione
771 3768 870 3823 saecri.
887 3770 916 3822 ln

111 3856 288 3912 ordinatione
316 3854 439 3925 episcopi
453 3854 550 3910 electio
574 3863 601 3909 et
623 3857 793 3911 consecratio
808 3858 848 3911 sic
876 3865 919 3911 ast
970 3840 1045 3905 Pium

969 2768 1067 2823 parva.
1087 2751 1247 2822 Quicunque
1257 2750 1340 2822 igitur
1355 2749 1485 2806 canonice
1499 2764 1553 2803 nou
1568 2748 1672 2802 electus
1687 2742 1766 2816 quasi

970 2842 1120 2897 sacrandus
1136 2838 1300 2904 accedit,vel
1312 2838 1356 2909 qui
1372 2854 1427 2893 non
1437 2837 1764 2898 estlibereconsecratus,

971 2931 1091 2985 etiamsi
1119 2929 1248 2984 canonica
1276 2926 1447 2998 praecesserit
1473 2924 1579 2990 electio,
1609 2927 1766 2979 exsecratus

970 3020 1087 3075 recedit.
1105 3019 1175 3073 Nam
1191 3016 1316 3074 sicuttibi
1327 3031 1382 3070 non
1394 3009 1766 3076 estveracordisconversio,

970 3123 1024 3163 nou
1039 3108 1161 3179 sequitur
1189 3105 1269 3177 plena
1284 3105 1419 3169 remissio,
1444 3104 1481 3157 ita
1497 3102 1543 3157 ubi
1559 3117 1613 3158 non
1641 3099 1765 3172 sequitur

969 3197 1058 3252 libera
1073 3193 1356 3259 consecratio,atiamsi
1371 3193 1501 3250 canonica
1512 3188 1763 3261 electiopraecedat,

969 3285 1081 3341 minime
1101 3286 1221 3355 prodest,
1237 3300 1297 3340 cum
1314 3290 1410 3338 neutra
1423 3281 1483 3337 sola
1497 3280 1655 3351 episcopum
1670 3290 1765 3333 creare

969 3373 1257 3432 sufficiatNecestille
1268 3373 1354 3428 libera
1364 3369 1537 3428 consecratio
1547 3384 1626 3440 quant
1636 3364 1767 3439 precedit

969 3465 1071 3520 lactum
1086 3464 1144 3519 siue
1157 3462 1259 3532 judicio
1275 3470 1299 3515 ct
1322 3461 1423 3531 justitia
1434 3461 1626 3529 jurameutum,
1650 3471 1712 3513 uum
1727 3454 1761 3508 B.

972 3568 1152 3638 Hieronymus
1179 3582 1261 3635 supet·
1293 3563 1454 3629 leremiam,
1487 3563 1558 3618 dicut
1582 3560 1765 3629 jurameutum

971 3671 1025 3711 non
1054 3670 1115 3710 esse
1143 3652 1307 3717 laciendum,
1337 3651 1384 3705 ubi
1410 3666 1465 3706 non
1492 3657 1531 3705 ast
1558 3642 1763 3718 justitiasimul,

970 3743 1070 3802 acutas
1084 3752 1109 3798 et
1120 3742 1262 3811 judicium.
1292 3738 1371 3808 Quod
1398 3739 1421 3794 si
1436 3739 1515 3794 aliter
1529 3735 1607 3792 luerit
1634 3747 1767 3806 praesuut-

1049 3875 1056 3900 ,
1070 3832 1257 3904 juramentum
1272 3844 1326 3884 non
1341 3828 1401 3896 erit,
1417 3828 1466 3883 sed
1480 3826 1638 3898 perjurium.

111 3955 231 4017 utraque
245 3943 399 3999 necessaria
413 3947 486 4015 quod
502 3944 671 4000 consecratio
699 3948 760 4000 sina
772 3936 956 4011 electione,B
1007 3941 1144 3995 l'raeteren
1160 3936 1211 3992 tria
1238 3935 1349 4008 proprie
1377 3934 1486 4005 propria
1513 3931 1636 3988 Ecclesia
1663 3930 1766 3985 babere

111 4045 140 4090 et
153 4034 213 4089 sine
224 4032 432 4089 consecratione
456 4031 553 4088 electio
561 4032 719 4104 episcopum
748 4033 840 4089 lacere
855 4034 915 4089 sola

969 4028 1060 4096 debet,
1083 4043 1199 4100 quorum
1213 4042 1296 4081 unum
1325 4025 1348 4079 si
1362 4023 1489 4088 deluerit,
1517 4019 1591 4075 velut
1617 4016 1765 4089 paralytica

110 4139 167 4179 nou
183 4120 293 4178 sullicit.
317 4122 386 4176 Num
401 4121 471 4177 sicut
495 4121 522 4176 iu
537 4120 697 4191 baptismate
710 4137 779 4195 aqua
792 4129 821 4177 ct
836 4123 913 4178 invo-
966 4117 1048 4184 jacet,
1066 4132 1116 4172 neo
1133 4114 1238 4187 ligandi
1267 4130 1317 4170 nec
1332 4111 1456 4169 solvendi
1481 4116 1644 4181 potestatem
1672 4105 1763 4161 babet.

110 4212 183 4269 catio
197 4210 315 4283 Spiritus
343 4210 430 4266 sancti
457 4210 697 4277 suntnecessariu,
732 4226 794 4282 quae
810 4210 914 4267 iaciunt

110 4301 305 4367 Christianum,
333 4299 370 4354 ita
390 4300 418 4354 in
441 4298 594 4356 ordinando
617 4299 746 4370 episcopo
768 4301 864 4355 electio
887 4309 913 4357 ct

109 4391 285 4447 consecratio
300 4395 362 4443 sunt
375 4388 540 4445 necessitate
555 4387 711 4456 conjuncta,
738 4405 799 4460 quse
814 4395 913 4444 creant

110 4479 284 4552 episcopum.
300 4477 413 4534 Elsicut
429 4493 499 4550 aqua
514 4477 582 4546 sola,
598 4488 644 4531 aut
673 4477 730 4531 sola
744 4477 913 4534 invocatione

110 4570 198 4626 macti
213 4568 331 4641 Spiritus
345 4582 396 4624 aec
411 4567 561 4638 baptismus
575 4564 632 4621 lieri
642 4575 742 4638 potest,
759 4582 810 4622 neo
826 4568 908 4623 homo

111 4674 175 4717 esse
188 4658 368 4722 Christianus,
390 4657 426 4711 ita
438 4658 496 4711 solu
519 4655 661 4721 electione,
678 4663 724 4709 aut
739 4657 800 4710 sola
815 4671 912 4711 couse-

110 4749 328 4805 crationenemo
351 4745 471 4802 ordinari
494 4744 538 4799 vel
566 4742 625 4798 fieri
651 4744 726 4819 ¹iulet
746 4743 907 4815 episcopua.

110 4838 241 4910 Magnum
256 4836 366 4908 quidem
382 4843 409 4889 et
423 4832 601 4904 baptismatis,
614 4841 640 4887 et
651 4833 792 4888 electionis
808 4841 833 4888 et
850 4848 913 4888 con·

110 4926 273 4983 secretionis
282 4924 403 4996 episcopi
409 4929 610 4978 sacramentum
621 4939 628 4987 3
639 4920 688 4975 sed
695 4921 760 4975 illud
770 4922 911 4993 praecepit,

109 5025 140 5072 et
153 5015 285 5087 paralius
309 5013 373 5069 lucit
388 5012 511 5068 Christus
522 5029 529 5076 ;
542 5018 568 5065 et
583 5011 635 5065 boc
658 5009 715 5082 egit
730 5026 780 5080 per
808 5020 912 5066 semet·

108 5108 208 5178 ipsum.
222 5104 310 5160 luillo
326 5102 501 5172 spiritualiter
513 5109 618 5156 creatur
635 5100 757 5163 ltomo,et
773 5115 787 5153 a
803 5099 912 5156 Christo

108 5193 384 5252 Claristiauusdicitur
398 5209 407 5255 3
422 5193 448 5245 in
457 5188 716 5246 iatoverodominus
730 5200 757 5242 et
765 5189 914 5259 imperator

970 4205 1056 4261 Debet
1071 4204 1164 4275 itaque
1178 4203 1301 4260 Ecclesia
1315 4200 1446 4258 catholica
1455 4206 1604 4267 essecestra
1614 4204 1642 4252 et
1655 4195 1740 4251 libera
1756 4207 1763 4247 :

969 4293 1176 4364 catholicaque
1190 4308 1240 4348 uec
1258 4291 1338 4347 vendi
1353 4291 1434 4347 debet
1456 4288 1684 4354 necemimnsu,
1701 4283 1766 4356 quia

969 4391 1127 4447 nullatenus
1141 4390 1222 4447 debet
1237 4390 1393 4446 muneribus
1407 4387 1545 4459 cormmpi
1561 4404 1567 4451 ;
1583 4385 1679 4451 libera,
1701 4384 1766 4457 quia

970 4479 1095 4536 saeculari
1110 4479 1238 4551 potestati
1259 4495 1313 4535 non
1338 4479 1421 4535 debet
1448 4475 1545 4547 subiici
1572 4491 1622 4531 nec
1641 4475 1675 4530 ab
1703 4473 1765 4543 ejus

971 4584 1072 4640 sponso
1096 4569 1218 4642 qualibet
1258 4569 1403 4625 occasione
1426 4584 1441 4622 u
1469 4565 1593 4622 saeculari
1631 4569 1765 4634 potestate

969 4671 1171 4713 sacramentum
1186 4658 1353 4730 extorqueri,
1368 4673 1429 4713 cum
1458 4654 1567 4711 omnino
1583 4653 1645 4725 lege
1672 4650 1762 4705 divina

968 4745 1142 4816 prohibeatur
1170 4761 1220 4801 nec
1248 4748 1281 4800 ab
1310 4746 1439 4816 episcopo
1467 4742 1520 4797 nisi
1547 4756 1597 4811 pro
1622 4738 1681 4794 sola
1709 4738 1764 4792 ilde

968 4833 1099 4891 catholica
1122 4841 1322 4889 sacramentum
1348 4833 1479 4903 exigatur.
1518 4828 1642 4883 Cltristus
1671 4826 1763 4897 utiquc

968 4942 1061 5003 pastor
1077 4934 1163 4987 bonus
1178 4948 1304 5004 sponsam
1321 4929 1406 5006 420
1422 4927 1518 5000 qumrit
1532 4924 1650 4991 lidelem,
1665 4922 1766 4979 infide-

967 5030 1020 5085 lem
1042 5031 1155 5101 respuit,
1184 5038 1287 5084 castam
1307 5027 1403 5100 diligit,
1412 5025 1468 5081 odit
1478 5023 1762 5096 cot·ruptam,libet·am

967 5118 1019 5173 sibi
1035 5119 1131 5182 sociat,
1149 5117 1273 5173 ancillam
1288 5116 1394 5186 objicit.
1414 5115 1590 5186 Falsoitaque
1611 5113 1765 5169 nominatur

967 5207 1122 5279 episcopus,
1135 5207 1179 5279 qui
1198 5205 1336 5260 adtaullare
1351 5212 1463 5260 conatur
1490 5202 1631 5260 electionis
1657 5212 1684 5259 el
1698 5218 1762 5259 cott-

108 5294 220 5341 vsettlssl
247 5282 473 5345 Chrislistssffl'ssmi
509 5279 556 5350 qui
581 5293 638 5332 ¹¹⁰⁰
662 5277 752 5332 ⁸⁰¹l¹¹¹¹
793 5289 909 5335 V⁰⁰⁸⁸¹¹f
924 5298 948 5360 G
964 5295 1126 5351 secretionis
1142 5293 1277 5361 ordinem,
1293 5310 1375 5366 quem
1390 5293 1511 5350 Christus
1526 5309 1575 5364 per
1586 5292 1762 5365 semetipsum

107 5374 279 5430 Christianus
291 5387 309 5426 a
323 5369 500 5435 christetes
515 5367 595 5422 otiam
619 5366 720 5421 tiltristi
734 5365 809 5423 ticos
821 5383 909 5440 agera
965 5383 1070 5455 primu,
1080 5383 1207 5440 insinuit,
1238 5384 1299 5454 {pse
1314 5383 1385 5437 ,inim
1413 5383 1520 5454 primu,
1544 5390 1570 5438 e,
1584 5381 1668 5455 elegi,
1694 5397 1763 5453 390,

106 5463 242 5521 creditur.
261 5459 408 5517 &fiendum
422 5472 488 5514 l'el'0
503 5455 576 5529 ll¹¹⁰d
591 5455 634 5511 ¹¹³⁶
645 5453 689 5509 l⁰¹
706 5455 859 5527 utricunnne
876 5460 911 5513 ¹¹⁰
966 5473 1060 5539 stolus,
1076 5481 1103 5527 et
1117 5473 1299 5528 consecrauit.
1315 5472 1382 5528 Tota
1396 5472 1488 5544 itaque
1496 5471 1631 5527 ordinatio
1639 5469 1760 5542 episcopi

107 5550 243 5609 ⁰l²ffl⁰¹1⁰
256 5544 910 5617 0²0⁰⁰⁸⁸⁰f⁸ll⁰⁰00lli⁸⁰⁰lli⁰8³²³¹li⁰³¹¹01110³m
965 5561 992 5615 in
1006 5562 1140 5618 electione
1164 5568 1190 5614 et
1204 5562 1411 5620 consecratione
1438 5560 1571 5616 consistit.
1594 5560 1659 5615 llaec
1686 5558 1762 5628 prius

108 5646 281 5697 ”mm
302 5636 473 5707 θῑθθῑῐθῦθω,
490 5632 574 5712 419
591 5638 618 5690 0⁸
633 5631 748 5688 liberam
762 5648 911 5691 ⁰⁰⁰⁸0⁰l⁸·
965 5666 1015 5722 per
1042 5650 1229 5722 semetipsum,
1259 5660 1289 5709 ut
1315 5652 1418 5709 dictum
1441 5656 1493 5715 est,
1522 5647 1648 5706 Christus
1674 5645 1759 5704 leciti

108 5738 215 5799 amttam
224 5734 395 5811 intelligipt
414 5734 463 5812 qai
477 5732 610 5791 canonica
634 5728 755 5805 eligitur,
781 5742 808 5793 ct
821 5731 911 5799 libera
964 5738 1064 5797 deindo
1078 5755 1145 5798 aero
1159 5739 1253 5798 vicani
1277 5741 1349 5815 eius.
1365 5737 1595 5812 Etiuapostolia
1622 5734 1775 5807 undena·
