3780 6038
183 187 255 243 1⁰07

745 184 917 243 waanaut
935 186 1082 244 ADBthS
1101 188 1134 244 S.
1157 188 1269 245 cursu

1783 194 1843 249 1⁰88

180 318 312 369 eternum
329 310 445 369 cantabo
460 290 552 382 (Paul.
573 311 714 381 cxxxvm).
729 312 870 369 »Cantaba
881 314 908 368 iu
924 329 977 378 me,
992 314 1020 374 A
1035 313 1159 387 rigorem
1174 315 1284 371 virium.
1304 314 1350 374 Sic
1363 333 1454 375 amma
1467 326 1563 376 nostra
1577 333 1638 376 non
1654 325 1724 375 erat
1739 316 1844 391 idonea,

181 408 208 456 et
218 398 371 456 cantabiles
383 398 446 453 aliis
460 397 558 455 faciam
576 398 780 455 misericordias
792 400 913 466 Domini,
932 400 982 456 mi-

180 487 346 544 sericordias
356 487 418 544 dico
431 487 459 542 in
469 495 602 544 aternum
613 502 768 543 mansuras.
780 489 983 546 Misericordiae

179 585 242 644 ideo
255 586 398 659 pluraliter
412 587 496 658 pouit,
513 587 574 660 quia
587 595 654 658 quot
664 596 727 642 sunt
751 589 885 655 miserati,
904 588 931 643 id
942 594 983 644 εει

178 691 231 749 par
245 675 464 733 misericordiam
478 677 606 747 reparati,
623 676 736 732 totidem
751 687 813 732 sunt
830 686 857 733 et
875 677 983 732 miseri·

181 764 295 822 cordiae.
315 766 345 819 ln
361 773 492 820 aeternum
508 773 598 821 cirtem
614 765 675 821 ideo
691 766 777 836 ponit,
803 775 832 821 ut
859 766 984 821 ostendat

180 877 231 934 per
248 863 300 918 hoc
321 877 327 916 :
345 862 384 919 sic
398 863 496 934 iraper
511 863 601 918 Adam
619 863 668 918 tuit
684 863 855 935 temporalis,
887 863 929 919 sic
958 870 984 919 et

182 950 372 1006 misericordia
385 967 435 1022 per
450 949 590 1005 Christum
606 967 739 1007 concessa
754 959 799 1007 εει
830 950 981 1007 aeternalis.

182 1050 314 1120 ldeoque,
330 1049 400 1105 bone
414 1051 489 1119 lesu,
510 1073 521 1098 u
539 1050 567 1104 in
586 1050 791 1121 generationem
807 1057 834 1106 et
862 1064 983 1122 genera-

184 1138 288 1195 tionem
318 1139 485 1195 annuntiabo
523 1139 664 1195 veritatem
692 1147 765 1194 tuam
790 1140 818 1194 in
846 1155 893 1195 ore
921 1153 984 1193 meo

183 1227 294 1298 (itta).
313 1250 324 1276 n
343 1228 372 1282 lu
405 1229 618 1300 generationem,
636 1228 757 1300 inquam,
773 1236 800 1284 et
826 1227 985 1301 generatio-

183 1341 256 1395 uem,
268 1325 383 1382 cantabo
411 1324 623 1391 misericordias,
639 1333 665 1380 ct
688 1325 854 1380 annuntiabo
882 1324 985 1380 verita-

183 1423 239 1472 tem
258 1423 342 1481 tuam,
367 1430 422 1469 non
450 1413 597 1470 falsitatem
612 1430 712 1484 meam,
736 1414 764 1468 in
779 1430 827 1469 ore
840 1414 898 1484 jam
912 1428 982 1479 meo,

184 1503 214 1560 id
229 1511 270 1560 εει
285 1501 360 1559 cordi
375 1518 505 1571 consono,
522 1503 584 1575 quia
599 1502 671 1575 quod
696 1512 768 1557 tuum
784 1512 826 1558 εει
845 1501 984 1557 annuntio.

185 1600 377 1672 obsequantur
393 1602 484 1673 itaque
498 1602 621 1656 membra
636 1617 695 1655 mea
711 1600 827 1656 Domino
842 1616 913 1665 meo,
943 1599 986 1654 lo·

1036 410 1065 458 ut
1079 417 1151 475 pane
1166 403 1213 460 illo
1232 420 1287 477 quo
1314 416 1458 464 vescuntur
1485 409 1580 483 angeli
1593 406 1776 476 reficeretur,
1792 407 1846 480 quit

1036 506 1068 546 os
1082 499 1204 547 nostmm
1225 500 1360 550 vetustate
1374 495 1501 551 clausum
1530 496 1696 562 tenebatur,
1719 493 1772 552 sed
1790 494 1846 551 data

1037 596 1079 643 est
1095 588 1175 643 nobis
1194 597 1281 660 petra,
1297 590 1326 645 id
1341 600 1382 646 εει
1396 592 1531 661 Christus,
1549 592 1701 665 adquam,
1718 599 1844 648 vetustate

1039 677 1142 741 attrita,
1155 693 1186 732 os
1201 690 1323 734 nostrum
1338 681 1456 738 novitate
1466 689 1593 753 apertum
1603 681 1744 737 idoneum
1754 679 1845 737 lactum

1037 775 1078 822 εει
1093 768 1127 821 ud
1144 768 1310 823 vescendum
1325 784 1394 840 pane
1422 770 1469 826 illo
1496 770 1669 844 angelorun,
1688 772 1739 842 qui
1769 770 1804 825 de
1820 787 1845 826 εε

1037 854 1107 910 dixit
1123 873 1130 909 :
1150 856 1232 927 eligo
1247 873 1306 911 sum
1321 857 1400 929 panis
1415 859 1493 914 vivus
1509 859 1555 931 qui
1574 859 1613 915 de
1635 858 1714 915 coelo
1734 857 1845 915 descen-

1038 953 1077 1008 dit
1092 957 1182 1024 (Joun.
1194 955 1241 1025 vi).
1261 979 1271 1004 s
1289 956 1338 1012 Hic
1353 957 1429 1028 panis
1445 959 1480 1013 ab
1495 958 1592 1014 anima
1607 958 1751 1030 cujusque
1765 972 1842 1013 reno-

1038 1043 1091 1101 vati
1111 1044 1154 1099 hic
1174 1045 1253 1100 etiam
1270 1046 1445 1101 comeditur:
1474 1055 1539 1104 tunc
1564 1064 1636 1104 vero
1661 1047 1791 1118 plenarie
1804 1047 1844 1104 illc

1038 1138 1207 1204 reficiemur,
1225 1142 1334 1212 quando
1349 1143 1376 1197 iu
1399 1143 1554 1215 angelicum
1579 1143 1715 1199 habitum
1731 1159 1843 1200 commu·

1039 1227 1166 1296 tabimur,
1183 1230 1283 1301 etipse
1299 1230 1349 1285 erit
1364 1230 1453 1287 omnia
1468 1231 1495 1286 in
1510 1232 1644 1288 omnibus
1663 1232 1691 1302 (l
1708 1233 1770 1290 Cor.
1785 1232 1838 1303 ar).

1040 1316 1150 1371 Interim
1165 1318 1192 1372 in
1205 1319 1256 1374 hac
1272 1320 1496 1392 peregrinatione
1511 1321 1602 1394 quid?
1618 1321 1728 1393 Utique
1743 1322 1844 1378 nonde·

1039 1411 1227 1483 relinquimur,
1260 1414 1324 1485 quia
1340 1415 1472 1470 Dominus
1495 1414 1603 1472 iaciens
1617 1425 1663 1473 εει
1694 1417 1844 1475 misericor-

1039 1498 1098 1554 dias
1115 1518 1121 1555 :
1139 1510 1330 1559 verumtamen
1346 1519 1401 1558 non
1426 1504 1478 1559 nisi
1506 1503 1681 1561 iacientibus
1696 1507 1844 1564 misericor·

1040 1589 1111 1644 dias.
1131 1611 1142 1639 a
1160 1591 1235 1645 Beati
1249 1592 1321 1646 euim
1338 1592 1541 1658 misericordes,
1553 1594 1690 1666 quoniam
1707 1596 1762 1668 ipsi
1771 1597 1844 1653 mise-

184 1704 261 1763 quar,
273 1689 323 1745 sed
342 1696 389 1744 tua
416 1689 522 1762 loquar,
544 1689 606 1762 quia
627 1690 770 1745 veritatem
794 1698 866 1744 tuum
883 1704 987 1744 annun·
1002 1678 1029 1738 B
1044 1686 1191 1742 ricordiam
1220 1697 1421 1761 consequentur
1449 1691 1561 1761 (natan.
1578 1691 1620 1761 u).
1652 1689 1748 1760 Quem
1763 1700 1844 1748 auten

185 1778 259 1834 tiabo
273 1777 300 1833 iu
316 1778 491 1835 cremensi
507 1779 579 1835 enim
595 1794 649 1834 non
666 1779 815 1850 obsequor,
832 1792 988 1834 servusnon

183 1892 245 1933 sum
258 1894 266 1944 ;
281 1883 308 1932 ει
323 1875 345 1930 si
362 1892 423 1932 mea
438 1876 545 1948 loquor,
574 1876 691 1931 mendax
713 1892 786 1931 sum.
809 1875 928 1946 ldeoque
957 1881 988 1929 ut

184 1981 238 2040 ego
253 1965 360 2038 loquar,
373 1972 401 2020 et
416 1974 462 2021 tua
475 1964 583 2038 loquar,
599 1966 652 2020 duo
666 1966 790 2035 quadam
805 1972 867 2018 sunt
884 1981 890 2018 z
907 1979 989 2018 unum

185 2071 288 2122 meum,
304 2054 418 2111 alterum
432 2063 507 2110 tuum
520 2074 526 2119 ;
540 2053 640 2110 veritas
653 2055 761 2125 quidem
776 2061 831 2120 tua,
845 2069 876 2108 os
886 2069 987 2121 meum,

184 2159 212 2208 ct
224 2152 288 2207 ideo
306 2153 449 2207 veritatem
466 2161 537 2206 tuam
552 2151 720 2206 annuntiabo
735 2150 762 2205 in
778 2166 824 2205 ore
836 2165 907 2216 meo,
919 2149 989 2204 veri·

184 2246 269 2297 tatem
285 2240 347 2296 dico
363 2239 563 2311 pertingentem
576 2239 601 2293 in
613 2239 819 2311 generationem
831 2247 858 2293 ει
872 2253 989 2307 genera-

187 2328 299 2393 tionem,
322 2328 348 2382 id
375 2329 463 2384 estin
491 2336 635 2390 aeternum,
657 2328 726 2383 sicut
741 2336 766 2383 et
787 2327 986 2382 misericordia.

184 2424 261 2495 Quas
278 2433 371 2482 autem
388 2425 589 2482 misericordias
599 2430 699 2493 cantet,
709 2435 734 2480 et
749 2441 830 2497 quem
846 2424 986 2480 veritatem

183 2513 321 2573 annuntiet
336 2514 509 2570 videamus«
535 2513 670 2584 Quoniam
686 2514 779 2569 dixisti
797 2514 824 2569 in
841 2522 983 2582 aeternum,

1042 1776 1153 1831 modum
1168 1776 1364 1834 misericordiae
1390 1779 1501 1852 exigit?
1524 1780 1606 1836 Hunc
1620 1780 1744 1852 scilicet,
1772 1781 1844 1854 dilige

1041 1864 1184 1921 inimicum
1200 1874 1286 1933 tuum,
1302 1873 1329 1922 et
1343 1868 1417 1922 omni
1444 1867 1549 1939 petenti
1576 1875 1604 1924 te
1621 1869 1730 1926 tribue.
1747 1868 1845 1926 Videtur

1042 1972 1133 2019 autem
1148 1980 1301 2037 repugnare
1316 1965 1389 2037 quod
1405 1965 1514 2032 dicitur,
1525 1966 1636 2022 scilicet
1647 1989 1662 2017 ι
1680 1966 1805 2040 iniquum
1817 1985 1844 2024 ue

1042 2052 1177 2124 suscipias
1186 2053 1282 2124 (Eucti.
1295 2055 1364 2124 xn);
1379 2076 1390 2102 a
1408 2061 1434 2110 et
1449 2053 1516 2110 illud
1529 2071 1535 2109 :
1546 2054 1646 2111 tandiu
1655 2055 1779 2113 desudet
1788 2056 1844 2113 elce

1042 2157 1156 2214 mosyna
1173 2143 1200 2196 in
1215 2158 1297 2197 uranu
1312 2150 1357 2198 tua
1372 2143 1460 2199 donec
1473 2144 1577 2212 justum
1594 2144 1729 2200 invenias
1750 2145 1792 2201 cui
1804 2145 1844 2201 des

1042 2250 1114 2290 eam.
1144 2235 1197 2290 Sed
1221 2235 1278 2291 vult
1309 2236 1440 2292 Dominus
1466 2245 1494 2291 ut
1515 2236 1747 2293 misericordiam
1773 2237 1844 2294 iacias

1041 2323 1125 2379 etiam
1150 2323 1251 2396 iniquo,
1283 2341 1338 2380 nou
1365 2334 1495 2397 tanquam
1521 2325 1629 2398 iniquo.
1657 2325 1792 2383 Occurrit
1805 2326 1844 2380 tibi

1041 2413 1125 2468 homo
1150 2413 1270 2486 iniquus,
1282 2414 1309 2468 in
1325 2430 1377 2487 quo
1393 2415 1474 2470 bomo
1488 2430 1558 2485 opus
1577 2423 1623 2470 εει
1647 2415 1703 2471 Dei
1721 2434 1729 2483 ;
1748 2416 1844 2488 iniquus

1041 2524 1106 2566 vero
1121 2527 1190 2583 opus
1205 2519 1246 2568 est
1260 2511 1386 2569 hominis.
1412 2513 1453 2567 Da
1467 2511 1545 2583 operi
1565 2512 1631 2580 Dei,
1648 2512 1689 2568 ita
1707 2523 1738 2569 ut
1751 2521 1845 2569 nonat-

182 2602 370 2660 misericordia
383 2603 564 2660 aedificabitur
578 2605 606 2658 iu
620 2603 706 2673 omlis,
729 2603 925 2675 praeparabitur
936 2619 985 2658 ve·
1041 2600 1136 2655 tendas
1151 2616 1222 2671 opus
1251 2601 1382 2666 heminis,
1409 2599 1437 2655 id
1452 2609 1494 2655 εει
1521 2608 1549 2655 ιιι
1575 2600 1655 2673 quod
1683 2602 1795 2674 iniquus
1813 2599 1846 2657 esi

183 2697 248 2756 ritas
270 2707 317 2755 tua
341 2697 423 2755 ineis
451 2699 574 2770 tutat.»
597 2699 720 2771 Ideoque
749 2715 845 2756 secure
870 2698 986 2756 cantabo
1041 2704 1094 2745 non
1109 2688 1215 2760 placeat
1229 2690 1287 2757 tibi,
1305 2691 1378 2762 quia,
1394 2689 1418 2745 si
1433 2689 1534 2761 recipis
1549 2690 1680 2763 iniquum
1699 2690 1730 2746 in
1749 2691 1846 2749 nomine

183 2788 390 2845 misericordias
408 2798 480 2856 tuas,
500 2795 529 2844 et
554 2789 720 2844 annuntiabo
739 2788 878 2844 veritatem
900 2797 983 2854 tuum,
1039 2786 1134 2860 iniqui,
1152 2788 1305 2843 mercedem
1320 2787 1405 2860 iniqui
1420 2787 1554 2858 recipies:
1573 2788 1619 2844 sic
1634 2788 1686 2861 qui
1703 2789 1800 2861 recipit
1809 2789 1846 2859 ju·

183 2876 312 2949 quoniam
327 2885 356 2932 tu
371 2876 415 2949 qui
431 2892 482 2935 nec
498 2875 570 2932 fallis
601 2893 652 2933 nec
667 2876 769 2932 falleris
783 2876 885 2942 dixisti,
900 2875 926 2930 id
943 2886 987 2932 εει
1039 2885 1109 2931 stum
1137 2876 1164 2931 in
1205 2877 1315 2932 nomine
1351 2877 1427 2947 justi,
1461 2876 1622 2933 mercedem
1648 2878 1721 2948 justi
1743 2878 1848 2951 accipiet

184 2973 332 3046 permisisti
346 2974 564 3031 misericordiam
579 2982 609 3030 et
623 2973 776 3041 veritatem,
793 2974 890 3029 dicens
905 2974 941 3028 ita
956 2973 983 3026 in
1039 2964 1148 3034 (natat.
1166 2966 1207 3037 x).
1241 2965 1295 3022 Sed
1310 2964 1408 3039 aliquia
1422 2981 1554 3037 perverse
1570 2973 1600 3021 et
1614 2965 1703 3023 nimis
1718 2967 1794 3040 large
1807 2966 1848 3031 mi,

182 3060 362 3135 dispositione
380 3071 440 3118 tua.
464 3063 664 3129 Misericordia,
684 3063 711 3118 id
732 3072 774 3117 εει
786 3062 924 3133 reparatio
943 3036 1025 3116 ime
1045 3064 1222 3119 sericordiam
1238 3063 1377 3135 accipiens
1392 3063 1456 3119 dicit
1472 3081 1479 3118 :
1495 3063 1630 3135 Nunquid
1646 3064 1846 3137 noncorrigau

186 3158 256 3218 tura,
266 3150 445 3208 aedificabitur
460 3168 510 3224 per
525 3152 653 3225 gratiam,
668 3151 696 3206 id
706 3160 747 3208 est
764 3151 922 3223 perficietur
931 3167 991 3221 per.
1045 3150 1130 3207 filium
1145 3152 1327 3219 luxuriosum,
1344 3167 1394 3210 nec
1405 3167 1514 3208 servum
1529 3150 1704 3209 sceleratum
1718 3153 1734 3209 i
1748 3153 1847 3210 tescia

189 3247 301 3323 tingens
316 3249 343 3305 iu
357 3257 501 3319 eternum,
518 3251 569 3307 hoc
582 3258 622 3306 est
639 3249 701 3305 :Sic
715 3248 821 3305 aedifico
836 3256 865 3304 ut
878 3264 932 3304 non
943 3248 990 3304 de·
1046 3241 1108 3313 quia
1123 3243 1217 3314 regula
1247 3241 1355 3298 Domini
1378 3256 1433 3296 non
1448 3240 1628 3311 reprehendit
1637 3241 1713 3309 haec,
1729 3241 1754 3298 ai
1767 3239 1845 3297 cut:

186 3344 301 3394 struem.
321 3340 354 3394 Et
369 3355 433 3395 vere
449 3339 484 3393 ita
504 3339 565 3405 erit,
581 3339 644 3411 quia
659 3338 686 3392 iu
702 3338 757 3392 illis
772 3354 820 3409 per
834 3337 990 3393 misericor·
1044 3338 1099 3395 imo
1129 3340 1313 3412 reprehendit,
1335 3339 1358 3395 si
1382 3356 1436 3395 non
1464 3337 1540 3394 liant.
1571 3339 1760 3396 Debesenim
1774 3339 1847 3397 corn·

184 3425 257 3483 diam
268 3428 402 3499 reparatis
418 3427 600 3485 lactiscoelum
611 3428 818 3500 praeparabitur,
834 3428 886 3483 hoc
895 3436 936 3482 est
946 3443 989 3481 ex·
1043 3444 1109 3501 gere
1138 3443 1233 3484 omnes
1243 3429 1280 3484 ad
1294 3428 1493 3485 correctionem
1522 3435 1598 3482 tuam
1613 3427 1846 3499 pertinentem

184 3524 509 3582 hibcbituraliisutnon
528 3526 686 3596 desperent,
708 3526 756 3580 sed
777 3532 891 3596 sperent
911 3524 984 3597 quod
1043 3525 1132 3572 aulem
1156 3518 1201 3589 qui
1229 3517 1263 3571 ad
1292 3525 1319 3573 le
1345 3517 1457 3572 attinent
1481 3515 1530 3571 tibi
1554 3516 1685 3574 inferunt
1711 3518 1843 3589 injuritm.

185 3612 355 3682 veritastua,
380 3613 405 3668 id
426 3623 468 3669 εει
494 3614 640 3684 completio
659 3613 854 3684 promissorum
879 3621 987 3668 tuorum
1042 3615 1176 3684 patienter
1190 3615 1329 3668 sustineas
1343 3628 1414 3681 eam,
1431 3611 1492 3684 quia
1507 3611 1579 3668 sicut
1608 3613 1776 3671 misericors
1788 3611 1842 3672 erit

185 3700 326 3757 evidenter
340 3711 469 3773 appareat
483 3702 510 3755 in
525 3702 575 3757 eis.
592 3701 648 3757 llrit
664 3702 738 3756 enim
755 3701 782 3755 in
799 3701 853 3755 olio
870 3701 986 3756 scientia
1043 3703 1066 3758 si
1093 3715 1121 3757 tu
1148 3702 1275 3758 misertus
1304 3701 1397 3766 lucris,
1413 3701 1450 3756 ita
1464 3701 1546 3756 etiam
1561 3701 1733 3759 misericors
1748 3702 1806 3769 erit,
1819 3708 1843 3755 ut

184 3788 356 3864 linguarum,
383 3790 410 3845 in
426 3790 481 3846 alio
496 3790 584 3862 gratia
599 3790 756 3857 sanitatum,
772 3789 799 3844 in
815 3789 873 3844 aliis
884 3790 988 3846 discre·
1041 3808 1095 3846 non
1111 3799 1253 3847 remaneat
1268 3791 1382 3846 inultum
1401 3789 1532 3862 quidquid
1543 3805 1597 3862 pro
1609 3790 1721 3861 iustitia
1735 3790 1838 3864 patetis.

184 3887 222 3946 tio
242 3887 384 3960 spirituum
404 3907 411 3955 ;
435 3896 461 3944 et
475 3896 573 3944 caetera
588 3888 736 3959 spiritualia
763 3889 845 3955 duna,
875 3890 943 3945 sicut
958 3897 985 3944 tu
1041 3894 1111 3947 Vere
1126 3891 1260 3945 Dominus
1274 3899 1316 3946 est
1338 3889 1441 3946 taciens
1467 3888 1689 3957 misericordias,
1721 3891 1784 3963 quia
1805 3896 1840 3946 cst

182 3977 349 4052 promisisti.
373 3976 456 4046 Quod
471 3977 594 4032 ridentes
609 3977 654 4031 alii
674 3993 729 4033 non
744 3978 933 4050 desperabunt
951 3978 986 4032 de
1040 3980 1184 4034 miserator
1210 3985 1239 4034 et
1261 3979 1427 4034 misericors.
1456 3978 1616 4034 Misericors
1629 3979 1752 4051 quidem
1778 3976 1839 4035 ada·

183 4066 364 4138 completione
378 4067 577 4138 promissorum
598 4075 717 4134 tuorum,
740 4067 800 4137 quia
821 4066 931 4137 replesti
958 4066 985 4120 in
1040 4068 1140 4136 ctione,
1157 4069 1302 4123 miserator
1313 4067 1487 4133 exhibitione,
1502 4066 1566 4139 quia
1580 4067 1712 4141 undique
1727 4084 1777 4125 noa
1794 4082 1839 4123 εο-

182 4160 264 4217 bonis
278 4160 445 4217 desiderium
460 4175 565 4227 eorum,
591 4160 636 4233 qui
652 4176 700 4232 per
714 4159 931 4216 misericordiam
947 4175 988 4214 re·
1040 4173 1085 4223 cat
1114 4165 1150 4220 ad
1177 4166 1398 4230 conversionem,
1426 4164 1543 4236 undique
1581 4165 1619 4221 ad
1647 4166 1838 4237 poenitentiam,

183 4249 272 4321 parati
286 4248 348 4305 lacti
363 4257 424 4304 eunt
438 4247 511 4305 coeli.
527 4249 613 4319 Igitur
628 4250 750 4321 quisquis
765 4265 815 4320 per
827 4248 985 4304 misericor·
1041 4253 1111 4309 sicut
1136 4253 1283 4324 Apostolus
1310 4253 1347 4307 eit
1363 4271 1370 4307 :
1389 4274 1400 4305 a
1431 4253 1474 4307 An
1489 4253 1606 4326 ignoras
1621 4253 1740 4311 divitias
1753 4253 1839 4328 gratie

183 4345 420 4417 diamreparatus,
450 4361 483 4403 ac
506 4363 554 4418 per
581 4348 634 4402 hcc
661 4346 764 4402 coelum
792 4346 889 4413 sactus,
911 4348 984 4401 hunc
1041 4342 1234 4398 Dominithu
1250 4341 1340 4397 nescis
1360 4341 1420 4414 quia
1435 4340 1565 4412 patientie
1584 4342 1633 4396 Dei
1657 4343 1696 4398 ad
1712 4344 1840 4415 paeniten-

182 4435 245 4508 pius
259 4434 391 4491 Dominus
404 4436 549 4491 coronabit
575 4442 637 4506 post
655 4435 835 4507 repletionem
852 4436 984 4490 honorum
1043 4441 1104 4496 tiam
1121 4449 1146 4495 te
1160 4439 1294 4495 adducit?
1311 4462 1321 4489 ι
1339 4438 1841 4508 (Rom211).Vocatnoscreaturebe

183 4539 305 4591 enorum,
320 4532 348 4579 et
361 4524 414 4581 hoc
428 4524 509 4579 modo
525 4523 675 4588 coronabit,
692 4539 756 4595 qma
785 4523 910 4594 perducit
924 4538 986 4577 cum
1040 4527 1155 4594 deliciis,
1172 4536 1252 4583 vocat
1268 4544 1319 4582 nos
1329 4526 1513 4598 spiritualibus
1523 4526 1616 4593 donis,
1627 4537 1655 4584 et
1666 4529 1734 4586 ideo
1748 4528 1839 4586 estni-

183 4622 219 4683 ad
231 4620 297 4677 illud
307 4620 412 4676 bonum
428 4621 549 4693 quodeat
557 4637 694 4677 summum
702 4621 822 4676 omnium
834 4622 984 4676 bonorum.
1040 4626 1148 4675 serator
1162 4625 1189 4672 et
1203 4617 1371 4672 misericors.
1382 4615 1436 4670 Sed
1447 4614 1484 4669 ita
1495 4614 1672 4689 intelligatur
1681 4618 1839 4686 misericors,

219 4731 312 4803 ltaque
325 4744 381 4785 non
396 4727 424 4783 in
438 4727 480 4783 his
497 4727 588 4797 bonis,
609 4727 654 4782 ubi
669 4743 832 4800 quocunque
850 4737 876 4783 te
890 4736 984 4784 vertas
1040 4721 1070 4770 ui
1089 4723 1115 4770 ⁰²
1135 4713 1375 4781 videaturjustus.
1402 4711 1565 4768 sicutenim
1596 4713 1840 4770 ssunssesslmissefi·

184 4826 435 4895 vilescithabitum,
457 4826 529 4898 quod
549 4825 673 4881 accendit
699 4825 895 4881 desideratum.
916 4828 983 4881 Nam
1039 4818 1110 4867 Μ·
1127 4803 1162 4857 “a
1178 4802 1287 4856 “fldem
1303 4803 1461 4856 “illem
1479 4799 1515 4854 Εἴ
1545 4798 1611 4856 5⁶⁶⁰
1626 4800 1784 4859 mudum
1805 4808 1839 4858 ⁰⁵²

185 4918 295 4993 quaudo
311 4932 365 4973 non
379 4916 478 4983 haheo,
497 4915 578 4987 cupio
592 4934 599 4982 ;
616 4921 760 4987 postquam
776 4931 840 4970 vero
851 4916 983 4980 habuero,
1038 4920 1072 4960 ¹10
1088 4903 1197 4958 landem
1212 4901 1387 4972 0¹D⁸li⁸ffl¹1l
1398 4901 1512 4970 lusslum·
1540 4901 1674 4971 ll¹¹⁰¹¹l⁸¹¹¹
1691 4919 1768 4961 ⁰⁰⁰0
1778 4918 1838 4960 0⁰¹¹·

185 5011 331 5059 contemno
347 5020 354 5057 :
371 5009 398 5057 et
412 5017 464 5073 per
478 4999 524 5054 illa
551 5000 623 5055 bona
638 5001 737 5072 quibus
753 4999 862 5070 replesti
877 5000 984 5055 deside·
1040 5002 1186 5056 temnimus
1200 4999 1363 5072 benignum.
1393 4996 1536 5069 Siquidem
1555 4997 1619 5069 ipse
1634 5000 1701 5071 pius
1718 5000 1840 5059 Dominus

184 5101 254 5156 sium
269 5116 360 5157 meum
375 5097 551 5155 renouabitur
571 5098 702 5168 juventus
725 5113 787 5154 mea
812 5104 841 5152 ut
852 5097 984 5171 juventus
1039 5089 1259 5164 1⁰1¹tt⁸¹¹i¹¹¹i⁸t³⁸t
1287 5095 1313 5142 θῑ
1328 5086 1442 5143 mulium
1457 5085 1631 5143 m580l500P8·
1667 5087 1840 5163 Mummi!

186 5197 284 5268 aquilae
300 5197 386 5264 (Paul.
403 5196 459 5268 cn).
481 5196 539 5250 Proe
554 5202 694 5252 senectute
709 5196 890 5268 supercrescit
905 5195 985 5268 aqui·
1040 5196 1091 5256 est.
1110 5187 1174 5260 quit
1188 5202 1242 5242 nort
1258 5185 1348 5240 statim
1363 5184 1439 5256 punit
1453 5187 1569 5255 peccata
1590 5192 1704 5255 nostra,
1722 5187 1771 5246 scd
1784 5188 1838 5244 lca·

188 5291 223 5349 lae
238 5293 363 5364 superius
389 5301 507 5350 rostrum
531 5292 654 5351 interiori
673 5293 700 5348 in
715 5300 818 5348 tautum
833 5302 861 5348 ut
876 5309 926 5350 nec
953 5309 985 5349 os
1039 5293 1197 5367 ganimitate
1212 5291 1309 5363 quaerit
1323 5291 1395 5346 bona
1410 5305 1504 5360 opera.
1519 5289 1548 5346 Si
1563 5290 1638 5347 enim
1654 5293 1768 5366 puniret
1779 5307 1840 5369 pcc·

189 5398 309 5470 aperire,
329 5414 381 5455 nec
395 5415 425 5455 ae
440 5398 551 5456 relicere
566 5399 662 5471 possit,
690 5408 717 5455 et
740 5399 780 5456 sic
807 5401 918 5471 penuria
932 5400 985 5458 cibi
1039 5400 1170 5457 curarem,
1187 5405 1267 5463 quem
1277 5389 1389 5444 habet&
1401 5386 1577 5445 lludssffl'effl
1587 5389 1604 5445 ⁹
1616 5389 1681 5449 N0⁰
1691 5388 1840 5449 ltmfflll

191 5495 296 5553 delicit.
315 5494 346 5549 ln
362 5494 410 5551 tali
427 5497 553 5568 angustia
571 5505 679 5553 acutum
707 5496 986 5570 lapidemquaerit,et
1039 5491 1066 5547 in
1086 5488 1200 5546 cortina
1226 5501 1294 5544 vote
1318 5485 1532 5551 dileclalionem‚
1549 5486 1600 5543 sed
1628 5488 1659 5545 iu
1690 5488 1838 5548 eutonius

193 5593 288 5651 tandiu
298 5594 381 5647 rostri
396 5593 591 5648 incrementum
613 5594 762 5664 contundit,
786 5595 873 5650 donec
888 5611 917 5650 se
938 5611 983 5650 re·
1040 5594 1143 5668 gemitu
1158 5592 1369 5649 contessionem.
1385 5591 1497 5646 llultnm
1511 5599 1605 5649 autem
1619 5591 1786 5655 misericors
1793 5600 1837 5658 ast,

175 5691 262 5759 dcere
272 5691 376 5770 possit,
394 5698 421 5751 ει
436 5698 501 5750 tunc
515 5691 615 5771 recipit
629 5701 656 5754 et
670 5693 951 5769 nitorempennarum
964 5701 992 5749 ει
1046 5692 1110 5767 qma
1120 5697 1275 5749 remunerat
1286 5690 1318 5747 in
1328 5688 1406 5747 uobis
1418 5703 1475 5747 nou
1488 5696 1585 5748 nocua
1597 5691 1710 5763 merita,
1734 5692 1785 5753 aad
1795 5704 1837 5765 aaa
