3780 6038
109 186 160 301 tat
668 222 805 282 rttONts
824 223 983 283 EPISCOPI
1003 224 1196 284 tuntudsts
1708 237 1760 295 ης

106 368 145 424 iia
181 360 296 428 mansis,
346 355 570 424 mansionilibus,
598 353 629 410 in
658 351 740 408 terris
769 350 849 409 cultis
879 353 945 416 etA
962 350 1034 410 cesis
1047 350 1182 420 fidelihus,
1199 358 1254 407 tarn
1263 354 1381 423 posteris
1391 372 1474 429 quam
1485 360 1677 430 presentibus,
1689 363 1762 435 quod

106 453 233 519 incultis·
249 449 340 506 ⁵thss
351 455 378 504 0²
392 446 508 502 ancillis·
965 456 1019 515 ego
1035 441 1101 497 rino
1115 441 1166 498 Dei
1180 442 1411 514 gratisTullensis
1421 447 1496 504 sedis
1506 448 1619 519 praesul,
1638 449 1704 506 dedi
1719 467 1763 508 ρο.

144 542 216 614 Quia
237 555 303 594 vero
319 538 424 610 gradus
439 535 524 591 altior
539 550 555 589 a
569 533 711 590 ruinanon
721 529 910 598 deiendit,sed
964 530 1056 588 clesiae
1069 530 1177 587 Sanctae
1195 532 1293 598 ttariae,
1310 549 1362 604 que
1377 535 1457 590 estin
1471 537 1608 594 hiolehme
1622 538 1763 613 (i'abbepe

108 630 245 690 interdum
260 625 376 702 gravius
391 624 551 697 praecipitst,
567 638 618 677 nos
633 620 679 694 qui
704 620 778 675 nulla
799 619 912 676 merito-
964 617 999 674 de
1014 618 1157 690 blolesme)
1171 619 1264 687 altare,
1280 621 1354 693 quod
1369 623 1451 679 situm
1467 633 1508 681 est
1524 625 1551 681 in
1575 627 1764 686 commarceio

107 738 167 779 rum
182 715 368 792 prerogativa
383 713 569 785 suffragante,
584 710 672 767 sancti
688 708 823 764 llansueti
837 709 911 766 vices
962 706 998 763 ad
1013 707 1154 765 utilitstern
1169 710 1367 765 monachorum
1381 711 1450 768 inibi
1473 714 1533 770 Deo
1556 714 1760 775 famulantium.

108 811 224 881 indigne
240 817 366 862 tenemus
382 819 390 873 ;
407 811 436 859 nt
450 802 547 858 eodem
563 800 723 872 porrigente
740 813 851 853 menum
876 798 911 855 de
964 796 1035 866 Quia
1050 811 1116 853 uero
1130 796 1287 853 coenobium
1302 798 1369 855 illud
1382 802 1418 857 ad
1432 809 1556 859 nostram
1569 814 1616 860 eut
1638 806 1764 866 ecclesias

110 900 171 956 lacu
186 895 304 952 miseriae
320 893 396 950 etde
411 892 468 948 luto
491 890 567 946 laecis
588 887 727 960 possimus
750 902 910 959 resurgere,
964 894 1066 941 nostrae
1080 901 1135 942 non
1149 885 1243 941 attinet
1257 887 1465 958 subjectionem,
1482 892 1630 949 statuimus
1641 902 1765 968 utsupra

113 996 142 1045 et
170 1002 202 1043 eo
230 987 394 1056 protegente
418 995 534 1053 qumque
562 976 716 1049 periculose
743 975 912 1032 imminentia
964 989 1077 1030 censum
1089 974 1221 1041 debitum,
1239 983 1339 1034 nostrae
1353 977 1460 1035 solvant
1480 981 1540 1037 sedi
1562 981 1677 1041 assidue
1704 1001 1766 1041 cum

112 1076 247 1143 devitare,
264 1073 353 1129 risum
368 1078 410 1126 est
433 1069 512 1124 nobis
539 1082 595 1123 non
621 1065 815 1138 incongruum,
845 1062 915 1121 cieri
964 1062 1132 1135 ipsocensu,
1153 1079 1200 1121 sex
1217 1064 1360 1122 denarios.
1388 1067 1430 1125 Ne
1460 1069 1522 1140 quis
1549 1079 1641 1127 autern
1668 1074 1766 1131 amodo

113 1164 199 1222 nostri
214 1161 329 1220 consilio
344 1168 371 1216 et
391 1156 555 1224 hortamine,
586 1155 621 1210 de
643 1162 736 1211 nostro
761 1154 821 1223 jure
849 1154 912 1211 hnic
964 1150 1017 1207 hoc
1032 1152 1134 1208 donum
1149 1160 1195 1208 ant
1208 1161 1340 1210 statutum
1354 1155 1397 1213 rel
1420 1173 1475 1213 non
1503 1157 1539 1214 its
1568 1158 1676 1216 lactum
1705 1178 1767 1220 esse

114 1250 408 1323 cellulaeproluturnrn
423 1245 527 1318 aliquid
556 1243 693 1301 recidere.
726 1243 849 1315 Denique
875 1242 911 1298 ad
963 1240 1097 1308 intendat,
1112 1241 1194 1297 antid
1215 1241 1320 1300 violare
1339 1253 1498 1315 praesumat,
1521 1248 1682 1305 curarimus
1702 1250 1768 1308 illud

113 1342 208 1398 domni
222 1336 446 1395 abbatisTernari
456 1333 625 1407 petitionem,
637 1338 722 1389 toturn
734 1331 807 1387 ilium
818 1330 910 1389 locum
964 1327 1155 1395 corroborare,
1184 1336 1211 1385 et
1225 1332 1368 1396 presentis
1388 1332 1531 1406 privilegii
1551 1336 1767 1408 conscriptione,

114 1431 198 1488 certis
214 1427 345 1484 limitibus
360 1426 544 1490 terminatum,
569 1438 630 1478 curn
659 1420 741 1488 ceila,
769 1429 910 1478 annuente
963 1422 990 1473 et
1001 1417 1089 1473 nostri
1102 1417 1186 1491 sigilli
1200 1417 1394 1490 impressione,
1410 1427 1542 1478 eteorum
1558 1423 1606 1496 qui
1620 1425 1768 1499 subscripti

113 1518 309 1576 archidiacono
323 1524 349 1570 et
364 1514 477 1580 decano,
494 1510 709 1568 assentientibus
723 1510 804 1567 etiam
823 1524 909 1567 cano-
962 1513 1035 1572 aunt,
1052 1505 1278 1564 tamclericorum
1294 1523 1376 1581 quam
1391 1509 1523 1581 laicorum
1534 1511 1639 1571 idonea
1655 1522 1767 1572 attesta-

114 1607 184 1663 nicis
199 1604 286 1661 sancti
301 1601 440 1675 Gengulii,
463 1615 524 1657 cum
553 1599 712 1673 praeposito,
738 1598 766 1653 in
794 1615 910 1671 quorum
960 1593 1047 1652 tione.

114 1693 265 1769 parochiali
279 1702 321 1749 est
334 1691 481 1761 territorio,
491 1690 526 1746 ab
540 1689 614 1744 omni
643 1686 811 1758 subjectione
838 1687 953 1778 illiusB
1006 1685 1097 1742 Testes
1113 1684 1179 1742 doni
1191 1685 1308 1758 prioris.
1325 1686 1383 1760 Sig.
1399 1686 1537 1761 Reliqnini
1565 1691 1767 1751 archidigwng

114 1784 208 1840 matris
223 1781 346 1840 ecclesiae
359 1781 475 1836 liberum
489 1777 638 1834 reddimus.
655 1776 771 1834 Omnem
786 1776 913 1832 decima·
1003 1773 1082 1845 Sign.
1098 1774 1214 1830 Gerardi
1228 1775 1345 1832 comitis.

115 1874 217 1929 tionem
232 1872 425 1942 cujuscumque
440 1868 480 1924 rei
503 1866 575 1922 intra
601 1865 751 1937 descriptos
780 1866 913 1922 terminos

114 1962 191 2019 cellae
205 1961 392 2019 concedimus.
409 1957 513 2014 Omnes
527 1956 662 2022 advenas,
677 1954 731 2010 nisi
745 1953 798 2009 sint
808 1955 843 2011 de
853 1954 913 2026 ipsa

114 2050 255 2125 parochia,
272 2049 318 2122 qni
333 2047 430 2117 idjam
445 2045 521 2103 dicto
539 2044 601 2101 loco
615 2043 912 2114 mansionemaccepe-

113 2140 178 2207 rint,
193 2154 209 2195 a
222 2140 291 2212 jugo
306 2135 467 2207 antiquioris
483 2133 607 2190 ecclesiae
620 2131 763 2188 absolutos
778 2147 840 2188 esse
850 2147 912 2188 om·

115 2229 183 2284 nino
197 2225 384 2283 decernimus.
401 2225 438 2279 Et
463 2232 493 2278 ut
519 2231 615 2279 contra
635 2222 694 2278 haec
718 2228 816 2275 statuta
838 2220 912 2276 nulls

116 2316 265 2389 aliquando
289 2328 442 2386 exsurgere
470 2310 567 2366 audeat
593 2309 712 2365 vtolenta
739 2309 911 2380 improbitas,

114 2403 277 2477 omnesqui
305 2403 340 2458 de
368 2401 411 2456 his
439 2398 545 2456 donatis
571 2398 673 2470 aliquid
700 2398 910 2466 substraxerint,

113 2492 222 2550 vinculo
262 2489 445 2548 anathematis
470 2486 656 2551 innodamus;
692 2493 721 2541 ut
748 2484 912 2542 decursione

111 2590 267 2655 temporum
282 2580 318 2635 ab
333 2579 450 2634 humana
466 2575 597 2632 memoria
616 2574 683 2629 nihil
704 2575 802 2630 horum
825 2575 912 2646 possit

112 2670 240 2727 excidere
256 2668 301 2725 vel
316 2666 422 2739 augeri,
447 2665 500 2721 hac
528 2664 666 2736 scriptura
693 2662 847 2719 firmamus.
876 2664 911 2720 Ut

111 2759 294 2817 confundatur
309 2764 337 2813 et
352 2757 522 2813 obmutescat
536 2753 626 2810 omnis
641 2752 735 2809 invida
760 2760 786 2809 et
809 2768 911 2824 repens

107 2848 246 2919 judicialis
260 2843 408 2914 calumnia,
422 2852 477 2900 tarn
488 2849 590 2900 nostrae
612 2841 744 2916 imaginis
767 2841 911 2897 notissima

1003 1860 1080 1934 Sign.
1097 1863 1225 1919 licinardi
1241 1864 1359 1921 comitis.

1003 1950 1080 2024 Sign.
1097 1950 1218 2008 Odelrici
1233 1954 1343 2009 comitis
1357 1953 1392 2011 de
1407 1954 1541 2014 Brisseio.

1003 2038 1080 2112 Sign.
1097 2040 1229 2098 Godberti
1243 2043 1277 2100 de
1292 2046 1514 2114 Aspero-monte.

1004 2130 1092 2186 Testis
1106 2130 1175 2186 doni
1184 2134 1324 2190 renovati.
1338 2135 1405 2189 item
1421 2134 1497 2208 sign.
1510 2134 1652 2210 Reliquini
1662 2137 1767 2197 archid.

1002 2216 1079 2291 Sign.
1096 2219 1228 2274 Tesseiini
1243 2220 1350 2278 archid.

1002 2305 1079 2378 Sign.
1096 2308 1227 2379 stephani
1244 2309 1348 2365 archid.

1002 2394 1080 2467 Sign.
1097 2396 1240 2452 iiamboldi
1254 2396 1429 2455 cancellarii.

1002 2483 1079 2556 Sign.
1095 2484 1207 2541 loannis
1218 2485 1328 2542 decani.

1001 2573 1079 2646 Sign.
1092 2573 1228 2629 Bernardi
1239 2575 1404 2631 sacerdotis.

1000 2661 1079 2734 Sign.
1097 2661 1219 2719 Edelrici
1232 2663 1266 2719 dc
1283 2663 1395 2719 liinnel.

1001 2750 1078 2823 Sign.
1097 2751 1207 2807 ilenrici
1222 2751 1346 2808 advocati
1362 2752 1487 2810 Tuticus.

1001 2840 1079 2913 Sign.
1094 2839 1226 2913 sigiffridi
1234 2848 1261 2896 et
1272 2842 1395 2915 liugonis
1404 2843 1485 2900 villici
1494 2852 1520 2901 et
1528 2845 1663 2903 Godberti
1673 2863 1764 2908 carne·

109 2937 308 3011 assignatione,
326 2949 408 3008 quam
431 2932 528 2989 talium
557 2931 688 2997 virorum,
727 2930 826 3003 quibus
854 2946 910 2988 non
964 2927 1040 2983 rarii.

109 3027 225 3085 credere
253 3022 332 3081 netas
353 3030 405 3094 est,
425 3021 546 3079 subnexa
568 3017 760 3078 testificatione
789 3019 909 3077 robora·
930 3069 948 3095 Ἰ
1001 3020 1112 3075 bonum
1126 3026 1285 3076 renovatum
1300 3027 1392 3077 ectum
1407 3028 1450 3077 est
1476 3036 1548 3081 anno
1565 3024 1600 3080 ab
1630 3026 1767 3082 Incarus·

109 3132 183 3172 mus.
924 3081 948 3133 ι’
963 3108 1038 3165 tione
1058 3107 1167 3163 Domini
1197 3109 1276 3176 totu,
1306 3108 1454 3166 indictione
1484 3126 1523 3179 rr,
1553 3121 1654 3185 epacta
1681 3129 1764 3183 xxrr,

144 3205 260 3278 Signum
275 3200 387 3259 t‘ibonis
401 3198 537 3272 episcopi.
963 3204 1124 3255 occurrente
1139 3212 1169 3262 n,
1185 3197 1297 3253 Urbano
1320 3214 1399 3269 pape,
1422 3199 1524 3256 Pibone
1548 3201 1691 3274 episcopo,
1715 3219 1763 3260 re-

144 3293 225 3366 Sign.
246 3291 373 3348 Themari
387 3289 497 3345 abbatis
509 3286 597 3344 sancti
611 3284 755 3343 ilansneti.
963 3294 1064 3361 gnante
1079 3285 1198 3341 ilenrico
1213 3286 1258 3353 tv,
1275 3287 1451 3358 imperatore,
1476 3289 1545 3346 duce
1576 3292 1762 3359 Theoderico,

146 3381 227 3455 Sign.
248 3379 345 3436 Setreri
359 3378 463 3433 abbatis
478 3376 566 3433 sancti
582 3374 693 3433 Leonis.
963 3375 1063 3434 comite
1077 3374 1227 3442 lleinardo,
1243 3374 1345 3448 ubique
1368 3386 1504 3450 regnante
1527 3380 1647 3436 Domino
1668 3389 1763 3437 nustm

147 3470 228 3543 Sign.
248 3467 373 3541 lingonis
388 3464 548 3538 primicerii.
962 3463 1026 3520 lesu
1037 3463 1156 3528 Christo,
1172 3463 1216 3519 cui
1230 3464 1265 3518 sit
1280 3465 1379 3532 honor,
1395 3465 1456 3521 laus
1470 3467 1595 3542 etgloris
1608 3470 1764 3542 peremnis

144 3558 225 3631 Sign.
244 3554 361 3612 Luctulli
376 3555 484 3611 decani.
963 3553 1065 3609 saecula
1080 3551 1253 3608 saeculorum.
1270 3555 1369 3609 Arnen.

144 3646 225 3720 Sign.
244 3643 353 3717 iliquini
367 3640 566 3701 archidiaconi.

146 3735 227 3809 Sign.
247 3731 382 3790 Brunonis
398 3729 589 3788 archidiaconi
602 3737 629 3787 et
643 3726 793 3803 praepositi.

147 3824 228 3898 Sign.
247 3822 429 3879 ddalberonis
442 3819 643 3877 archidiaconi.

146 3913 229 3986 Sign.
247 3911 379 3985 Stephani
392 3908 587 3967 archidiaconi.

146 4002 226 4076 Sign.
245 4000 369 4075 lingonis
382 3997 581 4057 archidiaconi.
1261 4040 1351 4111 (Anno
1369 4042 1461 4111 ¹⁰97)

147 4091 227 4164 Sign.
246 4088 369 4147 Tecelini
383 4085 577 4145 archidiaconi.
1440 4082 1446 4095 ·

148 4182 228 4252 Sign.
247 4177 426 4235 ddelberonis
440 4173 605 4234 cancellarii.
1096 4163 1169 4237 [Don
1185 4165 1298 4221 Cstxrr
1326 4167 1372 4223 ali
1386 4183 1484 4240 supra,
1499 4183 1530 4239 p.
1549 4167 1626 4238 509]

148 4270 204 4325 ista
218 4268 328 4342 quidem
356 4275 471 4339 peracit
498 4272 561 4320 sunt
584 4265 613 4320 1¹1
639 4263 856 4331 T⁰110⁰⁵i⁸⁰der
880 4264 909 4320 5¹¹
999 4287 1142 4345 Universis
1159 4289 1323 4346 Christiana
1344 4289 1486 4363 religionis
1509 4289 1672 4358 cultoribus,
1698 4291 1765 4346 l’rso

114 4358 233 4415 006163ῑῦ
255 4357 359 4427 m³i0f0
380 4371 431 4410 V¹¹¹
461 4352 601 4410 Kalendii
628 4353 730 4420 millib
762 4354 789 4408 5¹¹
820 4354 909 4425 capite
965 4375 1102 4432 Tullensis
1117 4377 1248 4435 Ecclesiae
1263 4378 1313 4434 Dei
1327 4380 1415 4452 gratia
1435 4378 1619 4450 dispensator,
1636 4378 1765 4450 salutern,

110 4445 297 4517 jejuniorum,
320 4443 448 4500 audiente
472 4442 565 4509 θῙθΐθι
599 4449 626 4499 θῑ
651 4442 794 4497 inmunem
821 4443 909 4514 Plebiss
924 4432 950 4492 D
965 4471 992 4521 et
1006 4464 1137 4536 simplicis
1152 4466 1272 4522 ueritatis
1287 4467 1420 4539 integram
1436 4467 1619 4525 dilectionem.

116 4533 297 4604 multitudine,
318 4547 389 4588 anno
416 4532 451 4586 ab
480 4529 672 4587 lncarnatione
695 4531 803 4586 Domini
831 4535 911 4600 1⁰93,
1002 4555 1111 4610 pietati,
1126 4563 1152 4610 e,
1166 4555 1245 4612 bom„
1258 4555 1373 4611 ,ogonis
1386 4554 1477 4613 offici,
1491 4564 1566 4613 m„
1582 4556 1768 4630 mgiuppe,

115 4622 291 4680 ordinationis
305 4636 372 4680 uero
386 4627 488 4677 nostrae
503 4632 576 4674 anno
598 4633 680 4685 xxrv,
703 4618 854 4677 indictione
880 4637 909 4688 n,
965 4648 1025 4699 „m
1052 4651 1079 4698 e,
1102 4643 1230 4716 ,mppoefi
1253 4644 1334 4700 deb„
1362 4644 1486 4701 omnium
1514 4643 1635 4701 fidelium
1663 4645 1767 4703 dem„

116 4711 156 4769 fes
157 4712 184 4768 1⁸
197 4727 234 4781 tv,
249 4717 430 4768 “⁰⁰⁰⁰“ffl‘e
442 4725 468 4778 γ’
484 4707 556 4764 ¹²¹⁰ae
569 4722 611 4779 ¹¹¹²
627 4715 723 4781 ‘'imi“
737 4723 757 4763 ¹·
965 4739 1082 4806 affectio,
1099 4750 1199 4814 quanto
1215 4741 1304 4814 magis
1327 4757 1383 4798 non
1410 4741 1613 4814 aspernabilem
1642 4743 1767 4802 honestae

493 4861 531 4919 x·
965 4830 1102 4928 opinionis
1113 4830 1228 4930 odorem
1243 4830 1367 4930 long-eet
1381 4830 1435 4930 late
1446 4830 1611 4899 diffundunt,
1623 4832 1768 4890 atdeside·

241 4986 617 5061 ιειιιιιιωιωιωιωω
631 4984 659 5043 s·
676 4984 781 5043 n...
965 4918 1768 5081 :tlhllttttlltltttlnlttssltlt

411 5114 501 5187 (Anna
520 5113 611 5185 1095.)
965 5112 1096 5169 nosquos
1111 5113 1233 5153 summus
1248 5097 1294 5153 ille
1317 5105 1397 5169 pater
1420 5097 1548 5165 familias,
1577 5098 1683 5155 utinam
1709 5116 1767 5157 nen

285 5238 366 5313 [Dum
381 5239 504 5306 onan,
519 5239 599 5309 idid,
616 5255 645 5313 p.
661 5241 742 5310 tuh]

965 5185 1155 5257 adjudicium,
1171 5186 1198 5241 in
1212 5187 1294 5242 domo
1308 5201 1359 5242 sua
1386 5186 1573 5258 speculatores
1600 5187 1703 5259 posuit,
1732 5203 1768 5247 eo

965 5275 1127 5346 propensius
1141 5275 1169 5331 in
1184 5275 1262 5345 hujus
1285 5274 1368 5331 stadii
1390 5291 1472 5333 cursu
1495 5273 1617 5348 legitime
1633 5277 1768 5335 certando

151 5362 182 5418 ln
197 5360 306 5418 nornine
320 5361 430 5418 Domini
445 5362 544 5418 summi
557 5370 585 5419 et
594 5363 652 5420 reri
673 5362 737 5420 Dei.
765 5362 910 5434 Quoniam,
965 5363 1092 5420 convenit
1106 5363 1227 5437 reliquos
1242 5365 1357 5430 anteire,
1369 5380 1437 5437 quos
1449 5379 1504 5421 non
1518 5363 1609 5421 solum
1622 5364 1660 5422 de
1673 5367 1766 5435 nobis,

114 5457 142 5506 nt
158 5449 452 5523 quidamsapiensait,
482 5449 623 5521 pulchrum
650 5461 693 5508 est
719 5452 792 5508 beno
821 5451 911 5509 iacere
965 5469 1059 5509 uerum
1075 5453 1154 5508 etiam
1169 5453 1767 5528 deomnibusquosregendosetcorrigen-

115 5539 260 5596 rnundanae
274 5539 441 5611 reipublice,
454 5547 560 5595 constet
585 5557 691 5597 summe
710 5541 855 5613 pulchrum
883 5551 910 5598 et
965 5541 1016 5598 dos
1031 5541 1211 5613 suscepimus,
1228 5542 1251 5597 si
1262 5542 1392 5599 desidiosi
1407 5541 1624 5614 apparuerimus,
1653 5545 1768 5601 undam

114 5630 225 5688 salubre
239 5644 299 5685 ease
314 5629 341 5685 id
356 5627 415 5684 fieri
430 5627 563 5698 spirituali
579 5636 606 5685 et
619 5628 721 5686 divinae
731 5629 823 5687 curiae.
835 5629 910 5701 Qua·
964 5630 1009 5686 iile
1024 5631 1070 5701 qui
1084 5631 1228 5697 commisit,
1246 5631 1335 5686 iratus
1352 5631 1444 5705 exiget
1457 5630 1605 5688 rationem.

113 5726 226 5794 propter
239 5718 364 5779 volumus
377 5720 474 5776 notum
488 5731 549 5774 esse
563 5717 690 5776 omnibus
712 5728 815 5776 nostrae
837 5719 909 5777 dioe-
998 5719 1196 5794 duditcitaque
1210 5727 1237 5778 et
1251 5728 1364 5792 accepto
1378 5719 1537 5793 apostolice
1555 5718 1767 5794 predicationis

1336 3693 1385 3748 xt.

963 3815 1104 3873 Fundatlo
1121 3817 1267 3889 prioratus
1284 3818 1312 3874 S.
1328 3818 1424 3874 iacobi
1437 3819 1469 3875 la
1487 3819 1699 3879 castellariam
1712 3837 1765 3895 pro

1123 3915 1234 3972 abbatia
1249 3915 1277 3973 S.
1291 3915 1432 3972 Maurusii
1444 3917 1596 3974 Tallsasia.
