3780 6038
773 227 945 286 tranabat
964 226 1086 285 ΛΒΒΛΤΙ
1101 230 1150 286 SS.
1172 231 1282 289 cassu

545 539 854 647 ootrlttlca
906 541 1143 649 DECIMA
1185 545 1482 655 SEPTIMA.

838 749 1036 817 Secundum
1060 752 1200 820 Lucam.

231 966 241 990 ι
258 940 327 999 Cum
341 938 456 997 intraret
472 939 555 997 lesus
578 937 605 994 in
620 937 732 997 domurn
746 937 889 1011 cujusdem
906 938 984 1009 prin·
1000 942 1027 1004 Α
1043 949 1116 1001 ctum
1132 949 1173 999 est
1188 958 1304 1016 regnum
1321 945 1452 1003 coelomm
1467 946 1584 1005 bomini
1603 948 1672 1023 regi
1689 950 1856 1023 quilecitns

191 1030 260 1103 cipis
283 1028 480 1085 Pharisaeorum
507 1025 628 1083 sabbato
651 1025 816 1082 manducare
830 1041 942 1097 panem,
961 1032 990 1083 et
1045 1029 1114 1100 ptias
1129 1030 1184 1085 lilio
1198 1047 1249 1086 suo
1263 1033 1374 1101 (Erilli.
1398 1034 1479 1105 rxu).
1503 1058 1516 1083 u
1535 1036 1580 1091 nd
1599 1038 1659 1093 has
1676 1039 1790 1109 nuptias
1808 1042 1854 1111 qui-

190 1119 243 1191 ipsi
257 1117 438 1175 observabant
453 1132 525 1171 eum.
544 1116 576 1169 Et
596 1129 659 1170 occe
684 1114 768 1169 bomo
796 1115 908 1186 quidam
936 1114 989 1188 by·
1044 1116 1110 1173 libet
1124 1118 1262 1185 invitatus,
1278 1120 1306 1175 id
1323 1130 1364 1176 est
1380 1122 1519 1179 Ecclesia
1535 1125 1854 1195 memhriseonjunsus,

182 1212 992 1291 dropicuserstautaillum(lac.xtrtrllydropisismor.
1044 1222 1099 1260 non
1114 1207 1268 1262 discumbat
1282 1208 1309 1261 in
1324 1209 1412 1280 primo
1426 1211 1501 1278 loco,
1521 1215 1581 1270 hoc
1613 1224 1738 1271 estnon
1767 1219 1855 1273 extollat

191 1305 242 1361 bus
256 1305 291 1361 ab
310 1317 414 1378 aquoso
429 1303 541 1357 humore
569 1299 734 1357 vocabulum
751 1301 834 1355 trahit
863 1315 869 1369 ;
895 1299 990 1357 Graece
1044 1318 1074 1357 sa
1088 1302 1231 1375 gloriando
1246 1304 1280 1360 da
1296 1306 1399 1361 meritis
1413 1309 1472 1362 suis
1489 1310 1578 1380 quasi
1596 1312 1640 1367 sit
1655 1313 1803 1370 sublimior
1814 1330 1854 1371 aa

191 1402 349 1460 enimudor
366 1393 541 1475 [bboplaqua
557 1406 680 1453 vocatur.
705 1398 753 1453 list
769 1406 860 1453 sutem
888 1398 989 1454 subcu.
1044 1391 1119 1447 toris.
1138 1390 1248 1447 Student
1268 1402 1342 1448 veste
1367 1397 1483 1466 nuptiali
1515 1401 1637 1468 vestiri,
1676 1402 1731 1458 hoc
1747 1404 1854 1460 virtutum

189 1507 283 1556 uncus
297 1498 332 1553 de
347 1497 410 1553 vitio
425 1495 524 1552 vesicae
535 1502 624 1560 uatus,
640 1509 701 1549 cum
726 1493 866 1549 iullatioae
879 1502 908 1551 et
935 1510 987 1550 au·
1043 1478 1313 1551 sulii⁰s0⁰⁰ffi³⁰⁸se=
1330 1483 1378 1538 ⁵⁰⁶
1402 1500 1465 1540 ⁰⁰¹¹¹
1482 1487 1671 1545 humilium·
1697 1492 1854 1548 fl⁰⁰⁰¹⁸¹i⁰¹l

186 1587 271 1644 help„
291 1584 396 1651 loetido,
426 1583 620 1655 propriumque
646 1590 689 1637 est
717 1582 869 1654 hydropici,
888 1590 988 1654 quanto
1041 1576 1156 1634 invitato
1170 1577 1217 1633 dat
1231 1578 1329 1646 locum,
1347 1582 1393 1653 qui
1408 1581 1443 1639 de
1459 1582 1526 1641 aliis
1545 1586 1682 1644 meliora
1698 1604 1855 1663 cognoscens

187 1675 276 1749 magis
294 1674 414 1731 abundat
439 1673 552 1728 humore
578 1670 744 1737 inordinato,
771 1678 848 1727 tanto
871 1671 989 1743 amplius
1042 1664 1173 1739 quidquid
1187 1665 1222 1721 ‘¹0
1237 1682 1286 1721 ⁸¹¹³
1312 1669 1473 1740 ⁰Pel⁸li0⁰0
1489 1672 1611 1728 ⁰0¹⁸⁰¹¹¹
1630 1676 1774 1732 ³⁰⁰¹ieb⁸¹
1787 1694 1855 1750 9¹⁵¹

185 1773 270 1833 sitim·
287 1769 392 1829 Rideo
407 1776 480 1826 recte
492 1774 667 1840 comparatur
682 1766 989 1840 eiquemssumgm.
1041 1759 1158 1825 reputat,
1183 1760 1209 1810 et
1237 1770 1300 1811 cum
1324 1757 1465 1829 Propheta
1491 1776 1526 1816 se
1556 1762 1712 1831 humiliat,
1743 1765 1855 1824 dicens:

186 1861 289 1919 nahum
316 1859 486 1931 voluptatum
514 1856 675 1913 exuberans
703 1863 846 1929 aggravas,
873 1870 987 1928 compa.
1044 1848 1172 1922 “Pauper
1187 1867 1246 1907 sum
1262 1868 1315 1925 ego
1332 1853 1397 1910 etin
1412 1854 1566 1914 laboribus
1582 1860 1773 1931 ajuveutute
1797 1880 1854 1931 mes,

186 1956 295 2009 raturet
304 1947 381 2005 diviti
391 1961 487 2013 avaro,
504 1944 551 2019 qui
568 1948 672 2018 quanto
688 1944 816 2016 copiosor
830 1951 873 2001 est
886 1944 987 2002 divitiis
1040 1937 1172 1994 exaltatus
1200 1947 1290 1996 autem
1327 1942 1484 2000 humiliatus
1510 1962 1579 2004 sum
1622 1956 1654 2005 et
1692 1954 1855 2008 conturbatus

184 2047 282 2122 quibus
296 2060 353 2102 non
374 2043 445 2100 bane
458 2042 551 2111 utitur,
573 2048 650 2099 tento
678 2041 820 2098 ardentius
835 2040 891 2097 alis
916 2057 986 2099 con·
1040 2034 1128 2108 (Prot.
1144 2040 1279 2108 araxen).
1298 2061 1310 2087 s
1327 2038 1421 2097 hierita
1436 2057 1502 2097 cam
1529 2044 1648 2103 rubore
1662 2048 1802 2119 penitens
1814 2066 1854 2106 no

185 2143 311 2218 eupisoi‘·
1040 2124 1180 2180 vissimum
1191 2125 1283 2181 locum
1298 2126 1324 2181 in
1340 2127 1467 2186 Ecclesia
1481 2139 1563 2191 tenet
1580 2135 1636 2209 qui
1652 2152 1687 2195 se
1702 2153 1787 2211 super
1798 2139 1854 2196 alios

221 2234 284 2291 «Et
309 2228 481 2303 respondens
507 2228 588 2284 lesus
611 2226 677 2283 dixit
691 2226 726 2285 ad
752 2226 929 2299 legisperitos
958 2235 985 2285 at
1039 2214 1140 2269 θὶθῑῑῦῑ
1155 2213 1215 2285 ΡΝ8
1228 2231 1307 2289 ‘1⁰⁸⁰'
1323 2216 1422 2272 Deum·

184 2321 347 2383 pharisaeos,
361 2318 455 2375 dicens
474 2334 480 2372 :
496 2316 525 2373 Si
558 2317 620 2373 licet
634 2316 753 2373 Sabbata
773 2331 882 2373 curare.
898 2319 932 2372 lt
946 2317 985 2377 illi
1000 2294 1026 2355 Β
1079 2336 1090 2359 α
1108 2312 1165 2369 Sed
1179 2328 1239 2368 carn
1256 2323 1368 2371 vocatus
1383 2315 1468 2373 lucris
1485 2317 1524 2375 ad
1540 2321 1679 2395 nuptias,
1696 2326 1854 2383 recumhein

181 2415 341 2471 mouerunt,
361 2429 373 2457 s
390 2406 487 2463 llerito
503 2411 644 2463 tacuerunt
662 2405 708 2476 qui
732 2420 763 2461 so
776 2408 870 2462 contra
884 2405 985 2462 dictum
1039 2400 1189 2456 novissimo
1204 2401 1275 2469 loco,
1291 2410 1329 2469 ut,
1346 2420 1405 2459 cum
1420 2407 1534 2463 renerit
1548 2410 1603 2483 qui
1620 2419 1651 2468 te
1671 2413 1806 2477 inritavit,
1820 2416 1854 2471 di·

183 2497 318 2574 quidquid
333 2495 450 2553 dixerint
468 2493 580 2560 videot;
597 2492 708 2550 sienim
724 2507 818 2550 curare
841 2493 915 2563 lieet,
935 2508 985 2550 cur
1038 2495 1084 2544 cat
1097 2489 1145 2544 tibi
1162 2506 1169 2543 :
1185 2490 1287 2559 Amice,
1298 2493 1416 2549 ascende
1428 2496 1564 2566 superius
1578 2513 1586 2568 ;
1602 2508 1676 2558 tune
1687 2502 1743 2558 erit
1752 2504 1799 2558 tihi
1807 2505 1853 2577 glo

180 2599 326 2657 observem
340 2594 363 2649 εἰ
379 2592 527 2648 Sabbatum
542 2590 667 2648 solnm·
682 2590 711 2645 gi
727 2606 781 2647 „00
792 2590 864 2657 lices,
881 2605 984 2663 cuspe.
1036 2586 1076 2640 ria
1091 2601 1184 2643 coram
1199 2589 1280 2644 simul
1293 2588 1545 2649 discumbentibus.
1570 2618 1585 2645 ι
1605 2596 1727 2666 Quanto
1751 2616 1854 2673 maguus

181 2702 248 2751 sors
262 2691 369 2743 curent.
385 2681 457 2737 Dixit
471 2681 568 2736 dicans
585 2697 592 2736 :
610 2679 672 2735 talis
686 2680 786 2752 positio
802 2689 842 2736 est
870 2680 983 2751 qualis:
1036 2676 1286 2742 es,bumiliatoiu
1309 2678 1446 2749 omnibus,
1463 2696 1532 2738 curn
1550 2684 1715 2745 Psalmlsta
1744 2689 1852 2747 dicens:

183 2768 776 2847 .urspecansexspsetavitrsrt.xxxix),
795 2788 806 2819 r
823 2767 984 2841 significans
1039 2772 1239 2827 ullumiliatus
1273 2790 1335 2829 surn
1363 2791 1574 2851 usquequaque
1606 2785 1706 2854 qual.
1747 2790 1852 2853 aruns

180 2869 415 2949 perseverantiam
431 2866 580 2939 loquentis,
608 2865 697 2923 done„
725 2866 831 2937 explear
850 2867 924 2940 quod
938 2867 983 2923 in.
1035 2859 1155 2916 Veniens
1182 2860 1314 2917 Dominus
1341 2863 1375 2918 ad
1401 2864 1542 2934 judicium
1576 2871 1629 2926 vel
1659 2874 1697 2929 ad
1726 2876 1854 2948 quotidia-

181 2962 277 3023 oendit·
1034 2963 1098 3004 narn
1115 2948 1294 3009 visitationem
1318 2951 1452 3009 Ecclesiae
1460 2958 1600 3029 praecipit
1611 2964 1773 3021 ascendere
1781 2982 1852 3038 quern

220 3074 232 3105 s
251 3052 313 3122 lpse
329 3062 396 3105 vero
411 3045 616 3119 apprehensum
640 3043 746 3102 sanant
767 3059 839 3112 eum,
854 3059 886 3101 ac
899 3044 982 3102 dirui-
1034 3045 1124 3117 magis
1147 3044 1282 3102 invenerit
1308 3064 1338 3103 se
1360 3048 1519 3107 humiliare.
1551 3054 1645 3113 Unde
1660 3058 1752 3114 illud:
1767 3084 1778 3111 ι
1795 3060 1852 3131 Qui·

180 3148 228 3207 ris,
247 3149 282 3206 Et
310 3142 531 3218 respondensad
560 3142 724 3199 illosdisit:
750 3142 833 3213 Cujus
861 3150 982 3199 vestrum
1035 3147 1142 3205 cunque
1157 3134 1341 3191 humiliaverit
1365 3138 1486 3194 sesicut
1508 3144 1668 3213 parvulus,
1700 3148 1748 3204 hie
1775 3153 1852 3221 major

181 3239 340 3296 uinusaut
357 3235 408 3290 bos
435 3233 462 3288 in
480 3239 591 3304 puteum
613 3231 702 3298 cadet,
731 3238 758 3286 et
773 3246 829 3287 non
856 3231 983 3288 continuo
1035 3229 1077 3277 est
1104 3223 1132 3276 in
1161 3238 1246 3296 regno
1262 3224 1397 3281 colorum
1426 3228 1541 3295 (llcttla
1578 3236 1682 3305 xvur),
1708 3260 1720 3285 .
1749 3238 1851 3295 Pulchre

181 3327 304 3386 extrahet
326 3323 407 3379 illum
421 3321 466 3379 dia
480 3320 615 3377 Sabbatii
629 3320 662 3375 Et
678 3335 732 3377 non
743 3326 869 3391 poterant
883 3320 917 3375 ad
932 3320 984 3376 boc
1034 3317 1135 3375 dicitur
1151 3337 1158 3374 :
1181 3320 1281 3378 «Tunc
1297 3321 1349 3377 erit
1363 3323 1410 3378 tibi
1425 3325 1531 3397 gloria,
1550 3351 1564 3377 s
1585 3347 1627 3387 ne
1643 3348 1722 3390 nunc
1736 3336 1771 3392 ad
1796 3337 1849 3408 ple·

180 3423 349 3496 respondere
362 3420 435 3476 illi·
447 3419 511 3475 ldeo
522 3424 584 3474 ante
591 3416 742 3475 Pharisaeos
754 3416 933 3489 hydropicum
945 3432 985 3473 sa·
1034 3423 1098 3462 num
1114 3407 1181 3463 “³¹5⁸
1196 3408 1320 3483 recitem
1336 3412 1406 3483 qnod
1436 3412 1486 3468 ‘ibi
1507 3424 1647 3475 Wlfflin?
1661 3422 1690 3476 5¹¹
1709 3421 1774 3480 5⁰0·
1789 3425 1848 3481 ffissl

181 3519 238 3579 nst,
258 3520 360 3569 etmox
389 3515 486 3565 eontra
499 3506 644 3563 avaritiam
658 3505 788 3577 disputat,
804 3513 834 3561 ut
847 3522 896 3578 per
923 3505 984 3576 ejus
1036 3496 1163 3552 Salomon
1178 3498 1239 3552 ait:
1271 3520 1281 3546 ι
1305 3499 1453 3557 llaereditas
1479 3503 1517 3558 ad
1538 3521 1634 3579 quarn
1650 3508 1847 3568 testinarrru

181 3598 372 3669 egritudinem
387 3594 508 3666 corporis
522 3594 550 3649 in
565 3593 620 3649 illis
634 3594 834 3665 exprimeretur
846 3595 982 3666 agritudo
1035 3594 1169 3667 principio
1197 3595 1226 3650 in
1240 3596 1388 3653 novissimo
1402 3597 1608 3661 benedictione
1625 3609 1739 3664 carebit
1763 3614 1843 3677 (Pron.

181 3696 293 3762 mentis,
318 3701 345 3751 et
364 3691 516 3763 corporalis
535 3689 661 3762 exemplo
683 3690 829 3747 curationis
844 3691 982 3748 discerent
996 3653 1019 3719 G
1034 3682 1096 3752 ¹¹)·
1120 3706 1130 3729 t
1148 3683 1178 3737 ¹¹¹
1202 3682 1253 3739 ¹¹⁸⁰
1276 3683 1358 3740 eiiam
1380 3686 1437 3742 Vim
1464 3687 1585 3747 h¹¹¹¹¹ffi⁸
1618 3696 1792 3755 subflfflffll
1821 3701 1844 3755 ll

181 3783 363 3860 spiritualiter
377 3780 479 3838 curari.
494 3779 683 3852 Congruenter
701 3778 782 3836 etiarn
799 3780 980 3852 hydropicum
1033 3770 1159 3827 Ecclesia
1193 3771 1229 3829 ad
1256 3772 1361 3844 maj0ra
1390 3773 1464 3832 dona
1484 3780 1583 3835 sancti
1612 3780 1741 3857 Spiritus
1765 3789 1841 3861 impe·

182 3872 296 3935 animali
312 3870 385 3944 quod
398 3868 497 3926 cecidit
510 3868 538 3923 in
561 3874 672 3939 puteum
695 3876 843 3937 comparat.
859 3868 980 3924 llumore
1033 3869 1141 3927 tranda.

181 3973 254 4032 enirn
268 3969 388 4029 laborat.
406 3968 459 4023 Eos
473 3973 500 4023 et
516 3964 609 4021 asinus
624 3963 761 4036 sapientes
774 3973 801 4022 et
816 3964 929 4022 hebetes
939 3966 979 4022 εἰ.
1073 3982 1083 4007 n
1107 3956 1178 4029 Quia
1193 3958 1284 4015 omnis
1298 3958 1344 4033 qui
1359 3976 1388 4016 se
1403 3960 1506 4018 exaltat
1519 3962 1742 4041 humiliabitur,
1765 3974 1837 4047 etqui

182 4060 324 4136 gummi,
338 4057 387 4113 vsl
400 4056 451 4113 hos
476 4054 605 4127 poputum
618 4051 754 4129 siguificat
769 4054 836 4125 jugo
851 4053 922 4126 legis
935 4062 979 4110 at·
1032 4062 1063 4103 se
1091 4046 1215 4103 humiliat
1229 4046 1403 4105 exaltabitur.
1423 4071 1435 4097 a
1451 4048 1506 4120 Qui
1521 4069 1554 4111 se
1586 4055 1706 4118 incaute
1716 4064 1752 4120 de
1764 4064 1835 4119 meri·

181 4151 294 4219 tritum;
311 4146 405 4203 asiam
418 4143 549 4218 gentilem
564 4142 695 4215 populum
717 4141 792 4199 nulla
807 4143 912 4200 ratione
926 4143 979 4200 do-
1033 4145 1065 4201 tis
1079 4144 1189 4211 allevat,
1205 4143 1389 4201 humiliabitur
1403 4160 1421 4202 a
1448 4147 1585 4221 Domino,
1599 4162 1630 4211 et
1644 4157 1670 4212 si
1686 4174 1834 4217 noemma

184 4249 294 4309 mitum·
306 4245 383 4318 quasi
413 4243 514 4300 „nimai
543 4241 671 4298 “oppdum
698 4249 724 4299 gp
747 4241 867 4299 brutum,
892 4243 978 4299 Nora
1030 4232 1188 4289 hominibus
1201 4253 1208 4301 ;
1222 4240 1249 4288 et
1263 4233 1308 4307 qui
1318 4234 1432 4308 pmvide
1446 4250 1478 4292 se
1492 4236 1528 4294 de
1538 4239 1833 4313 benefactishumilist

181 4344 264 4408 putao
279 4332 510 4404 concupiscentiae
537 4331 664 4387 Salvator
692 4331 808 4387 extrahit
836 4349 843 4386 :
881 4347 978 4387 omnes
1030 4322 1240 4379 elflllflbiffllflb
1255 4339 1298 4379 00·

180 4425 252 4481 enim
267 4428 460 4494 peccaverunt.
1206 4421 1245 4476 br
1260 4422 1382 4479 evantio
1397 4426 1426 4479 ct
1440 4423 1502 4497 eius
1517 4431 1664 4489 remedio.

217 4519 504 4576 ‹Dicebateutemet
532 4515 566 4571 ad
591 4515 903 4586 invitatosparebolam,
929 4518 975 4573 in·
1065 4518 1291 4575 Avaritiemultis
1317 4527 1343 4574 et
1357 4518 1542 4578 ineffabilibus
1570 4528 1670 4585 modis
1695 4532 1832 4589 humanum

179 4604 976 4679 tendensquomodoprimosaccubituseligerent,dicens
1030 4625 1117 4682 genus
1135 4616 1255 4664 atterens
1274 4615 1301 4666 ct
1319 4606 1462 4676 internus,
1494 4621 1521 4667 at
1560 4613 1627 4686 ipsa
1651 4620 1691 4676 de
1717 4622 1832 4695 superbis

178 4698 289 4756 adillos
305 4714 312 4753 ι
328 4695 397 4752 Cum
422 4693 552 4749 inritatus
567 4690 652 4748 lucris
666 4693 831 4764 adreptus,
861 4693 975 4750 nondi-
1029 4706 1146 4780 quodam
1167 4704 1247 4761 modo
1264 4704 1401 4780 originem
1429 4706 1553 4777 trahens,
1580 4722 1711 4773 mentem
1727 4720 1832 4775 hominu

179 4796 309 4855 saumhas
322 4792 349 4849 in
364 4790 537 4865 primatem,
557 4806 593 4847 ne
621 4789 691 4849 forte
703 4790 859 4847 honoratior
886 4800 914 4849 te
941 4792 976 4849 sit
1029 4794 1121 4861 allicit,
1137 4801 1166 4850 ut
1181 4793 1322 4852 exteriora
1347 4802 1374 4851 et
1398 4793 1515 4851 visibilia
1543 4796 1623 4857 bona
1657 4804 1724 4863 sola
1741 4807 1832 4879 diligat

178 4885 307 4943 invitatus
320 4880 356 4938 ab
371 4896 415 4950 eo,
430 4887 458 4937 et
478 4877 592 4937 veniens
607 4878 629 4935 is
645 4878 690 4951 qai
709 4886 735 4937 te
749 4877 863 4936 stillum
891 4896 974 4937 voca-
1029 4884 1213 4955 concupiscat,
1242 4892 1269 4941 et
1296 4898 1328 4938 ea
1343 4898 1451 4939 summa
1465 4884 1575 4957 eredat,
1609 4906 1645 4949 ac
1661 4896 1748 4952 variis
1772 4896 1832 4955 eura

178 4974 221 5031 vit
234 4980 261 5032 at
276 4971 349 5029 dicat
362 4968 411 5027 tibi
428 4985 434 5024 :
459 4969 501 5025 ba
514 4966 577 5023 huic
604 4967 705 5025 lacurn.
721 4967 756 5023 Et
770 4976 834 5025 tunc
860 4968 974 5041 incipias
989 5008 1017 5072 D
1030 4980 1065 5039 ad
1088 4996 1121 5037 ea
1156 4978 1332 5052 acquirenda,
1360 4979 1570 5052 multiplicanda
1601 4991 1832 5066 custodiendaque

178 5085 240 5131 aum
255 5070 356 5129 rubore
370 5065 549 5124 novissimum
562 5064 654 5122 locum
678 5072 784 5123 tenera
800 5088 811 5115 ι
828 5066 974 5123 lutendens
1030 5069 1155 5127 animum
1171 5075 1198 5123 et
1209 5067 1323 5126 labores
1349 5066 1502 5140 impendat.
1532 5070 1702 5135 Nonnullos
1715 5082 1788 5137 enirn
1803 5082 1831 5135 ita

177 5159 313 5231 quomodo
328 5155 469 5227 deprimis
484 5153 652 5212 accubitibus
676 5152 801 5211 laborent
824 5154 867 5213 vol
882 5154 973 5213 inten-
1028 5155 1166 5215 desiderio
1179 5172 1274 5215 eorum
1290 5154 1352 5214 lacit
1365 5155 1563 5229 exardescere,
1578 5170 1612 5219 ut
1635 5180 1671 5223 ea
1687 5169 1772 5227 etiarn
1791 5184 1832 5243 per

177 5247 246 5303 dens
258 5247 286 5302 in
297 5243 421 5303 doctrina
434 5260 482 5301 sua
496 5242 634 5316 quomodo
648 5241 766 5298 debeant
779 5243 922 5301 accubitus
945 5244 973 5300 in
1028 5256 1118 5315 ,celus
1130 5255 1273 5329 acquirere
1288 5254 1332 5313 vel
1347 5254 1498 5325 vindicare,
1512 5272 1573 5315 non
1597 5260 1735 5324 timentes
1759 5267 1828 5325 bella

177 5342 302 5402 Ecclesia
315 5343 419 5415 eligere
431 5343 512 5399 docet
526 5339 705 5397 humilitatem
719 5358 775 5399 non
795 5342 882 5398 solum
900 5343 973 5414 apud
1027 5344 1185 5414 homicidia,
1214 5343 1335 5415 rapinas,
1349 5343 1507 5413 violentias,
1530 5348 1660 5421 predas,
1676 5356 1827 5429 sacrilegia,

177 5434 266 5491 Deum
280 5436 328 5488 sed
343 5430 423 5486 etiam
437 5431 508 5502 apud
537 5429 671 5486 homines.
700 5432 735 5488 Et
760 5431 886 5505 quoniam
914 5433 972 5490 baec
1026 5434 1104 5503 furta,
1121 5433 1187 5490 falsa
1202 5432 1366 5498 testimonia,
1382 5432 1666 5509 perjuriqtrsudss,
1683 5444 1826 5507 meabas,

177 5519 326 5581 admonitio
340 5519 376 5576 ab
390 5520 557 5591 evangeliste
573 5528 686 5576 vocatur
700 5519 838 5592 parabola,
867 5521 971 5579 intuen·
1025 5530 1099 5596 lites,
1129 5529 1214 5598 rixas,
1230 5528 1425 5601 oppressiones
1448 5534 1627 5593 suorumve!
1650 5542 1827 5613 quorumlihet

174 5620 241 5677 dum
269 5624 311 5673 est
339 5611 404 5686 quid
432 5614 570 5686 designet.
602 5614 709 5688 Nuptiae
735 5626 799 5674 suut
814 5621 970 5689 coniunctio
1025 5616 1423 5686 interioruminhumanitates,
1442 5616 1605 5691 primorum
1615 5624 1826 5703 deceptioaasat

174 5707 273 5766 Christi
288 5714 314 5765 et
328 5700 469 5763 Ecclesiae.
486 5702 566 5760 Unde
577 5703 764 5762 ltattheussit
779 5724 787 5766 ;
806 5706 916 5766 “Simile
927 5708 969 5765 ia·
1024 5706 1282 5777 sliabujusrnodiad
1292 5704 1433 5764 lesionem
1444 5706 1571 5779 proximi
1580 5726 1635 5771 seu
1645 5724 1824 5793 contemptun
