3780 6038
57 203 109 257 tut
521 200 812 259 DEFLOllthONllS
831 201 885 261 SS.
907 202 1060 260 PATRUM.
1073 232 1110 247 -
1123 202 1188 259 uta.
1208 204 1231 259 1.
1650 214 1702 267 uta

55 326 223 383 nativitatem
236 326 409 401 distinguite
429 327 544 387 carnali.
574 329 618 384 Ex
641 328 741 400 Spiritu
757 334 853 387 sancto
867 303 895 366 Ᾰ
908 332 1022 389 P0⁸⁸¹¹¹¹¹
1036 316 1170 375 ⁸⁰⁵⁰li⁸¹0
1184 317 1322 389 delectum
1342 334 1358 373 ⁸
1372 319 1462 389 V⁰bl³2
1474 322 1549 394 (ιῦοἀ
1564 330 1704 381 tirrenum

54 414 167 486 spiritus
181 424 285 485 noster,
301 416 330 472 id
339 423 382 472 est
391 416 490 486 aalma,
503 415 626 473 nascitur
640 416 668 471 in
679 418 744 485 Deo,
758 416 853 474 cumei
907 414 960 471 ⁹⁸¹·
986 407 1123 478 quomodo
1146 406 1258 465 ὓῑθῦῑῑῑθ
1287 406 1351 479 ‘1⁰5³
1368 424 1418 481 Pes
1440 410 1565 483 Didium
1588 420 1705 485 t>0⁵³1¹¹1⁸

53 527 106 584 per
119 512 249 585 gratiam,
266 529 328 584 qum
338 514 455 585 Spiritus
468 522 580 571 sanctus
605 513 774 587 intelligitur,
792 530 856 587 pec-
909 495 1033 551 h⁰¹¹¹l¹¹⁰⁵
1042 496 1198 568 sidenem
1213 498 1227 551 ‘3
1241 496 1318 553 Num
1329 504 1424 555 ‘imin
1433 515 1484 572 Pel
1493 501 1705 574 increpationem

52 609 113 655 eata
127 601 308 670 remittuntur,
331 619 366 658 ne
380 605 525 674 propterea
539 602 720 659 damnationis
744 619 855 675 poeniim
908 592 1046 648 invitatum
1062 594 1096 649 td
1117 594 1294 652 humlilldlem
1314 594 1423 652 intituli
1444 597 1533 655 adhuc
1557 599 1592 656 de
1615 599 1706 656 divim

53 685 187 742 incurrat.
206 686 268 741 Non
295 687 368 743 enim
395 702 471 754 earo,
500 686 549 742 sed
577 687 669 743 anima
696 696 786 759 potest
811 687 856 744 vel

55 773 162 845 puniri.
185 797 197 823 u

97 896 108 921 a
125 872 189 928 Non
204 871 311 928 mireris
326 871 456 945 quiadixi
470 872 519 928 tibi
536 888 542 928 :
560 871 675 945 Oportet
702 889 752 931 vos
779 873 856 932 nasci

58 959 161 1018 denuo.
178 960 295 1032 Spiritus
310 961 359 1017 ubi
374 961 430 1017 vult
441 960 536 1029 spirat,
549 970 575 1017 et
585 978 683 1019 vocem
694 963 752 1033 ejus
766 964 856 1032 audis,

59 1058 87 1105 et
102 1065 157 1105 non
172 1049 311 1107 scisunda
334 1050 428 1107 verriat
456 1060 481 1106 ει
511 1067 565 1123 quo
593 1052 719 1108 vadat.»
745 1051 790 1108 Sic
817 1059 858 1107 est

58 1146 149 1203 omnia
165 1146 210 1219 qui
225 1155 362 1203 natusest
377 1164 410 1203 ex
426 1147 532 1218 spiritu.
553 1147 669 1217 Spiritus
696 1156 856 1220 potestatem

57 1236 143 1291 habet
158 1236 255 1308 quibus
280 1236 339 1293 vult
367 1236 486 1311 gratiam
514 1235 682 1292 remissionis
704 1237 856 1308 impertire,

59 1333 87 1381 et
106 1341 200 1381 uocem
230 1327 289 1394 ejus
317 1324 489 1397 corporalem
517 1325 596 1381 audis
618 1342 651 1381 eo
676 1324 804 1398 loquente
830 1328 858 1382 in

60 1414 164 1470 sanctis
178 1415 414 1484 praedicatoribus,
426 1415 501 1484 juxta
515 1414 582 1469 illud
596 1430 602 1468 τ
617 1437 628 1463 v
645 1416 706 1470 Non
721 1414 793 1470 enim
808 1431 858 1472 vos

57 1503 134 1571 estis,
153 1503 199 1574 qui
214 1502 365 1575 loquimini,
389 1505 437 1559 sed
453 1503 569 1575 Spiritus
593 1504 679 1559 Patris
707 1504 790 1560 vestri
812 1504 859 1577 qui

910 688 937 737 ει
951 682 1071 737 humana
1088 682 1130 738 sui
1144 684 1294 750 nativitate,
1308 685 1344 741 de
1356 686 1484 757 passione
1504 696 1532 743 et
1544 688 1706 746 ascensione

910 779 936 826 ει
950 770 1011 826 aliis
1025 771 1159 842 pluribus.
1175 772 1253 831 Unde
1276 773 1396 846 sequitur
1412 792 1419 830 z
1437 798 1449 823 v
1466 776 1497 831 Ει
1512 792 1593 833 nemc
1606 792 1705 834 ascen-

910 868 950 924 dit
964 869 991 925 in
1008 871 1116 937 culum,
1131 870 1185 927 nisi
1199 872 1246 942 qui
1258 872 1293 928 dc
1304 873 1373 931 coelo
1388 874 1531 930 descendit
1553 876 1638 933 Filius
1652 878 1706 934 ho-

911 957 994 1012 minis
1013 958 1058 1030 qui
1083 967 1125 1013 est
1154 959 1182 1013 in
1205 960 1287 1027 coelo,
1310 982 1322 1012 s
1354 962 1442 1018 Nemo
1463 964 1597 1032 ascendit,
1616 964 1644 1020 id
1664 973 1708 1023 est

911 1046 1064 1102 ascendere
1077 1045 1152 1115 lacit,
1167 1048 1202 1102 ad
1214 1049 1391 1104 eminentiam
1417 1068 1544 1123 supernae
1562 1053 1633 1120 vitm,
1652 1054 1707 1110 nisi

911 1143 956 1214 qui
970 1143 1034 1200 iude
1048 1143 1190 1201 deseendit
1205 1144 1372 1201 humiliando
1386 1162 1426 1214 se,
1450 1147 1478 1204 id
1492 1159 1534 1205 εει
1548 1150 1631 1206 Filius
1645 1151 1706 1218 Dei,

912 1231 1015 1303 quiesi
1031 1232 1151 1287 Varhnm
1175 1234 1274 1301 Patris,
1299 1241 1421 1291 nostram
1442 1240 1607 1295 assumendo
1628 1238 1706 1295 intir-

912 1321 1044 1385 mitatem‚
1074 1322 1225 1378 secundum
1260 1337 1342 1394 quarn
1368 1323 1459 1379 minor
1491 1325 1589 1382 dicitur
1616 1329 1705 1384 Patra.

913 1408 1071 1475 Descendit,
1085 1408 1206 1481 inquam,
1223 1426 1273 1482 per
1287 1413 1339 1468 hoc
1354 1409 1429 1466 filius
1443 1413 1560 1469 bominis
1582 1415 1705 1485 allectus,

913 1497 1058 1569 quitnmen
1072 1498 1100 1552 in
1116 1499 1184 1556 coelo
1208 1507 1259 1566 est,
1289 1500 1342 1555 hoc
1369 1500 1461 1556 estin
1485 1502 1530 1557 illa
1553 1504 1707 1575 aequalitate

56 1599 180 1673 loquimr
194 1601 222 1655 in
238 1601 317 1657 roua
333 1602 444 1673 (uasta.
460 1604 499 1673 x.)
519 1628 530 1653 „
550 1602 745 1660 Verumtamen
774 1604 858 1675 igno·
914 1585 1001 1640 Patris
1016 1603 1096 1659 auam
1111 1595 1192 1643 antea
1205 1587 1306 1645 habuit·
1323 1591 1478 1645 assumens
1506 1591 1610 1663 auitae
1635 1593 1708 1666 quod

56 1706 105 1745 rii
132 1705 166 1745 an
195 1689 241 1745 iiia
270 1706 321 1745 voi
349 1708 400 1762 pei·
427 1691 634 1765 intelligentiam
661 1694 696 1748 aii
724 1692 857 1765 quosdam
914 1692 1052 1752 nouerat,
1069 1684 1307 1756 nonamiaitqustl
1330 1694 1404 1741 arat.
1423 1687 1508 1742 hliter
1525 1703 1531 1743 ε
1548 1690 1622 1744 Deus
1636 1689 1709 1745 divi-

57 1779 588 1851 ueniat,idestdequacausaeodem
617 1779 719 1852 Spiritu
746 1790 858 1854 iginii,
912 1771 1025 1827 ivitatem
1049 1789 1127 1827 suam
1160 1787 1215 1828 non
1239 1773 1381 1845 indignam
1398 1776 1502 1832 censuit
1526 1778 1636 1834 nomine
1661 1777 1709 1834 lilii

58 1875 170 1947 quidam
184 1876 303 1932 tortasse
318 1876 408 1931 minus
422 1878 521 1933 eruditi
542 1893 639 1934 vocem
655 1878 730 1935 illurn
756 1878 860 1934 intelli·
912 1859 1040 1957 bominis,
1065 1861 1135 1916 Sissui
1155 1876 1268 1917 “inem
1289 1878 1368 1917 Suam
1389 1863 1516 1933 dillflffl
1539 1873 1581 1921 0⁸⁸
1599 1866 1709 1923 ⁰⁰¹¹¹l¹¹⁰

58 1973 134 2039 gani,
144 1973 171 2019 ,i
181 1981 246 2036 quo,
257 1965 284 2020 pl
296 1973 390 2036 ,gimo
401 1967 557 2038 quomodo,
567 1968 691 2023 „daiap
707 1967 767 2023 app,
780 1984 859 2040 (ωηο
913 1947 974 2003 Frhi
990 1948 1051 2016 Dei,
1068 1966 1102 2005 ne
1120 1949 1199 2021 quasi
1214 1949 1269 2006 duo
1284 1951 1385 2006 Christi
1400 1951 1550 2008 diceretur.
1566 1954 1599 2008 Et
1612 1954 1648 2009 ita
1659 1971 1711 2025 per

58 2053 263 2125 paenitentibus,
279 2054 332 2111 hoc
347 2063 389 2109 est
404 2055 465 2111 sina
479 2056 661 2128 intelligentia
675 2065 796 2113 trauseat
823 2058 859 2113 ai)
912 2044 1225 2103 distantiamdivinitatis
1235 2055 1261 2102 et
1269 2045 1444 2113 infirmitatis,
1468 2048 1552 2105 Silius
1559 2050 1609 2106 Dei
1619 2067 1710 2107 mana·

59 2150 128 2206 ipis·
146 2151 498 2209 Adhunemodumfiiip,
520 2153 646 2210 mistim,
674 2172 734 2226 qum
762 2164 804 2210 es,
825 2171 859 2211 θ,
912 2132 1091 2201 batincmlo,
1109 2133 1180 2190 tilius
1197 2135 1317 2191 hominis
1338 2137 1464 2191 manebat
1491 2137 1519 2192 in
1547 2144 1637 2194 terra.
1657 2140 1709 2195 Per

59 2240 170 2311 spiritu,
189 2248 214 2297 ιε
229 2240 357 2297 videlicet
380 2242 531 2310 nesciente,
560 2242 696 2300 discutere
722 2245 859 2316 quornodo
913 2230 1043 2287 uniifliem
1059 2247 1122 2289 Veli)
1137 2249 1272 2304 D⁸l⁸0¹¹aer
1285 2249 1347 2305 (1¹¹ae
1359 2234 1388 2288 1¹¹
1403 2233 1510 2289 duablss
1520 2235 1623 2291 ⁰⁸²¹¹¹i⁸
1639 2252 1710 2293 ”¹¹⁰⁸

59 2329 89 2384 id
105 2329 222 2401 Spiritus
233 2329 405 2386 invisibiliter
420 2340 495 2404 agat,
512 2331 572 2387 ubit
586 2332 645 2403 ipsa
663 2333 730 2387 nihil
756 2349 859 2404 corpo·
913 2327 1036 2384 chrislus
1050 2338 1100 2397 esi,
1117 2339 1144 2385 tl
1155 2331 1237 2387 Filitffi
1252 2330 1302 2387 ὓθὶ
1329 2330 1489 2387 ambulabat
1508 2331 1537 2387 1¹1
1555 2339 1629 2388 ¹01¹*
1645 2350 1652 2397 t
1681 2339 1709 2389 0¹

59 2418 157 2474 ralitcr
172 2426 308 2490 operatur.
324 2420 366 2475 Na
386 2420 495 2475 mireris
508 2437 576 2493 ergo
603 2422 639 2477 de
665 2422 727 2489 huc,
756 2421 861 2478 scilicet
910 2416 1143 2489 idemipseFrlius
1154 2419 1612 2479 hominusdiciturdascendissede
1625 2422 1708 2490 cmlo,

60 2516 135 2588 quud
151 2517 244 2590 agitur
257 2517 353 2588 spiritu
366 2517 393 2572 in
407 2518 455 2574 illa
472 2519 659 2592 generatione,
690 2519 714 2575 si
741 2520 858 2576 nescias.
912 2514 939 2562 01
953 2516 1016 2563 ³⁰²⁶
1040 2510 1195 2579 D³S⁸l01¹⁰¹ss
1207 2509 1291 2565 sulm
1301 2510 1328 2564 ln
1342 2508 1423 2567 0oe10·
1435 2510 1539 2567 semus
1553 2527 1622 2583 01'80
1648 2521 1710 2573 0⁸²²

57 2605 155 2661 Velim
173 2620 179 2660 :
196 2605 313 2676 Spiritus
327 2606 354 2660 in
374 2615 510 2677 potestate
531 2608 612 2663 habet
636 2614 668 2663 ut
690 2608 768 2678 cujus
793 2609 859 2676 vult,
911 2601 1000 2657 Nemo
1010 2603 1134 2659 ascendit
1148 2603 1175 2659 in
1190 2604 1301 2672 coelum,
1328 2604 1371 2660 usi
1396 2605 1520 2662 Christus
1543 2606 1572 2661 in
1592 2622 1711 2679 corpora

58 2709 109 2750 cor
123 2693 248 2762 illustret,
265 2694 339 2761 etsi,
356 2702 383 2751 te
398 2697 557 2766 poenitente,
567 2696 722 2769 quempiam
737 2697 861 2753 adhonra
912 2715 973 2768 suo,
984 2700 1056 2772 quod
1072 2711 1113 2755 est
1126 2700 1263 2758 Ecclesia.
1279 2702 1430 2773 Propterea
1439 2719 1555 2777 namque
1569 2703 1712 2761 deseendit

58 2789 220 2860 repleverit,
237 2804 333 2847 vocem
350 2791 461 2863 quidem
472 2793 532 2862 ejus
556 2794 666 2864 spiritus
693 2793 783 2859 audis,
809 2792 859 2848 sed
911 2789 979 2843 utin
994 2787 1062 2844 cmlo
1077 2797 1104 2844 et
1117 2805 1181 2845 cum
1193 2790 1240 2846 illo
1255 2807 1339 2846 unum
1367 2799 1460 2848 essent
1484 2793 1530 2865 qui
1558 2809 1608 2864 per
1634 2793 1711 2849 illurn

58 2894 115 2933 non
128 2879 181 2934 scis
191 2879 262 2935 unde
273 2880 363 2935 veniat
374 2887 465 2953 atquo
476 2882 566 2951 vadat,
578 2882 801 2954 idestquomodo
811 2897 860 2938 cor
912 2877 1054 2932 ascensuri
1080 2885 1167 2933 evanl-
1185 2878 1319 2934 Dominus
1338 2881 1462 2937 ascendit
1477 2894 1484 2947 ;
1499 2896 1602 2952 corpus
1621 2890 1710 2938 autem

58 2966 132 3023 illius
144 2968 295 3037 intraverit,
313 2969 356 3024 vel
371 2970 508 3041 qnornodo
524 2971 643 3026 redierit.
664 2972 772 3026 Natura
787 2971 859 3027 enim
913 2982 968 3021 nan
983 2967 1117 3030 ascendit,
1134 2966 1183 3023 sed
1195 2967 1313 3023 levatum
1328 2969 1410 3025 estin
1425 2968 1523 3027 caelum
1539 2970 1585 3026 illo
1602 2970 1712 3027 levante

63 3056 212 3111 invisibilis
229 3066 280 3113 est.
297 3058 342 3115 Sic
355 3058 530 3115 invisibiliter
543 3060 635 3131 incipit
663 3067 773 3116 renatus
796 3016 899 3117 esseC

59 3164 163 3227 agente
202 3157 314 3228 Spiritu,
344 3158 417 3229 quod
444 3174 500 3213 non
528 3167 595 3222 erat,
625 3159 661 3213 ita
687 3167 717 3215 ut
741 3155 859 3214 infidelis

58 3246 163 3301 nesciat
178 3245 251 3301 unde
267 3246 365 3314 veniet,
382 3255 409 3302 et
435 3262 489 3318 quc
516 3248 608 3315 vadat,
634 3246 661 3301 in
690 3264 743 3319 qua
771 3246 860 3318 gratia

56 3335 150 3390 veniat
164 3334 191 3389 in
204 3334 376 3406 adoptionem
392 3333 510 3391 filiorum
526 3336 586 3402 Dei,
602 3343 629 3391 et
644 3337 723 3391 vadat
738 3336 765 3391 in
793 3352 859 3407 per-

57 3432 213 3502 ceptionem
227 3431 348 3489 coelestis
363 3432 451 3504 regni.
468 3430 535 3501 Qum
550 3431 614 3505 quia
643 3432 782 3505 incognita
797 3441 861 3489 sunt

57 3521 173 3589 carnali,
190 3521 288 3576 ilerum
304 3521 412 3593 quaerit.

94 3627 274 3699 «Respondit
294 3627 471 3695 nicodemus,
499 3636 526 3685 ει
547 3628 614 3684 dixit
637 3628 662 3685 ci
684 3646 691 3684 ε
716 3628 859 3698 Quomodo

57 3723 177 3790 possunt
191 3716 249 3771 haec
264 3714 324 3771 lieri
338 3717 353 3769 ‘t
368 3716 519 3787 Respondit
531 3718 621 3783 lesus,
637 3725 664 3774 et
678 3717 745 3773 dixit
760 3718 785 3773 ei
801 3719 861 3775 :Tu

59 3821 91 3861 es
107 3804 241 3877 magister
257 3805 284 3861 in
299 3805 394 3875 lsrael,
411 3813 438 3862 ει
454 3807 511 3863 haec
525 3806 660 3879 ignoras‘?
673 3830 684 3855 a
698 3805 770 3876 Quid
780 3806 860 3879 quasi

59 3893 206 3950 insultabat
216 3894 348 3950 Dominus
364 3895 642 3967 magistrotl'olebat
652 3896 727 3951 illum
743 3897 861 3953 nascier

60 3993 158 4065 spiritu
176 3994 267 4066 :quod
283 3993 385 4066 nequit,
404 3994 456 4049 nisi
472 3995 593 4050 humilis.
611 3995 658 4050 llle
672 4004 761 4051 autem
777 3995 859 4051 intla-

61 4098 106 4145 tus
121 4100 186 4157 erat,
204 4099 231 4147 ει
244 4090 361 4160 alicujus
385 4093 515 4147 morvienti
538 4093 590 4147 sibi
613 4108 677 4150 esse
705 4093 859 4161 videbatur,

61 4178 125 4252 quin
140 4181 236 4236 docter
250 4189 306 4236 erat
316 4180 484 4236 ludmorum.

102 4310 113 4335 u
130 4288 227 4354 Amen,
244 4301 324 4342 amen
339 4287 401 4342 dico
417 4286 476 4345 tihi.
487 4286 552 4358 quia
562 4287 636 4360 quod
650 4288 752 4345 scimus
768 4288 861 4361 loqrri-

914 3065 960 3137 qui
976 3065 1111 3120 ascendit.
1143 3065 1172 3121 Si
1195 3066 1255 3136 quis
1275 3066 1345 3121 eninr
1366 3066 1517 3132 descendit,
1533 3068 1610 3124 verbi
1624 3069 1711 3141 gratia

913 3151 1056 3209 demente
1071 3154 1164 3210 nudus
1179 3173 1187 3219 ;
1207 3170 1268 3209 eum
1283 3162 1375 3211 autem
1389 3156 1554 3225 ascenderit,
1570 3158 1667 3213 vestiat
1681 3172 1712 3217 sa

914 3250 1009 3298 recte:
1030 3243 1123 3315 utiquc
1147 3241 1263 3299 dicimus
1286 3259 1368 3300 nemo
1392 3245 1517 3300 ascendit
1530 3244 1585 3300 nisi
1600 3245 1647 3318 qui
1661 3246 1714 3301 de-

914 3339 1021 3396 scendit
1036 3358 1043 3404 ;
1060 3356 1112 3397 nec
1126 3348 1229 3397 vestem
1244 3341 1452 3398 consideramus
1467 3358 1548 3414 quam
1563 3359 1656 3399 secum
1676 3343 1716 3401 lav

913 3430 996 3497 savit,
1017 3430 1068 3485 sed
1087 3429 1177 3502 ipsum
1214 3430 1260 3503 qui
1279 3431 1393 3488 vestitus
1430 3438 1472 3487 est
1489 3435 1579 3488 solum
1596 3432 1714 3491 dicimus

913 3518 1081 3575 ascendisse.

953 3648 964 3674 a
981 3626 1014 3679 Et
1028 3624 1097 3681 sicut
1107 3625 1216 3698 Moyses
1230 3625 1361 3682 exaltavit
1378 3631 1537 3698 serpentem
1553 3627 1579 3683 in
1590 3628 1713 3698 deserto,

914 3721 953 3778 ita
968 3722 1080 3778 exaltari
1108 3732 1216 3794 oportet
1248 3724 1344 3779 Filium
1364 3725 1491 3794 hominia,
1512 3732 1541 3781 ut
1559 3727 1649 3783 omnis
1667 3728 1715 3801 qui

915 3810 1004 3867 credit
1017 3811 1046 3865 in
1061 3812 1162 3883 ipsum,
1178 3828 1234 3869 nun
1246 3823 1349 3885 pereat,
1365 3814 1416 3870 sed
1429 3813 1527 3871 habeat
1541 3815 1625 3871 vitam
1640 3824 1715 3872 mter·

914 3916 987 3955 nam.
1000 3922 1011 3949 a
1034 3902 1169 3957 Pertaesus
1184 3902 1209 3957 in
1225 3917 1319 3959 eremo
1334 3902 1411 3976 longi
1423 3903 1529 3959 laboris
1541 3903 1715 3974 populusDei

915 3999 1091 4053 murmuravit
1123 4006 1217 4055 eontra
1236 4000 1382 4056 Dominum
1403 4008 1430 4055 ει
1447 4001 1574 4071 hloysen.
1594 4001 1715 4072 ldecqns

917 4087 1049 4143 Dominus
1067 4087 1180 4142 immisit
1211 4087 1239 4143 in
1258 4088 1333 4142 illum
1352 4087 1454 4160 ignitos
1473 4097 1625 4159 serpentes.
1646 4089 1713 4146 Cum

915 4174 999 4247 igitur
1012 4176 1120 4245 hlei-ses
1152 4184 1268 4239 orasset,
1285 4175 1366 4244 jussit
1391 4192 1453 4231 eum
1472 4177 1604 4235 Dominus
1623 4177 1716 4235 lacera

917 4271 1073 4335 serpentem
1088 4272 1246 4331 enormes
1264 4263 1354 4336 plagis
1372 4280 1521 4337 percussos
1548 4267 1672 4338 aspicere
1686 4268 1715 4323 in

59 4391 132 4445 mur,
149 4384 176 4431 ει
190 4376 264 4447 quod
280 4375 396 4431 vidimus
411 4382 553 4445 testamur,
570 4386 596 4431 et
611 4378 798 4433 testimonium
814 4394 864 4435 no·
877 4376 906 4443 D
917 4378 990 4429 eum»
1011 4372 1039 4417 ¹³1
1058 4362 1194 4418 viverent·
1218 4361 1272 4431 Qui
1290 4370 1355 4418 ⁸⁰⁰²
1374 4371 1514 4434 ει’·ΓΡθῦῑθΙ
1533 4364 1715 4421 ῐῦθΐάθῦῑθῦῗ

58 4481 146 4528 strum
158 4489 211 4528 non
227 4473 366 4544 accipitis.
386 4496 398 4522 v
416 4474 445 4530 Si
459 4482 553 4530 essent
568 4476 684 4532 humiles
699 4493 736 4532 ex
760 4477 860 4548 spiritu

58 4562 128 4630 nati,
144 4562 288 4618 crederent
302 4579 334 4617 ea
354 4579 415 4631 quim
436 4563 570 4619 Dominus
593 4580 654 4620 cum
679 4566 821 4637 prophetis
832 4574 861 4622 ει

58 4652 192 4721 apostolia
207 4658 319 4706 testatur
333 4651 400 4707 ioris
416 4654 518 4707 mundo
533 4653 567 4708 de
583 4653 625 4708 his
643 4672 705 4725 vium
729 4655 861 4709 videnlur

58 4740 88 4795 in
104 4740 263 4795 abscondito
278 4741 336 4795 Dei.
354 4742 534 4811 livarrgelista
554 4743 674 4798 loannes
689 4744 716 4797 in
740 4760 860 4799 consue-

57 4829 152 4885 tudine
167 4830 248 4884 habet
263 4830 405 4901 geminare
429 4833 515 4885 hmen
530 4831 558 4885 in
587 4831 792 4889 conlirrnatione
815 4834 861 4889 di·

56 4927 182 4982 vinorum
207 4926 353 4996 uerborun,
370 4926 435 4981 illud
459 4929 604 4984 attendens
631 4930 705 5001 quod
726 4931 861 4986 Dominus

57 5015 114 5071 ait:
129 5038 140 5062 e
154 5015 193 5071 Sit
201 5031 293 5071 sermo
306 5024 397 5071 vester
409 5017 471 5071 :Est
481 5025 531 5083 est,
545 5040 557 5065 ι»
570 5019 623 5074 hoc
633 5027 675 5074 cst
686 5035 736 5089 per
746 5019 862 5090 duplici·

57 5112 143 5160 tatem
154 5103 220 5159 nihil
234 5104 342 5171 dicatis,
358 5105 408 5160 aed
423 5106 492 5161 sieut
507 5106 607 5174 dicitis,
636 5107 784 5178 proferatis
799 5122 859 5174 ore,

56 5202 177 5259 credatis
192 5202 287 5258 corde.
302 5202 366 5259 Tale
381 5211 423 5259 est
443 5219 509 5275 argo
533 5207 630 5272 amen,
659 5220 751 5272 amen,
776 5220 809 5263 ac
836 5205 861 5263 si

55 5291 164 5348 dicarat
179 5308 187 5347 ε
201 5290 338 5359 Geminat,
355 5292 438 5348 idest
452 5292 593 5349 veritatem
608 5300 664 5350 tam
691 5295 747 5352 oris
775 5311 860 5369 quarn

57 5380 153 5437 cordis
167 5381 332 5453 pronuntiat.

94 5494 105 5518 e
122 5470 151 5524 Si
167 5477 276 5526 terrena
289 5470 345 5525 disi
360 5470 448 5539 vobis,
464 5477 492 5527 ει
506 5488 562 5527 non
577 5472 689 5529 creditis
700 5490 708 5531 :
719 5476 860 5547 quomodo

57 5565 82 5620 si
97 5564 193 5621 dixero
207 5566 288 5623 vohis
302 5567 434 5634 caelestis,
451 5568 592 5625 credetis?
608 5572 735 5627 »Sensus
749 5581 791 5629 est
809 5573 859 5631 :Si

57 5669 115 5711 non
136 5653 258 5724 creditis,
286 5672 338 5715 nec
360 5657 443 5715 etiam
461 5656 617 5732 intelligitis
639 5658 703 5733 quia
723 5662 856 5735 templum

915 4459 1043 4514 Peccata.
1063 4457 1131 4527 Quis
1141 4474 1256 4530 serpens
1266 4456 1429 4514 exaltatus?
1446 4459 1568 4514 llortuus
1582 4459 1716 4517 Dominus

913 4546 944 4602 in
959 4563 1051 4613 cruce,
1073 4546 1118 4619 qui
1139 4563 1189 4619 per
1207 4546 1471 4619 effigiemserpentis
1491 4546 1630 4621 liguratur,
1651 4549 1717 4622 quia

915 4663 931 4703 a
950 4655 1076 4718 serpente
1094 4661 1180 4701 mors.
1202 4646 1363 4701 liberantur
1381 4660 1449 4717 ergo
1469 4647 1514 4717 qui
1533 4647 1642 4702 eumin
1662 4648 1716 4704 fide

914 4736 1052 4791 intuentur
1065 4750 1080 4789 a
1094 4734 1184 4806 plagis
1205 4733 1354 4806 ignitorum
1375 4736 1553 4805 serpentium,
1574 4735 1600 4790 id
1621 4743 1662 4791 est
1680 4735 1714 4790 ab

915 4824 1060 4881 incentivis
1075 4823 1210 4888 vitiorum,
1231 4839 1292 4894 quse
1310 4823 1430 4878 animam
1451 4823 1617 4896 pungentia
1636 4838 1714 4880 mor·

916 4921 981 4969 tem.

916 5028 1210 5102 Quidrttlrapttsmus,
1222 5030 1249 5083 ct
1271 5042 1358 5099 paura
1374 5028 1716 5087 sacramentcmiostitu·

1181 5119 1243 5172 tum
1257 5117 1297 5172 ait
1308 5115 1453 5185 baptismi.

956 5230 967 5257 e
983 5205 1142 5277 Quaedtura
1155 5202 1369 5277 nonnullisquid
1379 5204 1413 5259 sit
1424 5203 1584 5277 baptismus,
1591 5210 1621 5263 ct
1628 5222 1724 5281 qnare·

915 5304 1066 5361 institutum
1100 5304 1136 5358 ait
1155 5310 1355 5360 sacramentum
1383 5300 1522 5373 baptismi.
1559 5304 1716 5377 baptismus

915 5394 1008 5467 itaque
1026 5401 1070 5450 est
1105 5408 1174 5466 aqua
1193 5390 1331 5448 diluendis
1367 5390 1527 5448 criminibus
1550 5394 1716 5453 sanctificata

914 5483 1092 5558 perverbum
1106 5483 1168 5538 Dei.
1183 5480 1398 5552 (husuarvrms).
1415 5484 1493 5555 Aqua
1506 5482 1580 5539 enirn
1594 5483 1651 5541 sola
1661 5486 1717 5543 ale·

915 5580 1040 5630 mantum
1054 5586 1117 5628 essa
1129 5577 1239 5643 potest;
1255 5578 1454 5627 sacramentum
1469 5586 1600 5629 essenon
1614 5579 1714 5644 potest,

915 5663 1005 5723 donee
1017 5660 1134 5719 accedat
1146 5659 1263 5719 verbum
1276 5659 1313 5721 sd
1326 5658 1503 5730 clamantum,
1516 5669 1547 5719 at
1564 5659 1601 5719 sit
1618 5674 1716 5721 murs·
