3780 6038
156 238 207 296 l'il

776 238 927 293 xt‘t‘ENb.
952 237 998 291 dl)
1019 237 1181 291 praenest.
1206 249 1210 261 ·

1755 237 1810 291 l72

159 374 214 421 tres
228 372 329 419 sanetae
343 362 484 435 religionis
498 378 590 418 amore
607 362 742 418 terrentes
756 362 790 417 ad
805 364 838 419 et
854 362 955 416 ibidem
971 363 997 422 Α
1012 361 1081 417 adeo
1097 360 1264 431 probabilius
1279 361 1448 431 disponeret,
1478 370 1507 418 ιιι
1520 362 1619 418 exinde
1646 360 1769 416 subintus
1781 360 1810 415 in

161 467 344 524 congregare,
360 459 387 507 et
400 452 434 506 de
449 452 567 522 propriis
579 451 711 506 reditibus
723 450 953 516 suaeltereditutis,

160 543 257 612 quibus
271 541 418 611 plurimum
445 540 597 594 abundabat
616 538 657 605 ³²⁰,
674 541 698 593 ei
713 555 835 612 congrue
858 554 956 593 ueces-

162 633 248 684 sarios
264 639 386 699 sumptus
407 630 544 684 ordinare.
569 628 727 698 tlujusmodi
756 637 846 682 autem
877 627 957 681 luerit

163 736 254 773 rerum
268 719 369 771 ibidum
381 719 416 771 ab
431 734 463 772 eo
477 718 674 772 destinatarum
699 717 851 787 dispositio,
868 717 957 771 centi-

164 816 209 862 nut
220 807 397 877 apostolicum
408 806 579 877 privilegium
609 806 764 859 Alexandri
780 822 867 875 pupae,
885 804 958 875 rpucd

165 896 191 950 iu
207 896 291 950 sancti
321 895 545 965 prothomartyris
562 894 690 963 Stephani
706 894 835 948 retinetur
860 894 958 947 areim-

164 985 248 1038 risruu
266 982 307 1037 ³¹²⁷.
325 984 377 1038 Sed
391 990 637 1054 tuorteprueventus
652 983 775 1051 nequivit
790 981 824 1035 ad
841 999 959 1052 uirgucm

164 1090 243 1127 sturm
259 1074 410 1143 perducere
433 1072 610 1138 desiderium,
629 1071 700 1141 qnod
726 1070 887 1142 cuicumque
908 1088 958 1126 suo

165 1163 330 1226 successori,
343 1162 384 1215 cui
400 1161 473 1214 treus
487 1159 556 1214 velle
571 1169 598 1213 et
612 1174 694 1228 posse
718 1159 834 1226 dederit,
851 1159 960 1231 reliquit

164 1251 317 1321 perducere
332 1250 364 1303 ad
379 1248 518 1302 eti'ecturu.

201 1349 245 1402 11.
263 1350 357 1417 ltaque
373 1345 437 1400 urbs
465 1346 571 1400 Leucba
587 1361 636 1400 suo
651 1354 774 1415 tempore
803 1346 893 1400 multis
908 1346 959 1399 ad-

166 1436 340 1490 versitatibus
354 1433 415 1487 ωιι
445 1433 647 1488 circumvicinis
667 1434 702 1461 ³²⁹
719 1434 906 1502 compatriotis
934 1443 961 1488 et

168 1524 305 1578 extraneis
320 1531 477 1592 aggravata,
492 1529 656 1575 nontautum
672 1521 756 1575 dolu³t
769 1522 959 1590 delaboribus‚

168 1628 281 1682 epirosen
298 1612 402 1666 virente
418 1620 458 1664 est
473 1626 614 1680 perpessa,
631 1620 760 1681 quaritum
788 1612 871 1678 tlcvit,
888 1613 960 1681 rpuod

1009 449 1096 522 regali
1112 450 1210 520 palatio
1226 450 1343 520 primum
1360 451 1524 521 capellanus,
1535 449 1811 523 prostmodumiactus

1009 538 1046 593 sit
1060 539 1253 594 cancellarius.
1270 538 1308 592 lbi
1319 539 1400 594 etiam
1417 549 1533 611 quantus
1547 540 1609 597 ierit
1637 538 1811 611 principibus

1010 628 1088 700 regni
1104 628 1172 683 satis
1186 628 1322 698 apparuit.

1046 734 1092 786 ld.
1112 733 1163 801 (ιιι
1179 734 1376 803 omnipotentis
1391 735 1498 790 occulta
1513 734 1732 806 dispositiona⁸⁴l
1742 750 1811 790 con-

1011 821 1114 875 ceditur
1128 822 1241 875 antistes
1256 829 1280 876 et
1290 822 1556 878 ordinaturTullensi
1572 824 1811 894 ecclesiae(ldl⁰t.

1012 909 1096 978 Cujus
1110 909 1253 964 edificium
1267 927 1322 964 nun
1343 911 1432 966 solum
1448 912 1649 982 imperfectum,
1667 912 1812 967 sedetiam

1012 999 1155 1052 ruinosum
1170 1001 1321 1068 reperiens,
1349 1016 1402 1055 non
1430 1001 1570 1055 minimum
1596 1001 1737 1056 condoluit
1765 999 1810 1064 ⁸⁴¹,

1012 1086 1097 1140 intuto
1113 1089 1246 1156 repedare
1262 1088 1394 1158 cogitavit
1410 1108 1417 1155 ;
1434 1090 1506 1160 quin,
1523 1091 1595 1161 quod
1614 1098 1734 1144 mentem
1750 1091 1813 1160 ejus

1012 1182 1098 1236 dirius
1113 1183 1144 1211 ³¹³
1160 1185 1285 1254 erigebat,
1304 1185 1364 1239 sine
1385 1185 1587 1241 intermissione
1614 1187 1812 1260 ingemiscens,

1013 1272 1047 1324 de
1061 1272 1245 1327 consolatione
1260 1274 1295 1302 “⁴
1307 1274 1461 1328 animarum
1474 1275 1525 1329 sibi
1540 1276 1750 1330 commissarum
1766 1277 1815 1331 de·

1014 1361 1147 1430 sperabat,
1162 1362 1291 1432 qaroniam
1307 1378 1361 1433 qua
1385 1364 1514 1433 populum
1530 1363 1642 1420 doceret
1657 1365 1752 1436 lingua
1781 1365 1813 1394 ⁸¹⁵

1013 1471 1125 1526 prorsus
1148 1456 1304 1528 ignorabat.
1337 1459 1389 1512 Sed
1405 1459 1593 1514 divinavirtus
1621 1461 1698 1515 eirca
1724 1461 1813 1532 ipsum

1014 1543 1176 1616 dignabatur
1200 1545 1350 1616 gloriosum
1378 1548 1525 1603 ostendere
1557 1549 1727 1615 miraculum,
1754 1565 1814 1604 curn

1012 1632 1069 1700 jem
1094 1636 1290 1704 sexagenarius
1318 1651 1403 1705 perro
1435 1637 1544 1706 atridem
1568 1646 1692 1708 tempore
1717 1639 1816 1710 loque-

168 1706 324 1776 lrujusruodi
336 1706 489 1778 sagacitatis
504 1715 530 1761 et
546 1705 661 1761 ferveris
676 1723 741 1777 erga
752 1708 894 1762 utilitatem
904 1725 960 1763 suae
975 1719 1001 1777 Β
1015 1722 1068 1775 tam
1083 1722 1113 1749 ἰι
1132 1724 1278 1777 inauditam
1296 1730 1353 1791 (uu)
1368 1725 1502 1791 didicerit,
1518 1741 1572 1796 qua
1586 1726 1696 1796 plebem
1709 1728 1812 1782 chrispi

167 1796 292 1852 ecclesius
306 1796 392 1849 riruur
408 1810 461 1848 non
485 1793 532 1849 luit
547 1795 592 1848 diu
608 1795 750 1865 possidere
760 1796 853 1867 digna.
878 1796 958 1865 Nam,

167 1903 195 1948 ut
207 1894 265 1961 jum
282 1893 409 1959 diximus,
425 1891 569 1947 castellum
587 1891 733 1947 l'ullicolor
747 1892 789 1958 ³³⁰,
807 1893 879 1963 qrrod
891 1911 960 1963 pene

165 1986 199 2037 t0
215 1982 291 2036 anuis
302 1981 333 2009 ³³¹
351 1982 520 2036 Leueborum
537 1980 681 2036 ecelesiam
696 1982 872 2036 veliementer
886 1982 958 2037 ailli-

166 2079 251 2135 xcrat,
269 2086 298 2125 se
320 2071 426 2125 rirettte
455 2070 619 2123 destructum
635 2068 667 2096 '⁸'
692 2069 804 2136 diutisit,
835 2073 959 2142 qualmvis

165 2160 262 2215 eoderu
279 2175 332 2230 iguo
357 2167 521 2228 presentem
537 2158 618 2214 vitam
648 2158 751 2212 transiit
767 2157 861 2214 fraude
887 2176 959 2230 quo-

165 2248 280 2302 rundam
296 2255 458 2302 restructum
467 2246 547 2301 luerit
564 2266 570 2313 ;
587 2262 683 2301 omncs
694 2247 960 2303 inimicossuaesedis

165 2346 209 2394 aut
225 2337 309 2391 rietes
326 2345 369 2390 aut
388 2343 499 2406 precatus
512 2334 538 2389 iu
553 2351 603 2390 suo
617 2335 669 2390 tine
694 2335 789 2389 habuit
805 2350 812 2405 ;
830 2336 960 2408 quicquid

167 2436 199 2489 ad
215 2434 395 2505 pomitiralem
413 2432 588 2504 praebendam
603 2433 765 2503 pertinebat,
782 2433 851 2488 sicut
879 2443 958 2489 aute-

163 2541 258 2580 cessor
273 2541 338 2577 sirus
355 2523 497 2577 llertoldus
513 2521 611 2593 praesul
629 2531 764 2586 tenuerat,
782 2539 830 2577 suo
846 2540 957 2579 sueces-

163 2613 218 2668 sori
235 2612 320 2667 selide
336 2611 490 2666 babendum
517 2610 634 2681 reliquit.
652 2612 727 2681 Ergo
743 2611 812 2667 sicut
840 2629 958 2683 superna

164 2702 210 2756 luit
227 2701 351 2756 voluutas
371 2700 458 2771 pridie
474 2699 538 2754 idus
552 2699 613 2754 lulii
629 2701 732 2767 11009),
760 2703 790 2755 18
807 2718 864 2755 suan
887 2702 958 2756 ordi-

163 2790 378 2855 uationisanuu,
410 2788 850 2857 abtraetueesunraotusest¹¹⁸,
878 2799 904 2844 et
931 2792 959 2845 in

161 2893 219 2931 sure
234 2876 307 2930 sedis
323 2876 439 2932 ecclesia
453 2885 516 2930 aute
531 2876 618 2931 altare
629 2877 713 2932 sancti
728 2876 808 2931 blasii
818 2885 859 2932 est
873 2878 958 2932 hono·

162 2966 235 3020 riiice
252 2965 413 3020 tumulatus.

1015 1810 1081 1863 satis
1097 1811 1304 1878 intelligibiliter
1319 1822 1345 1866 et
1360 1829 1378 1867 a
1393 1815 1473 1868 malis
1496 1815 1630 1869 desistere
1655 1824 1680 1869 et
1698 1833 1816 1887 quaeque

1014 1898 1086 1951 bona
1101 1899 1230 1969 perlicere
1250 1901 1379 1967 edocens,
1410 1902 1539 1972 pervigili
1563 1920 1626 1958 cura
1654 1905 1815 1975 gubernare

1014 1995 1166 2058 satageret.
1188 1989 1271 2042 l'orro
1286 2005 1369 2058 uuam
1397 1990 1594 2061 infatigabilem
1616 1991 1706 2048 iullei
1722 1993 1816 2048 lamu-

1014 2074 1070 2128 latu
1086 2091 1114 2129 sc
1131 2076 1295 2142 exhibuerit,
1321 2077 1348 2132 iu
1368 2078 1452 2132 diviui
1479 2079 1562 2135 ollicii
1590 2082 1733 2136 nocturnis
1762 2084 1814 2139 bo-

1014 2172 1052 2225 ris
1067 2170 1097 2199 ⁸¹⁷
1116 2189 1197 2243 (ruam
1226 2174 1353 2229 assiduus
1379 2175 1468 2237 tuerit,
1489 2177 1515 2230 iu
1531 2176 1689 2233 celebritate
1718 2194 1815 2236 sacro-

1014 2260 1101 2315 sancti
1125 2262 1255 2331 mysterii,
1285 2263 1397 2317 interius
1426 2265 1507 2320 corde
1533 2274 1658 2333 mactato,
1690 2268 1813 2323 exterius

1014 2349 1253 2420 quumsollemnis
1283 2352 1410 2417 extiterit,
1427 2352 1454 2407 in
1483 2353 1569 2409 sacris
1596 2354 1815 2411 ordinationibus

1015 2446 1143 2517 pontilicii
1158 2464 1236 2519 quatu
1252 2450 1396 2521 angelicus
1419 2452 1584 2522 apparuerit,
1600 2452 1670 2507 sicut
1700 2470 1754 2511 nec
1781 2455 1815 2510 de

1013 2537 1145 2591 memoria
1159 2537 1205 2608 qui
1220 2537 1346 2593 viderunt
1362 2538 1425 2607 labi,
1443 2540 1477 2593 ita
1488 2556 1540 2596 nec
1570 2541 1668 2596 tuturis
1688 2542 1817 2599 mortali-

1013 2624 1065 2680 bus
1082 2625 1162 2681 saeile
1176 2627 1275 2697 poterit
1290 2627 1432 2684 innotesci.
1458 2629 1508 2684 llic
1524 2629 1655 2685 nimirum
1668 2631 1696 2685 in
1709 2631 1815 2688 elemo-

1013 2722 1080 2777 sinis
1094 2723 1183 2779 iuerat
1198 2724 1480 2792 inisericordissimus,
1493 2726 1519 2780 in
1548 2728 1757 2799 peregrinorum
1772 2731 1815 2786 vel

1013 2812 1150 2882 hospitum
1166 2814 1342 2882 susceptione
1351 2814 1543 2881 hilarissimus,
1555 2817 1690 2873 vinctiset
1701 2820 1816 2892 egrotis

1013 2900 1136 2954 visitatur
1151 2902 1299 2971 piissimus,
1316 2903 1343 2956 in
1359 2903 1502 2958 viduarum
1519 2905 1562 2960 rel
1578 2906 1746 2976 pupillorum
1762 2908 1813 2963 de·

1013 2988 1136 3045 laesione
1147 2990 1325 3059 justissimus,
1353 3001 1491 3061 postremo
1506 2993 1533 3047 in
1558 2994 1706 3049 dilectione
1724 2997 1773 3052 Dei
1788 3005 1816 3052 et

197 3075 243 3127 aa.
263 3074 368 3128 Domuo
379 3072 474 3127 Udoue
490 3072 521 3099 ⁸³⁴
538 3072 571 3126 de
588 3073 678 3127 medio
694 3072 777 3139 iacto,
794 3073 959 3129 uenerabilis
974 3072 999 3137 C
1015 3080 1134 3149 proximi
1145 3081 1339 3149 perseverabat
1357 3082 1576 3137 ferventissimus
1589 3081 1636 3137 '¹⁸.
1655 3085 1815 3156 Sicquellei

161 3169 227 3224 Pibn
241 3170 275 3224 ad
290 3170 404 3223 eandem
420 3169 512 3223 sederu
537 3185 598 3223 mox
628 3170 763 3225 successit
776 3170 808 3197 ⁸³⁵
825 3171 958 3225 ordinau-

161 3258 225 3312 dus.
246 3257 298 3325 Qui
316 3257 472 3328 parentibus
483 3273 537 3312 non
549 3257 659 3321 intimis,
672 3258 772 3313 scilieet
781 3270 859 3330 patre
869 3260 959 3315 Tirist-

162 3362 238 3401 utaru
255 3345 297 3411 ³³⁶,
316 3354 403 3399 matre
419 3356 497 3399 verte
512 3346 636 3401 Dudicita
659 3348 829 3418 progenitus,
847 3350 961 3403 deterre

164 3435 301 3489 Saxonum
326 3434 456 3488 oriundus
472 3434 574 3488 extitit.
594 3434 643 3503 Qui
672 3436 706 3488 ab
722 3444 803 3491 aetate
831 3437 960 3507 primaeva

162 3531 309 3585 litterarum
321 3531 471 3601 disciplinae
487 3531 612 3600 traditus,
630 3532 682 3585 sub
697 3533 830 3606 magistro
846 3537 960 3589 drurouc

163 3629 257 3690 pastea
273 3619 362 3674 suturu
373 3620 616 3691 Agrippinensium
627 3620 659 3648 ⁸³¹⁷
676 3623 811 3691 praesude,
824 3623 959 3679 scolarum

162 3716 325 3772 exercicium
341 3717 649 3789 transigens³³⁸,dividre
672 3719 849 3775 institutionis
879 3730 961 3791 atque

164 3806 308 3861 mundaum
327 3805 424 3875 peritia
447 3805 569 3875 adprime
595 3807 714 3862 emicuit.
731 3808 799 3862 Delu
812 3824 877 3864 uero
903 3809 960 3879 jum

164 3894 383 3950 adolescentulus
399 3895 633 3951 iullalverteteusi
663 3897 782 3953 ccclesia
796 3896 914 3953 efficitur
928 3897 960 3925 ³³¹

166 3992 324 4054 canonicus,
343 3991 385 4046 ubi
402 4007 510 4047 omnem
541 3993 638 4049 callem
655 3993 806 4063 prudentie
834 4010 895 4049 curn
907 4010 963 4048 ruo-

166 4079 425 4135 destasortitudiuis
448 4081 606 4150 operatione
633 4082 704 4135 inter
731 4097 900 4152 coaequaevos
927 4082 962 4136 ita

166 4169 339 4240 praecucurrit
367 4168 410 4233 ⁸¹⁰,
440 4178 469 4223 ut
496 4179 591 4225 cuncta
615 4169 706 4224 cilicia
741 4170 811 4240 ipius
839 4171 963 4226 ecelesiae

165 4265 294 4336 paulatim
323 4267 482 4336 susciperet,
511 4267 683 4322 laudabiliter
713 4276 867 4338 perageret,
898 4269 963 4338 quin

167 4354 249 4408 etiam
265 4354 384 4408 lronores
398 4353 522 4410 ecclesie
534 4365 646 4411 cunctos
678 4364 778 4426 praeter
792 4355 961 4426 pontiticiuur

1013 3168 1103 3241 gratia
1118 3166 1253 3238 pertusus.
1283 3184 1471 3240 quoscumque
1485 3186 1590 3241 genere
1604 3171 1648 3226 vol
1683 3172 1814 3230 tneutrate

1015 3257 1151 3310 tenuiores
1167 3256 1193 3310 iu
1209 3256 1284 3312 clero
1299 3255 1504 3324 considerabat,
1520 3274 1574 3313 nnn
1584 3268 1638 3313 tam
1652 3261 1747 3316 verbis
1763 3278 1816 3333 pa-

1014 3353 1099 3400 ternae
1124 3344 1328 3411 consolationis,
1345 3361 1427 3416 aguam
1455 3346 1538 3402 ctiam
1566 3349 1652 3404 rebus
1683 3360 1817 3407 sustenta

1014 3434 1110 3487 batm.

1049 3533 1096 3585 tr.
1114 3531 1257 3585 Civitatem
1273 3546 1334 3586 cum
1346 3533 1702 3606 suburbioceterisquesuis
1716 3553 1815 3609 appen-

1014 3619 1097 3685 ditiis,
1114 3637 1174 3691 qure
1189 3636 1205 3675 a
1219 3620 1316 3675 diebus
1345 3622 1386 3676 sui
1398 3622 1647 3692 praedecessoris¹⁶’
1668 3626 1749 3696 quasi
1763 3627 1814 3682 de·

1014 3717 1086 3763 serta
1098 3710 1213 3775 lateraut,
1230 3710 1460 3780 quemadmodum
1472 3710 1690 3780 locupletaverit,
1698 3714 1815 3773 aediiicia

1015 3813 1063 3851 suo
1079 3807 1199 3866 tempore
1214 3807 1368 3853 coristructa
1378 3799 1576 3854 demonstrant.
1596 3801 1814 3870 Qtrotiensenim

1015 3887 1156 3957 episcopie
1170 3885 1200 3913 ⁸⁸¹
1220 3886 1319 3942 bellum
1333 3887 1503 3952 imminebat,
1528 3904 1609 3960 quarn
1624 3890 1750 3959 pluribus
1764 3893 1811 3950 ⁸⁵¹.

1016 3992 1116 4030 ruensar
1132 3992 1189 4030 suae
1204 3975 1366 4031 victualibus
1380 3977 1529 4042 distractis,
1543 3978 1669 4034 ecclesiae
1685 3996 1784 4050 pacem
1799 3999 1815 4039 a

1015 4073 1139 4142 tyrannis
1154 4072 1321 4127 irruentibus
1331 4073 1542 4144 circumquaque
1556 4078 1735 4143 comparabat
1765 4078 1810 4132 ⁸⁵⁸.

1016 4170 1107 4225 Primo
1120 4171 1202 4242 igitur
1217 4171 1290 4224 aditu
1306 4171 1444 4240 praedictae
1452 4171 1537 4226 sancti
1546 4171 1678 4242 Stephani
1694 4175 1815 4233 basilice

1017 4268 1111 4322 turriru
1126 4283 1188 4321 eum
1203 4266 1328 4337 garnellis
1342 4268 1551 4338 campanaribus
1566 4269 1654 4335 (100),
1686 4272 1739 4325 sub
1763 4289 1815 4345 qua

1014 4355 1115 4427 praesul
1130 4355 1202 4410 idam
1215 4355 1293 4424 juxta
1308 4371 1385 4410 aram
1407 4365 1509 4412 sauctae
1524 4355 1615 4410 blariau
1644 4358 1816 4431 blagdalenae

827 4526 941 4582 t'uttttt
960 4524 1163 4580 tecrtttxes

206 4624 236 4652 ³¹⁰
263 4622 400 4677 habitabat
428 4626 454 4677 3.
486 4622 517 4651 ”⁷
544 4623 735 4679 archarissimo
756 4627 780 4676 l.
824 4621 855 4649 ⁸²⁸
883 4624 1103 4678 adversantibus.
1123 4625 1150 4678 l.
1191 4622 1222 4650 ”⁹
1263 4639 1287 4678 c.
1314 4633 1340 4678 et
1368 4642 1392 4680 c.
1424 4629 1449 4681 3.
1508 4623 1540 4653 ³³⁰
1585 4625 1753 4683 vallicoloris
1786 4632 1815 4682 3.

172 4694 203 4722 nr
233 4711 321 4750 arruos
361 4698 387 4748 3.
418 4692 449 4720 ’³’
472 4695 665 4750 destruendum
693 4699 719 4748 3.
758 4694 788 4721 ³³³
831 4702 871 4750 est
899 4696 919 4747 l.
953 4714 976 4748 s.
994 4698 1019 4748 3.
1051 4695 1081 4722 ³³²
1113 4696 1270 4749 leuclrurum
1299 4697 1423 4763 pontifice
1451 4696 1514 4751 urta.
1545 4701 1573 4750 3.
1608 4697 1639 4723 ³³⁵
1669 4716 1696 4752 s.
1719 4715 1756 4753 m.
1781 4704 1809 4754 3.

171 4766 201 4795 ⁸³⁸
232 4767 362 4821 tbieuraro
391 4772 419 4819 3.
467 4764 499 4792 ⁸³⁷
527 4766 740 4837 agrippiuesiurn
772 4771 795 4819 t.
834 4765 866 4794 ³³⁸
895 4765 1030 4821 transiens
1058 4770 1082 4819 1.
1111 4766 1142 4793 ⁸⁵³
1173 4767 1250 4821 rlrcrt
1279 4769 1305 4817 l.
1339 4766 1371 4793 ²⁸⁸⁰
1389 4768 1530 4836 praeturit
1558 4772 1584 4820 3.
1628 4767 1658 4796 '¹¹
1704 4770 1815 4838 dispeu-

172 4839 274 4892 sationc
303 4842 329 4890 3.
368 4835 399 4862 ³⁴¹
438 4838 641 4891 cordoluitt?
673 4837 704 4864 ³¹³
740 4836 879 4891 duriusd.
921 4836 950 4863 ⁸¹¹
992 4837 1181 4892 condoletiune
1208 4843 1231 4890 1.
1281 4834 1312 4862 ³⁴⁵
1352 4836 1453 4909 lingum
1487 4843 1511 4891 t.
1549 4837 1580 4865 ⁸⁴⁶
1603 4841 1680 4907 prius
1710 4841 1814 4895 addit.

173 4907 493 4979 ⁸¹⁷atquediruuisndd.
511 4914 536 4962 3.
564 4907 599 4935 ³⁴⁸
618 4908 670 4976 Qut
687 4925 736 4964 nec
764 4907 1105 4978 propiciisexaltatusnec
1134 4908 1257 4963 adversis
1271 4907 1404 4975 dejectus,
1422 4909 1470 4962 sed
1494 4909 1582 4963 illatas
1596 4909 1648 4964 sibi
1676 4920 1816 4966 contume-

172 4982 221 5034 lias
232 4995 282 5050 pro
293 4978 398 5032 christo
413 4978 547 5047 patienter
563 4980 663 5042 serens,
680 4998 732 5035 uon
743 4979 829 5034 sulum
846 4978 915 5034 tretis
930 4987 957 5033 et
972 4980 1067 5033 amicis
1079 4996 1173 5033 rerum
1185 4979 1265 5032 etiaur
1277 4979 1393 5033 inimicis
1408 4980 1689 5048 apparebatamabilis
1704 4982 1771 5037 ndd.
1782 4988 1810 5037 3.

174 5051 204 5079 ³¹⁹
220 5052 354 5120 ingenuos
369 5058 457 5102 autern
473 5052 716 5120 egregienutriens
731 5052 828 5119 opibus
847 5049 973 5105 ecclesiae
987 5065 1036 5104 seu
1050 5050 1228 5120 dignitatibus
1240 5050 1343 5103 ditabat
1359 5051 1422 5104 nrld.
1441 5055 1468 5104 2.
1489 5050 1520 5077 ³³⁰
1538 5068 1565 5119 p.
1582 5052 1625 5106 sui
1643 5057 1667 5107 3.
1699 5051 1731 5080 ’“
1761 5053 1816 5123 epi·

172 5125 296 5189 scopuli.
335 5118 367 5144 ³⁵¹
401 5119 550 5189 plurimum
583 5125 609 5176 3.
647 5120 678 5147 ³⁵³
719 5124 807 5190 Super
834 5122 982 5174 ltisautetn
1010 5138 1070 5191 quae
1093 5124 1270 5176 rrreuroruudn
1286 5122 1452 5175 retexuimus
1467 5122 1490 5175 si
1505 5123 1639 5192 quispiam
1652 5124 1812 5180 incredulus

171 5188 347 5314 hesitaverit,
363 5189 417 5315 egid
428 5191 556 5311 tegnplum
573 5193 797 5264 prothomartyris
818 5191 1043 5248 revolvatoculos
1058 5193 1165 5257 ruentis,
1194 5209 1298 5263 nosque
1314 5193 1446 5249 mendacii
1469 5191 1581 5247 minime
1597 5195 1744 5267 redarguet
1772 5195 1815 5250 rel

171 5259 380 5318 aduationis.c

927 5357 1041 5412 NOTAE.

205 5458 261 5526 (0οι
277 5452 384 5509 Scilicet
399 5451 542 5509 Gallicam.
560 5458 593 5510 P.
1021 5462 1096 5517 rta'ao
1107 5460 1306 5514 translationis
1318 5458 1348 5513 S.
1366 5457 1704 5514 Gcrnrdicclebrcbontur
1716 5460 1814 5517 horrea

206 5533 214 5588 t
220 5530 267 5582 100
285 5524 386 5589 Benoit,
404 5539 430 5593 p.
444 5528 505 5589 390,
529 5526 578 5582 boc
600 5527 626 5582 iu
643 5544 666 5584 a.
681 5532 745 5586 1001
775 5533 917 5591 collocavit
930 5546 957 5593 et
1021 5537 1078 5589 tcto
1088 5536 1227 5587 ‹urruutu
1241 5530 1355 5584 indicta
1368 5534 1474 5583 turrae
1479 5529 1581 5601 primia
1593 5533 1717 5601 vesperis
1727 5548 1814 5604 ιιιᾳιιε

170 5597 430 5671 exuprndamcodiee
446 5596 602 5653 (Gestorum
618 5602 706 5657 trhue
727 5603 824 5659 reiert:
842 5609 952 5664 l'rtrrdn·
1000 5605 1054 5659 -nrl
1070 5601 1375 5657 rerrrndos.Scieuduur
1386 5601 1516 5671 astenoit
1526 5600 1688 5686 abantiquo
1697 5602 1813 5666 iuvem

166 5670 951 5745 narettoetcerrstrurittuntmtrujnrumpttenurden-
1012 5670 1814 5735 tlerestaurabanturarorrtri,r'ttudtrrocacardensem

167 5739 958 5814 buacumpnuiaetdedicuuit;uutleqttolilretuuuoiucre·
1020 5749 1095 5803 dicia
1103 5748 1182 5801 intre
1190 5744 1275 5798 timu!
1281 5741 1410 5797 bibebant
1429 5741 1815 5817 sslCOMGdssitmlrditflt'M
