3780 6038
120 221 173 277 7529
688 212 861 275 it'a‘tth'ttttt
881 208 1076 271 1111111188.
1100 194 1210 261 bausit
1720 212 1770 271 750

124 347 276 418 corrigiam
287 346 349 415 ejus
372 342 560 402 calceamenti.
579 343 662 413 Quasi
676 345 750 402 dicat
765 346 847 417 :Ego
862 345 917 401 aa·
932 334 1064 411 Adicite
1083 365 1094 391 ι
1123 328 1347 400 consummatum
1376 351 1419 400 est
1444 345 1539 413 (desa.
1556 338 1627 410 atr),
1647 360 1660 393 ι
1687 334 1774 397 omnia

129 434 280 507 dem1¹¹⁰ris
295 429 412 507 10811111
425 433 566 489 1111111111
577 449 631 488 ¹¹0⁰
646 434 735 499 valeo,
754 429 816 505 (11111
830 433 925 504 sponsi
981 445 1072 500 Veteri
1085 445 1251 500 Testamenti
1274 455 1444 503 sacramenta
1458 444 1540 502 linem
1568 443 1722 516 accepisse,
1749 446 1774 498 et

128 538 230 579 nomen
243 520 310 578 mihi
324 538 379 578 non
393 537 506 593 usurpo.
519 520 568 577 Vel
596 521 632 576 ita
651 518 865 578 :Calceamenta
892 539 924 577 ex
979 531 1050 590 Novi
1062 534 1202 589 exordium
1217 542 1322 605 puram,
1348 536 1523 592 commodpu,
1548 541 1643 591 queem
1675 531 1778 587 videtu,

125 609 241 667 momnis
255 611 421 667 animalibus
434 610 512 666 liunt.
538 606 670 666 Dominus
685 627 751 667 vero
774 611 853 682 quasi
865 610 924 668 cal-
979 630 1008 678 ιη
1021 622 1147 678 (timavus
1161 622 1326 694 baptismum
1351 626 1427 696 prius
1438 640 1488 696 per
1501 624 1649 688 loannem,
1682 619 1777 677 deinde

124 707 224 758 “⁸¹⁰⁸
238 700 366 772 3111111111
379 704 523 771 1011118111
536 716 650 756 minem
666 700 824 772 8151111311·
840 700 926 770 Huius
980 735 1032 791 per
1060 718 1208 787 Christum,
1233 721 1292 776 sive
1315 721 1465 793 discipulos
1487 720 1597 787 Christi,
1622 716 1778 790 aliquandiu

126 784 325 847 incarnationis
338 786 500 862 mysterium
518 805 599 845 nemo
610 788 798 860 unusquisque
823 788 859 844 ad
869 790 926 860 p'e·

128 893 194 933 num
209 877 376 951 investigare
403 878 503 949 potuit.
523 877 648 950 corrigia
675 874 857 934 calceamenti
885 884 925 933 est

127 972 247 1048 ligatttra
260 976 327 1030 tanti
337 975 467 1048 mysterii.
494 975 555 1030 Non
574 974 649 1030 valet
662 990 731 1047 ergo
745 974 864 1029 loannes
892 974 926 1028 ad

127 1071 238 1144 plenum
254 1073 402 1143 corrigiam
417 1073 535 1138 solvere,
553 1087 614 1143 quas
624 1071 817 1128 incarnationis
829 1081 927 1144 myste-

125 1158 195 1215 rium
211 1176 265 1240 non
279 1158 378 1219 scilicit
392 1159 573 1232 investigare.

168 1251 279 1320 ‚Cujus
297 1248 478 1306 venulabrum
504 1248 530 1303 in
545 1265 628 1304 mauu
651 1264 713 1305 sua.
733 1250 766 1305 Et
793 1266 926 1321 permun-

131 1339 314 1394 dabitaream
337 1354 425 1405 suam,
450 1347 477 1393 et
503 1338 685 1411 congregabit
708 1338 828 1393 triticum
849 1355 927 1394 suum

131 1427 160 1481 in
174 1429 315 1492 borreum,
327 1426 419 1498 paleas
434 1435 525 1482 autem
550 1427 691 1483 comburet
707 1426 763 1500 igni
791 1426 927 1483 inexstin-

131 1515 229 1589 guibili
244 1517 339 1575 t'Joutt.
354 1520 399 1586 1).)
418 1515 565 1571 Ventilalrri
576 1531 647 1586 opus
662 1524 702 1570 est
710 1515 746 1570 ab
755 1514 927 1572 inimatuosts

131 1607 270 1660 fructuosa
286 1605 454 1660 discernere.
478 1602 556 1673 Qerod
571 1606 597 1658 in
614 1620 693 1658 manu
709 1604 817 1659 Domini
847 1605 927 1660 situm

132 1702 232 1757 iudicat
246 1701 385 1756 arbitrium
403 1701 543 1771 potestatis
558 1700 733 1757 recondentis
749 1702 877 1768 triticum,
900 1702 927 1757 id
941 1716 968 1775 Β

133 1799 174 1846 est
189 1790 328 1861 periectos
343 1790 446 1847 fructus
460 1790 631 1847 credentium
646 1791 674 1844 in
688 1792 797 1846 horreis
813 1807 820 1855 ς
837 1792 931 1862 paleas
999 1839 1005 1850 .

132 1894 208 1943 vero,
219 1879 298 1935 idest
308 1878 506 1937 inimatuosam
520 1878 662 1935 hominum
671 1878 838 1943 inanitatem,
866 1878 932 1951 igne

129 1968 223 2039 judicii
237 1968 448 2025 concremantis.
466 1968 516 2022 Per
531 1967 713 2022 ventilabrum
725 1967 856 2023 discretio
868 1968 933 2036 justi

131 2065 276 2130 examinis,
291 2081 342 2136 per
356 2080 450 2119 aream
469 2080 534 2120 varo
558 2080 681 2136 praesens
696 2066 818 2121 Ecclesia
832 2064 934 2138 tigam-

134 2169 188 2217 tur.
207 2160 292 2228 Cuius
308 2176 380 2217 areae
391 2160 518 2232 purgatio
544 2159 625 2216 etiarn
640 2176 713 2217 nrrnc
727 2162 843 2230 geritur,
872 2177 934 2217 cum

134 2258 257 2330 perversi
272 2259 308 2312 oh
324 2256 468 2313 maniiesta
490 2267 603 2328 peecata
618 2258 653 2314 de
668 2258 790 2316 Ecclesia
819 2259 935 2327 ejiciun-

135 2357 191 2411 tur,
207 2346 250 2402 vel
263 2355 325 2417 post
339 2354 452 2402 mortem
467 2346 559 2402 diviua
575 2347 746 2403 districtione
761 2350 934 2404 damnantur.
986 2396 991 2407 .

137 2443 210 2496 luter
225 2441 318 2512 paleas
333 2450 359 2495 et
384 2441 486 2496 zizania
501 2441 592 2509 distat,
617 2442 661 2514 qui
676 2444 762 2515 paleae
786 2460 803 2500 a
832 2445 936 2501 semine

138 2546 198 2600 mm
214 2537 294 2586 mum
322 2530 456 2601 pmdfflm
472 2545 479 2596 3
496 2546 677 2588 mmmm
701 2547 717 2587 α
745 2532 855 2589 dmm
882 2549 937 2636 ⁰¹⁸¹ss
987 2591 1042 2630 rem
1062 2574 1173 2630 aliunde
1194 2574 1304 2630 inducta
1323 2575 1413 2629 subito
1437 2583 1608 2645 putarentur.
1630 2573 1679 2629 llla
1703 2573 1782 2647 igitur

136 2618 401 2692 gineprocreautur.
420 2620 495 2692 Ergo
518 2620 606 2689 paleae
626 2621 779 2688 significant
802 2622 862 2677 illos
890 2641 936 2694 qm

140 2707 203 2763 tidai
218 2707 355 2779 mysteriis
370 2709 539 2777 imbuuntur,
565 2710 613 2765 sed
629 2710 736 2766 levitate
752 2709 874 2781 perdidiae
902 2713 936 2767 ab

139 2805 234 2860 electis
248 2804 415 2859 dissentiunt
432 2823 438 2867 ;
455 2806 556 2860 zizania
568 2806 629 2861 illos
645 2806 689 2878 qui
704 2823 786 2877 opere
797 2815 823 2862 et
833 2810 938 2879 proies-

140 2902 216 2958 sione
231 2902 266 2956 ab
282 2901 378 2958 electis
393 2913 580 2959 secernuntur.
594 2904 627 2959 lli
637 2903 787 2961 ventilabro
802 2906 854 2962 hoc
882 2923 936 2961 non

138 2999 324 3055 removentur,
340 2991 385 3064 qui
397 2992 454 3060 iam
467 2991 584 3063 judicati
597 3001 657 3048 suut
675 3012 681 3058 ;
698 2994 747 3049 sed
773 2994 857 3065 palem
873 3004 973 3137 tan·C
990 3035 1016 3090 in
1044 3036 1175 3106 passione
1200 3036 1311 3103 Christi,
1338 3052 1387 3106 W
1403 3052 1482 3107 quam
1502 3043 1694 3090 consummata
1722 3042 1781 3088 sum

137 3085 194 3133 tum
209 3080 385 3135 ventilantur.

174 3170 285 3222 «thum
301 3169 410 3239 quidem
440 3177 465 3224 ct
480 3170 533 3225 alia
559 3172 703 3226 etlmrtans
729 3173 934 3245 evangelizabat

136 3256 248 3328 populo.
264 3257 328 3311 ttae
340 3258 367 3310 in
383 3257 514 3313 bethania
531 3259 679 3315 factasunt
695 3262 934 3333 translcrdanem,

139 3354 184 3407 ubi
199 3362 259 3408 erat
271 3352 394 3409 loannes
411 3355 552 3423 baptizans
562 3358 670 3428 111111).
692 3383 702 3408 a
721 3360 849 3415 Bethania
871 3362 934 3416 villa

138 3450 180 3495 est
194 3442 355 3496 insecundo
370 3443 406 3497 ab
431 3444 507 3498 Helia
521 3446 646 3501 milliario
675 3448 701 3501 in
717 3448 805 3503 latere
833 3451 934 3505 montis

137 3528 246 3589 Oliveti.
259 3529 306 3583 ubi
321 3530 446 3586 Salvator
460 3533 577 3588 Lazarm
591 3536 739 3590 suscitavit.
758 3538 830 3593 Bene
861 3555 934 3608 prte-

136 3631 234 3672 cursor
244 3616 354 3672 Domini
368 3619 491 3674 nostriin
507 3622 636 3677 Bethania
651 3624 751 3679 dicitur
763 3626 928 3696 baptizasse.

137 3712 207 3766 dam
223 3711 351 3767 llcthauia
373 3714 472 3770 domas
486 3716 651 3772 obedientias
674 3717 876 3790 iuterpretatur,
906 3732 934 3778 ut

137 3801 305 3856 demonstret
321 3817 371 3871 per
384 3803 568 3859 obedientiam
589 3804 653 3861 tidei
666 3822 761 3863 omnes
772 3811 808 3865 ad
836 3810 934 3867 Christi

137 3889 273 3961 baptisma
286 3888 386 3947 debere
400 3893 563 3964 pervenire.

137 4014 176 4070 De
190 4029 221 4071 co
236 4016 346 4089 quaudo
357 4018 492 4088 ceperint
511 4018 638 4077 haattincs
654 4021 773 4095 obliquri
794 4030 934 4098 precepto

364 4107 540 4179 percipiendi
555 4110 704 4182 baptisma.

155 4219 290 4289 Quaeritur
303 4223 570 4294 quandoiustitutum
585 4228 618 4281 sit
634 4239 835 4286 sacramentum
852 4231 937 4302 bapti·

981 819 1080 886 solum,
1095 835 1157 874 nea
1171 819 1367 877 consuetudine
1380 821 1539 876 abhorreret
1553 820 1581 874 in
1592 832 1674 874 usum
1685 816 1778 889 produ·

980 916 1074 975 ctum;
1090 908 1239 964 novissime
1253 915 1355 976 autem,
1366 909 1512 981 quandoin
1525 909 1686 965 universum
1700 922 1777 961 mun·

980 1003 1045 1059 dum
1060 1005 1254 1075 predicatores
1268 1004 1407 1076 baptizare
1425 1005 1500 1060 missi
1516 1011 1587 1069 sunt,
1610 1001 1778 1075 {generaliter

982 1093 1144 1148 institutum.
1160 1092 1298 1148 Videntur
1311 1101 1404 1148 autem
1414 1094 1472 1149 haec
1482 1093 1535 1148 tria
1545 1097 1672 1163 tempora
1682 1090 1777 1145 distin-

980 1191 1112 1262 guenda:
1129 1189 1248 1244 Primum
1263 1190 1335 1245 eninr
1350 1198 1411 1246 ante
1426 1190 1592 1260 baptismum
1600 1187 1773 1246 circumcisio

981 1279 1040 1334 sola
1052 1286 1151 1334 statum
1165 1278 1270 1343 habuit,
1295 1285 1326 1334 et
1340 1278 1541 1350 suscipiebatur
1551 1278 1586 1333 ad
1605 1275 1777 1347 justificatio·

883 1427 888 1437 .
982 1396 1045 1435 nem
1069 1380 1128 1435 sina
1153 1379 1300 1450 baptismo.
1330 1379 1488 1436 Novissime
1516 1389 1606 1435 autem
1624 1392 1700 1433 nunc
1722 1383 1779 1449 post

905 1516 910 1527 .
982 1468 1219 1524 circumcisionem
1234 1467 1309 1524 solus
1335 1468 1487 1539 baptismus
1516 1476 1615 1522 statum
1635 1466 1728 1531 habet,
1755 1474 1780 1520 et

981 1565 1135 1622 celebratur
1148 1566 1182 1621 ad
1196 1566 1311 1622 salutem
1326 1566 1385 1621 sine
1400 1565 1620 1623 circumcisione.
1640 1564 1705 1620 Fuit
1730 1578 1778 1618 au·

983 1669 1038 1718 tem
1054 1670 1161 1734 tempus
1179 1664 1299 1718 medium
1314 1663 1461 1735 quoddam,
1491 1663 1600 1735 quaudo
1614 1669 1642 1718 ct
1664 1662 1779 1719 circum-

986 1751 1055 1806 cisio
1084 1760 1110 1805 ct
1138 1751 1289 1822 baptismus
1313 1752 1394 1806 simul
1427 1759 1624 1807 concurrerunt
1642 1767 1650 1807 τ
1666 1750 1780 1821 primum

982 1839 1165 1905 circumcisio,
1179 1852 1207 1895 ut
1227 1839 1358 1906 liniretur,
1381 1839 1465 1908 aliud,
1495 1836 1523 1894 ld
1549 1839 1591 1894 est
1619 1833 1778 1910 baptismus,

982 1944 1011 1991 ut
1040 1934 1254 1992 confirmaretur.
1282 1932 1408 2006 Oportuit
1436 1937 1509 1991 enirn
1536 1943 1565 1989 ut
1595 1943 1621 1990 et
1650 1934 1697 1990 itta
1722 1949 1779 2006 quar

984 2023 1105 2080 tlnicnda
1113 2032 1190 2081 erant
1200 2039 1376 2096 nequaquam
1384 2023 1523 2079 subitovel
1535 2022 1776 2096 praecipitarentur,

984 2120 1035 2175 sed
1049 2120 1188 2192 paulatim,
1206 2128 1232 2176 et
1247 2120 1326 2193 quasi
1340 2135 1402 2178 cum
1421 2120 1537 2192 quadam
1563 2119 1720 2176 reverantia
1741 2117 1778 2172 di-

985 2211 1163 2273 mitterentur,
1180 2218 1208 2264 ut
1223 2210 1433 2264 ostenderentur
1456 2208 1529 2264 bona
1551 2207 1637 2264 luisse
1660 2217 1778 2279 tempora

985 2314 1043 2367 suo,
1060 2298 1227 2353 etsiruiliter
1249 2314 1308 2369 qum
1329 2298 1486 2369 incipienda
1511 2307 1590 2353 erant
1614 2313 1671 2352 non
1695 2296 1779 2351 subito

985 2413 1012 2451 m
1029 2397 1217 2453 auctoritatem
1236 2405 1449 2462 assumerentur,
1479 2397 1529 2453 sed
1560 2412 1626 2453 cum
1656 2411 1731 2452 mara
1757 2402 1781 2451 et

985 2485 1119 2559 gravitate
1135 2486 1328 2541 inchoarentur
1345 2502 1380 2541 nc
1403 2485 1475 2542 velut
1499 2484 1599 2551 aliena,
1624 2493 1651 2540 et
1676 2493 1782 2556 propter

985 2671 1095 2726 dimissa
1111 2679 1183 2738 seint,
1199 2688 1252 2727 non
1268 2672 1400 2742 projecta,
1417 2671 1442 2725 id
1459 2679 1501 2726 est
1513 2672 1563 2725 ista
1578 2671 1701 2726 instituta
1713 2678 1780 2732 sunt,

987 2776 1041 2815 non
1056 2768 1208 2831 usurpata:
1229 2769 1257 2814 ut
1277 2759 1362 2814 divini
1387 2759 1491 2815 cotrsilii
1509 2760 1661 2815 auctoritas
1681 2760 1782 2830 ubique

987 2857 1150 2914 servaretur,
1168 2857 1194 2904 et
1224 2851 1337 2904 humana
1364 2849 1494 2916 causatio,
1520 2865 1554 2903 ne
1584 2849 1677 2904 divina
1704 2864 1783 2920 opera

986 2948 1191 3017 reprehendere
1206 2948 1327 3012 auderet,
1350 2954 1534 3001 annotaretur.
1563 2945 1697 3014 Quamvis
1719 2960 1783 3017 ergo

987 3125 1088 3190 omnia,
1106 3124 1208 3180 veteris
1223 3125 1318 3197 tigni-m
1333 3132 1419 3178 status
1434 3124 1515 3178 finem
1532 3122 1649 3194 accepit,
1670 3131 1697 3178 et
1721 3122 1784 3178 novi

988 3223 1143 3278 constitutio
1158 3221 1321 3277 sacramenti
1336 3221 1488 3284 exordium,
1507 3229 1563 3275 tum
1589 3229 1616 3274 et
1635 3220 1713 3290 prius
1735 3219 1784 3274 ali-

989 3311 1095 3382 quando
1111 3320 1232 3381 tempora
1248 3319 1275 3366 et
1291 3327 1362 3366 nora
1378 3311 1506 3366 inchoata
1531 3317 1593 3363 suut
1616 3308 1651 3362 ad
1674 3323 1785 3364 consue·

989 3398 1120 3463 tudinem,
1138 3408 1164 3455 ct
1189 3408 1278 3455 vetera
1296 3399 1470 3470 postmodum
1493 3397 1655 3470 aliquandiu
1677 3397 1786 3453 tolerata

989 3496 1141 3551 secundum
1167 3495 1414 3567 dispensationem.
1440 3493 1571 3548 Similiter
1595 3508 1664 3567 ergo
1684 3491 1786 3547 luerunt

988 3593 1102 3655 utraque
1118 3594 1238 3655 tempore
1254 3582 1310 3651 illo,
1329 3583 1386 3639 sive
1396 3591 1458 3637 ante
1468 3582 1637 3653 passionem,
1648 3581 1708 3635 sire
1718 3585 1786 3651 post,

989 3674 1023 3728 ab
1038 3690 1070 3730 co
1085 3674 1193 3746 quando
1210 3673 1337 3728 inchoata
1353 3681 1414 3726 sunt
1427 3686 1507 3735 nova,
1519 3668 1786 3739 donccpostmodum

989 3779 1159 3826 veterasunt
1174 3771 1331 3826 interdicta.
1354 3770 1388 3823 Et
1415 3767 1442 3822 in
1470 3768 1524 3822 isto
1552 3767 1645 3822 melio
1670 3775 1786 3836 tempore

988 3861 1059 3931 quod
1076 3860 1124 3913 iuit
1139 3859 1288 3930 baptismus
1303 3874 1364 3913 curn
1380 3856 1587 3913 circumcisione
1610 3856 1647 3909 ab
1673 3856 1784 3910 inchoa-

988 3949 1061 4003 tione
1075 3965 1122 4003 sua
1136 3965 1222 4020 usque
1237 3948 1273 4002 ud
1287 3947 1441 4018 passionem
1458 3944 1567 4009 Christi,
1585 3944 1638 3998 hoc
1664 3943 1711 3998 luit
1733 3944 1784 3998 cir·

989 4046 1120 4103 cerurcisio
1144 4061 1203 4102 cirin
1236 4045 1380 4115 baptismo,
1412 4051 1474 4114 post
1502 4041 1663 4111 passionem
1691 4038 1784 4095 Christi

988 4135 1123 4206 usquead
1139 4134 1204 4188 illud
1220 4144 1326 4204 tempus
1348 4149 1401 4201 quo
1421 4132 1481 4202 ipsa
1510 4130 1683 4184 circumcisio
1707 4127 1784 4198 carpit

989 4224 1139 4295 prohiberi.
1160 4225 1234 4279 Sicut
1248 4224 1320 4277 enirn
1332 4231 1393 4276 ante
1407 4219 1563 4291 passionem
1588 4220 1651 4288 ipsa
1670 4218 1783 4273 circum·

138 4309 200 4372 smi,
216 4325 249 4363 ex
267 4326 320 4379 quo
335 4310 464 4383 deinceps
492 4314 728 4373 licitumnonluit
747 4318 811 4373 illud
840 4321 935 4390 negli·
991 4322 1185 4378 eisioiustatu
1209 4338 1258 4376 suo
1283 4321 1316 4375 ad
1340 4318 1490 4373 remedium
1517 4316 1735 4386 suscipiebatur,
1763 4320 1787 4367 et

138 4412 215 4470 tert·
231 4398 339 4468 quando
354 4398 423 4454 illud
439 4403 580 4472 suscipere
608 4406 730 4461 debitum
746 4407 805 4463 suit.
817 4410 850 4463 lit
874 4419 936 4464 sutit
950 4434 976 4493 D
992 4420 1082 4466 tanreu
1105 4420 1168 4467 tunc
1190 4411 1273 4465 etiam
1297 4409 1449 4479 baptismus
1468 4406 1527 4460 sine
1551 4404 1677 4475 periculo
1701 4402 1787 4456 salutis

138 4483 248 4558 quidem
264 4501 347 4557 super
367 4487 419 4545 boc
447 4490 564 4547 diversae
583 4492 700 4562 plurium
727 4497 932 4554 aestimationes.
991 4518 1045 4556 non
1063 4500 1289 4557 contemnebatur
1318 4498 1353 4554 ab
1378 4495 1421 4551 his
1449 4494 1549 4565 quibus
1579 4493 1785 4563 praedicabatur,

139 4577 191 4634 Alii
206 4578 300 4635 dicunt
314 4598 346 4637 ex
371 4597 405 4637 eo
419 4583 822 4662 institutumbaptismumquod
838 4592 938 4647 Chris·

138 4685 182 4733 tus
195 4676 347 4734 Nicodemc
375 4689 456 4736 nocte
466 4680 502 4739 ad
516 4698 546 4739 se
574 4685 693 4740 venienti
720 4687 831 4743 neudum
858 4707 936 4748 norm

138 4766 353 4837 regenerationis
376 4768 517 4826 insinuans
543 4772 604 4827 ait:
623 4774 713 4828 aliisi
736 4776 797 4847 quis
825 4787 936 4835 renatus

139 4864 222 4921 luerit
233 4881 266 4919 ex
281 4880 353 4936 aqua
367 4875 394 4921 et
404 4867 509 4938 Spiritu
536 4879 639 4935 saneht,
656 4888 709 4927 ιιοο
726 4882 815 4943 potest
843 4877 936 4934 videre

140 4979 256 5033 regnum
269 4965 318 5020 Dei
332 4968 427 5034 (tosa.
447 4970 501 5037 nt).
524 4993 535 5018 a
553 4970 605 5025 dlii
619 4971 713 5026 dicunt
740 4972 935 5031 institutionem

137 5052 266 5122 baptismi
281 5070 314 5109 ex
325 5070 358 5110 eo
372 5056 518 5126 incepisse
540 5075 595 5132 quo
609 5061 733 5116 Christus
752 5071 814 5133 post
842 5082 936 5121 resur·

138 5140 287 5197 rectionem
302 5159 380 5199 suain
392 5144 419 5198 iu
435 5147 534 5202 curium
550 5165 720 5205 ascensurus
739 5152 887 5224 discipulos
901 5155 936 5210 ad

137 5235 340 5306 predicandum
360 5239 443 5306 misit,
472 5244 567 5301 dicens
584 5266 618 5302 :u
647 5247 687 5302 lte
715 5248 812 5305 docete
840 5267 936 5308 onrnes

137 5331 237 5395 gentes
251 5326 419 5396 baptizantes
430 5330 457 5384 in
475 5333 583 5390 nortvina
600 5336 697 5398 Petris,
724 5347 749 5392 et
766 5338 824 5393 Filii
835 5347 860 5394 ct
876 5340 937 5410 Spi-

138 5421 305 5478 ritusaaucti
319 5425 550 5497 (batthxxvnt).
570 5431 717 5501 »Quidam
735 5434 936 5492 iustitutionem

138 5517 265 5590 baptismi
273 5535 305 5575 ex
321 5536 354 5577 eo
368 5522 484 5591 coepisse
499 5535 592 5595 putant
608 5531 807 5600 quodloannes
822 5535 847 5589 in
865 5548 936 5608 aqua

137 5617 277 5689 baptisare
291 5618 382 5691 coepit,
403 5620 555 5691 praedicans
577 5624 772 5698 baptizaturum
797 5631 825 5685 in
846 5634 934 5703 spiri-⁸

137 5722 192 5775 tcm
208 5714 316 5789 illailla
334 5717 386 5783 1111.
409 5717 463 5775 tttit
476 5717 505 5777 ln
529 5706 657 5793 passione
683 5710 793 5794 buitta,
823 5712 934 5801 quandd

990 4600 1027 4654 ita
1041 4602 1103 4670 posi
1116 4599 1273 4669 passionem
1289 4595 1450 4665 baptismus,
1467 4590 1594 4662 quamvis
1609 4590 1637 4643 iu
1653 4598 1724 4644 statu
1741 4602 1786 4641 suo

990 4688 1191 4759 suscipiebatur
1213 4686 1248 4740 ad
1273 4685 1399 4748 salutem,
1426 4687 1564 4736 ettamen
1588 4686 1653 4734 tutta
1674 4682 1787 4733 circum·

989 4779 1056 4833 cisio
1072 4778 1130 4831 sine
1148 4774 1269 4845 periculo
1293 4772 1391 4827 salutis
1421 4786 1474 4824 tion
1503 4768 1734 4824 contemnebatur
1758 4765 1788 4819 ab

988 4875 1032 4928 his
1047 4874 1145 4945 quihus
1161 4869 1222 4927 finis
1237 4871 1296 4939 ejus
1310 4868 1433 4923 nondum
1448 4861 1688 4918 manifestabatur.
1718 4862 1788 4915 Post·

990 4980 1069 5035 quam
1085 4972 1175 5017 autem
1194 4960 1350 5016 dictumest
1367 4975 1372 5012 :
1389 4981 1399 5005 a
1416 4955 1444 5008 Si
1460 4951 1699 5015 circumcidimini,
1720 4948 1790 5005 Chri·

991 5064 1048 5106 stus
1064 5052 1142 5107 trabis
1158 5050 1224 5105 nihil
1239 5047 1354 5119 prodest
1369 5042 1476 5113 (duint.
1492 5041 1530 5106 ι’),
1550 5065 1561 5089 ι»
1583 5041 1640 5109 jam
1663 5039 1790 5109 deinceps

990 5169 1042 5206 ιιοο
1061 5159 1168 5222 poterat
1182 5144 1355 5205 circumcisio
1375 5144 1409 5197 ud
1439 5140 1554 5195 salutem
1575 5137 1692 5209 percipi,
1724 5136 1790 5192 sicut

990 5241 1074 5310 prius,
1096 5248 1237 5311 postquam
1267 5234 1370 5290 dictum
1398 5230 1505 5285 luerat:
1530 5251 1541 5275 e
1572 5226 1714 5282 Masculus
1745 5241 1791 5283 cu·

987 5342 1032 5409 jus
1051 5356 1115 5394 caro
1144 5335 1269 5410 praeputii
1300 5329 1462 5386 circumcisa
1490 5343 1545 5381 non
1575 5324 1668 5387 luerit,
1697 5322 1792 5394 peribit

990 5437 1081 5490 anima
1095 5436 1140 5490 illa
1157 5436 1190 5491 dc
1204 5432 1307 5506 pupulo
1323 5443 1373 5483 suo
1390 5428 1470 5495 (Gru.
1487 5422 1567 5494 xvttj.
1588 5422 1599 5469 i
1625 5410 1689 5478 lion
1711 5420 1792 5519 potuit

989 5533 1162 5589 circumcisio
1177 5534 1210 5587 ab
1230 5532 1273 5587 his
1293 5528 1429 5580 attentarat
1442 5520 1542 5593 quibus
1570 5518 1695 5588 injuncta
1710 5517 1793 5573 luerat

989 5632 1049 5685 siue
1070 5629 1192 5701 periculo
1214 5600 1315 5686 satulli
1343 5619 1491 5678 contemni.
1517 5618 1635 5673 llursum
1660 5609 1792 5689 quemadl

988 5719 1100 5785 modum
1115 5726 1142 5784 iu
1157 5724 1288 5803 principio
1310 5688 1460 5791 liplimnua
1476 5726 1492 5769 Ι
1507 5700 1614 5773 laicate
1643 5696 1792 5775 secundani
