3780 6038
75 266 146 322 1049

523 262 815 323 bartonattotttss
834 264 888 324 SS.
906 264 1061 325 attauh.
1076 294 1111 309 -
1125 263 1189 321 httt.
1210 264 1246 319 li.

1654 257 1724 316 105⁰

75 393 155 459 gunt.
173 388 239 445 Haeo
254 394 296 445 est
311 385 500 444 concatenatio
516 385 659 455 Ecclesiae,
676 387 698 443 ει
721 384 803 459 capiti
827 400 878 443 suo
892 376 919 439 A
933 386 1089 443 necessaria
1112 394 1230 444 tractant
1253 401 1319 461 pars
1343 386 1468 460 corporis
1491 384 1592 444 Christi
1615 383 1730 442 sinistra

74 477 139 532 velit
157 476 242 533 uniri.

338 594 412 651 Item
429 593 462 651 dc
477 594 614 651 Ecclesia.

112 708 240 766 Ecclesia
253 719 346 766 sancta
362 725 463 782 corpus
477 709 578 765 Christi
592 716 643 775 εει,
658 724 713 765 uno
728 708 823 780 spiritu
833 708 878 763 vi·

77 797 155 854 vibes
170 806 197 854 et
211 799 284 854 unita
300 798 353 854 fide
379 814 434 856 una
456 808 482 854 et
506 799 681 855 sanctificata.
706 798 791 867 llujus
813 813 876 853 cor-

74 895 154 965 poris
173 895 297 950 membra
322 894 425 968 singuli
459 896 560 967 quiquo
590 894 712 950 fidelium
742 897 876 962 existunt,

931 492 994 539 suut
1010 501 1017 540 t
1033 485 1126 542 clerici
1142 502 1208 542 vero
1224 486 1352 559 quoniam
1369 502 1399 542 aa
1410 502 1470 558 quae
1481 484 1515 540 ad
1527 481 1674 554 spiritalem
1691 480 1730 536 vi·

932 579 987 628 tam
1010 575 1146 643 pertinent
1169 576 1338 646 dispensant,
1364 575 1443 647 quasi
1465 574 1564 630 dextra
1586 587 1651 643 pars
1666 577 1730 626 sunt

931 672 1059 742 corporis
1073 671 1184 728 Christi.
1201 674 1233 728 Et
1256 680 1365 730 constat
1379 690 1411 729 ex
1428 673 1470 727 his
1483 670 1589 727 duabus
1605 669 1729 740 partibus

932 765 1018 815 totum
1033 776 1134 832 corpus
1159 761 1258 817 Christi
1274 781 1280 817 :
1298 762 1370 834 quod
1385 769 1427 817 est
1452 761 1584 816 universo
1599 757 1726 814 ecclesia.

931 855 1030 911 Laicus
1052 857 1248 927 interpretatur
1268 861 1426 932 popularia.
1454 858 1550 914 Graece
1574 856 1646 912 enim
1669 853 1729 910 laos

74 999 173 1039 omnes
188 998 288 1055 eorpus
304 1001 387 1039 uuum
403 993 519 1055 prowm,
534 984 660 1055 smmum
689 1000 771 1039 unum
795 993 822 1039 et
842 981 877 1037 fi,
931 953 1013 1009 latine
1022 953 1258 1027 diciturpopulus.
1274 958 1351 1013 Unda
1360 964 1387 1012 et
1397 956 1516 1012 basileos
1526 953 1690 1020 radicitus,
1702 958 1730 1007 ει

76 1071 140 1128 dem
157 1087 250 1128 unum.
267 1072 502 1142 Quemadmodum
517 1080 608 1129 nutem
631 1072 659 1128 in
683 1088 799 1145 corpore
824 1078 877 1127 hu·
931 1040 1020 1099 dictus
1031 1051 1139 1114 putatur
1150 1044 1228 1116 quasi
1238 1045 1364 1115 basilaos,
1375 1045 1404 1101 id
1415 1054 1456 1101 est
1465 1046 1728 1101 sustentamentum

77 1185 161 1226 mano
176 1170 286 1244 simp„
302 1186 416 1243 (ΨΜ,
429 1171 551 1227 membra
572 1170 682 1242 propriu
704 1186 737 1226 ,ο
758 1171 878 1226 discreta
928 1142 1039 1213 populi.
1065 1140 1189 1198 Clericus
1204 1141 1332 1197 dicituro
1347 1142 1547 1199 Graecocleros
1562 1139 1730 1214 quodinter·

75 1258 166 1315 officia
185 1260 297 1329 habent,
335 1268 362 1315 θ,
382 1266 473 1315 tamen
499 1259 713 1331 unumquodque
743 1274 798 1314 non
826 1258 878 1314 ⁵015
931 1238 1064 1302 pretatum
1080 1235 1289 1298 sonutam-tem,
1307 1232 1364 1287 sire
1380 1230 1610 1303 quodipsesorte
1626 1229 1729 1285 electus

77 1346 131 1401 sibi
147 1349 204 1419 ,gp
220 1348 292 1420 quod
309 1348 401 1404 sorum
418 1348 485 1419 agit,
500 1348 542 1405 350
557 1348 583 1402 jn
599 1348 795 1419 eorporedona
809 1363 876 1420 gra,
931 1328 994 1382 sita
1013 1328 1080 1387 beo.
1097 1335 1124 1383 ct
1138 1327 1174 1383 od
1188 1327 1328 1384 servitium
1344 1328 1404 1394 Dei,
1420 1328 1478 1385 sive
1493 1328 1566 1400 quod
1580 1327 1639 1399 ipse
1653 1327 1729 1383 Deus

76 1443 172 1499 pamm
188 1444 330 1501 distribm„
348 1452 413 1500 sum
427 1453 454 1501 et
479 1453 582 1511 pumen,
607 1444 798 1518 unusquisque
822 1460 876 1500 „012
931 1441 991 1481 sors
1005 1423 1078 1480 illius
1093 1425 1136 1492 sit,
1153 1434 1180 1482 et
1194 1426 1267 1499 quod
1282 1426 1434 1498 portionem
1448 1425 1529 1480 aliam
1545 1424 1571 1479 io
1587 1432 1661 1480 terra
1677 1424 1728 1478 ha-

77 1532 129 1587 sibi
145 1533 198 1588 soli
213 1534 294 1589 habet
309 1533 390 1589 etiam
405 1534 431 1588 in
447 1534 519 1606 quod
535 1534 610 1589 solus
624 1534 716 1590 habet.
733 1531 793 1588 Soli
803 1533 875 1589 euim
930 1520 995 1578 bere
1010 1536 1066 1576 ⁰⁰¹¹
1080 1520 1179 1578 debeat
1193 1520 1371 1579 cleiisstliflisi
1382 1522 1508 1587 ὓθῦιῐῑιθῑ
1521 1536 1555 1577 0⁸
1565 1536 1625 1592 <11¹ae
1635 1519 1669 1575 ad
1679 1517 1728 1575 Dii

79 1621 149 1678 oculi
163 1622 266 1693 vident,
282 1631 309 1678 et
324 1630 415 1678 tamen
431 1623 483 1678 sibi
499 1623 670 1679 solummodo
693 1639 747 1680 non
771 1622 874 1689 vident,
906 1631 911 1643 ·
929 1625 1037 1690 ρειιειιι
1052 1624 1189 1691 ερεειειιι.
1209 1620 1259 1675 Cui
1279 1626 1408 1674 statutum
1423 1627 1465 1674 εει
1480 1618 1592 1674 decimis
1608 1624 1636 1674 et
1647 1616 1729 1673 obla-

80 1721 128 1776 sed
145 1722 192 1777 toti
208 1721 326 1793 corpori.
343 1723 414 1778 Solae
428 1738 508 1778 aures
523 1723 644 1793 audiunt,
660 1738 711 1779 nec
725 1730 815 1778 tamen
833 1739 876 1777 so-
890 1738 917 1799 Β
931 1716 1050 1771 tionibus
1066 1732 1127 1788 quaa
1143 1716 1200 1772 Deo
1215 1714 1373 1784 offeruntur,
1391 1713 1551 1771 sustentari.

81 1808 222 1865 lummodo
238 1810 289 1863 sibi
304 1810 425 1877 audiunt,
441 1811 489 1867 sed
504 1811 551 1866 toti
567 1812 685 1883 corpori.
711 1811 767 1866 Soli
791 1809 876 1882 pedes
966 1814 1055 1870 Laicis
1069 1813 1230 1870 Christianis
1244 1812 1371 1869 fidelibus
1385 1822 1495 1870 terreno
1510 1812 1654 1885 possidere
1669 1825 1733 1867 con·

79 1898 229 1967 imbulanb
251 1906 277 1955 el
296 1914 351 1955 1³0ss
370 1899 423 1954 Sibi
453 1908 543 1958 limen
576 1901 746 1957 ³0¹¹¹¹¹¹ffl⁰d⁰
777 1900 876 1955 imbu·
930 1912 1044 1977 ceditur,
1061 1911 1169 1968 clericis
1186 1928 1251 1969 rero
1267 1911 1418 1983 spiritualia
1433 1919 1536 1967 tantum
1552 1909 1730 1967 committun-

78 1994 145 2062 lant‚
166 1995 215 2052 sod
234 1997 284 2051 toti
304 1998 424 2069 corpori,
446 2005 473 2054 ει
493 1999 528 2055 ad
548 1999 620 2056 launo
639 1998 750 2055 modum
775 2015 877 2054 uuum·
930 2010 983 2067 tur,
1000 2001 1229 2072 quemadmodum
1245 2000 1308 2056 olim
1330 2002 1357 2056 in
1372 2000 1420 2056 illo
1440 1999 1541 2073 populo
1556 1998 1649 2072 priore
1672 2014 1730 2056 oae-

80 2085 209 2157 qnodque
237 2087 320 2142 babet
351 2087 438 2143 solnm
471 2087 498 2143 iu
532 2105 585 2157 se,
618 2104 674 2145 non
706 2088 878 2146 solummodo
931 2098 996 2147 terae
1011 2089 1109 2158 turbae,
1125 2099 1290 2162 quastppum
1313 2087 1652 2161 laicorumpraelerebant‚
1668 2103 1731 2158 por·

79 2174 160 2230 habel
179 2190 229 2246 1³0?
260 2192 291 2232 ὅθ
317 2184 451 2249 <1¹¹alenus
474 2177 624 2233 ⁸⁰⁰⁰1¹d¹¹m
646 2177 877 2250 diibeflibllfflflm
931 2188 1020 2245 tiones
1035 2187 1063 2243 ia
1086 2187 1247 2245 baereditste
1267 2194 1444 2258 acceperunt,
1465 2185 1526 2243 sola
1545 2184 1632 2240 tribus
1652 2183 1728 2248 Levi,

78 2271 174 2343 optimi
193 2272 332 2346 largitoris
345 2281 373 2330 et
393 2274 576 2331 distributoris
597 2274 792 2347 sapientissimi
816 2274 877 2331 sin·
932 2294 994 2349 qne
1014 2276 1130 2334 clericos
1152 2276 1291 2350 figurabat
1312 2275 1428 2331 decimis
1452 2283 1479 2331 ει
1502 2271 1684 2331 oblationibus
1704 2280 1732 2330 ει

81 2360 148 2436 gula
158 2361 342 2418 sintomnium
354 2372 380 2418 ει
389 2363 878 2439 omnissiugalorum.Quisquisergo
931 2362 1130 2422 sacrificiorum
1146 2365 1264 2423 victimis
1277 2362 1454 2437 pascebatur.
1470 2362 1585 2419 Gemina
1595 2360 1730 2436 siquidem

80 2451 185 2507 ‘¹⁰⁰⁰OE
197 2452 291 2523 Cffiliae
306 2452 354 2508 Dei
369 2452 512 2524 pescipere
527 2454 633 2523 meluit,
649 2453 717 2510 ⁵⁰52st
730 2469 784 2509 ¹¹⁰⁰
800 2454 835 2509 bd
848 2468 878 2512 ὅθ
933 2471 974 2520 εει
989 2463 1120 2521 Ecclesiae
1131 2463 1316 2536 pulchritudo.
1327 2477 1469 2535 unaquam
1479 2460 1601 2517 bicbeae
1611 2457 1731 2516 rivendo

83 2545 174 2602 solum
194 2548 331 2618 pertinere
346 2547 418 2619 quod
435 2548 517 2603 habet
531 2548 610 2603 etiam
634 2549 658 2604 ει
681 2549 756 2605 solus
779 2549 875 2606 babet.
933 2553 1119 2625 consequitur,
1136 2552 1222 2608 altera
1237 2568 1381 2624 perquam
1401 2552 1466 2608 illac
1494 2567 1527 2605 ex
1556 2547 1731 2606 tribulatione

84 2636 148 2692 Haec
168 2638 260 2709 itaque
279 2637 453 2691 similitudine
483 2637 605 2692 Ecclesia
638 2646 743 2703 sancta,
777 2638 805 2692 id
838 2646 880 2694 est
932 2635 1735 2714 gtortfrcobitnr.Ecclesiaeproptercmistnmperntnaetri-

81 2725 248 2781 universitas
263 2725 383 2780 fidelium
399 2741 500 2796 corpus
515 2726 616 2781 Christi
632 2736 745 2783 vocatur
766 2735 880 2798 propter
933 2739 1088 2795 balationes
1102 2739 1231 2802 existunt,
1246 2738 1274 2793 jd
1289 2742 1332 2793 est
1347 2738 1404 2794 sive
1419 2753 1487 2811 quos
1502 2751 1518 2792 ῃ
1533 2736 1649 2809 paganis
1663 2751 1731 2807 per.

80 2822 208 2893 spiritum
223 2823 321 2878 Christi
336 2839 417 2895 quem
431 2823 547 2895 accepit.
564 2823 647 2893 Cujus
665 2824 835 2895 participatio
851 2825 878 2881 iu
933 2829 993 2884 tulit
1012 2829 1039 2883 in
1058 2827 1235 2898 martyribus,
1263 2828 1322 2882 sive
1349 2842 1417 2898 quos
1446 2826 1480 2883 ab
1508 2824 1645 2881 heereticis
1671 2839 1733 2896 per·

80 2911 193 2967 nomine
210 2912 380 2982 designatur,
401 2913 549 2986 quondoa
579 2912 688 2969 Christo
712 2913 880 2969 Christianus
933 2917 984 2973 lert
1001 2918 1029 2973 in
1054 2917 1150 2974 divisis
1182 2915 1445 2973 concertationibus.
1477 2914 1613 2986 Utrosque
1641 2921 1731 2968 autem

81 3000 246 3073 wilellmi·
263 3002 322 3058 ¹¹⁰⁰
337 3001 426 3074 “aque
442 3018 542 3058 ¹¹⁰me¹¹
558 3002 649 3074 Siilflssl
663 3002 785 3058 membra
800 3002 878 3058 Chii·
933 3030 985 3087 per
1007 3015 1124 3087 gratiam
1137 3014 1187 3071 Dei
1205 3022 1355 3087 exsuperat
1373 3012 1472 3086 partim
1493 3011 1606 3068 terendo
1630 3010 1730 3084 partim

81 3098 114 3154 sti
129 3098 321 3171 participantia
333 3099 438 3171 spiritui
449 3099 558 3167 Christi,
571 3111 598 3155 ut
612 3101 648 3155 ab
667 3107 749 3157 uncto
773 3100 806 3156 sit
830 3117 879 3156 un·
893 3103 919 3168 c
934 3103 1102 3160 resistendo.
1130 3105 1230 3161 Sancta
1250 3103 1378 3159 Ecclesia
1402 3101 1541 3158 Catholica
1562 3100 1632 3157 sicut
1660 3098 1731 3155 male

81 3196 152 3255 otus,
168 3188 244 3260 quia
274 3188 383 3244 Christo
410 3189 508 3246 dicitur
536 3189 716 3246 Christianus.
753 3189 879 3246 Christus
932 3193 1056 3250 viventes
1070 3193 1096 3248 in
1113 3210 1143 3250 se
1157 3193 1254 3250 tolerat
1266 3192 1409 3265 patienter,
1424 3191 1461 3247 ita
1486 3189 1558 3246 malo
1581 3188 1729 3246 credentes

81 3277 182 3351 quippe
198 3285 294 3332 unctus
310 3276 336 3332 in
353 3277 753 3348 temporcillovidelicetoleo
768 3279 878 3349 laetitiae,
930 3305 998 3346 με
1017 3289 1137 3362 repertis.
1176 3291 1273 3347 Sanora
1305 3289 1429 3346 geatwa
1459 3294 1556 3345 ponem
1587 3285 1732 3360 gentilium

79 3376 151 3447 quod
169 3391 225 3446 prae
239 3375 344 3431 caeteris
360 3376 539 3449 participibus
554 3376 612 3431 suis
625 3377 777 3433 secundum
792 3376 879 3449 pleni·
932 3385 1013 3451 atque
1023 3379 1209 3436 hereticorum
1221 3379 1417 3451 pervicaciam,
1432 3390 1608 3448 summopere
1627 3374 1733 3446 sapien·

79 3464 203 3519 tudinem
222 3465 337 3535 accepit,
354 3473 380 3520 et
394 3465 499 3521 cunctis
513 3465 691 3537 participibus
719 3465 776 3521 suis
800 3465 879 3540 quasi
931 3468 977 3524 tiae
987 3476 1014 3525 ει
1025 3468 1166 3540 patientias
1177 3469 1278 3525 studet.
1289 3468 1344 3525 Sed
1356 3475 1501 3525 excreetur
1521 3463 1729 3536 sapientiacum

80 3560 162 3626 ⁰⁸9¹st
176 3553 308 3609 membris
322 3553 472 3610 Secundum
486 3553 720 3627 ιᾶΐῑῑθῑβιῑῑθῦθῦι
734 3554 879 3612 lrflsstfudil
931 3572 1050 3622 tentatur
1062 3565 1167 3633 verbis3
1178 3575 1321 3622 exercetur
1334 3564 1465 3638 patientia
1472 3579 1537 3621 cutn
1548 3568 1666 3619 tentatur
1675 3561 1732 3633 gla-

78 3652 166 3723 (Pcol.
184 3651 270 3722 nstv).
291 3651 366 3707 Sicut
379 3661 546 3725 unguentum
566 3652 593 3707 in
617 3653 706 3725 capite
728 3652 801 3725 quod
826 3652 876 3710 de·
931 3655 995 3710 diis.
1012 3655 1099 3712 Causa
1113 3654 1255 3726 pravitatis
1271 3653 1407 3712 hareticae
1430 3652 1561 3710 doctrinis
1585 3658 1734 3723 propagata

78 3740 185 3797 scendit
200 3756 216 3796 a
231 3741 318 3812 capite
333 3742 359 3795 in
374 3740 500 3807 barbam,
516 3741 652 3799 etdeinde
663 3758 750 3814 usque
764 3742 791 3797 in
801 3758 878 3799 orant
932 3754 973 3801 est
987 3743 1125 3801 Ecclesia.
1139 3746 1207 3801 Nam
1232 3752 1312 3801 antea
1337 3743 1455 3815 simplici
1483 3741 1651 3798 tantumdem
1678 3738 1732 3795 lide

80 3830 170 3902 (Psoi.
187 3830 302 3903 crxxrr),
316 3831 423 3888 hooest
439 3829 635 3887 extremitatem
653 3831 807 3888 vestimenti
830 3832 878 3888 de·
933 3842 1055 3916 vigebat,
1076 3843 1274 3900 flaefettcofflm
1307 3842 1390 3915 igitur·
1419 3841 1563 3898 occasione
1590 3837 1735 3912 propagati

79 3927 165 3997 lluxit,
181 3935 210 3983 ut
225 3928 260 3984 ad
275 3937 360 3985 totum
382 3928 523 3997 deflueret,
550 3938 577 3985 et
603 3937 687 3985 totum
711 3928 874 3986 vivificaret.
932 3940 995 3988 sunt
1009 3932 1139 3989 doctores
1153 3933 1181 3987 in
1198 3929 1252 3988 lrde
1266 3938 1295 3987 ει
1309 3947 1359 4002 ρει·
1373 3946 1488 3987 acumen
1511 3928 1657 3985 haeresium
1678 3928 1734 3983 Eo·

81 4015 198 4086 Quando
231 4016 317 4087 igitur
350 4016 522 4073 Christianus
551 4016 691 4086 efficeris,
726 4020 878 4075 membrum
931 4019 1025 4077 clasiae
1039 4021 1165 4094 magistri
1179 4027 1333 4077 creverunt.
1348 4019 1419 4074 Nam
1439 4026 1506 4075 tunc
1529 4016 1630 4073 clarius
1648 4013 1734 4070 mani·

79 4104 181 4162 Christi
197 4104 322 4173 efficeris,
338 4107 492 4162 membrum
507 4107 633 4179 ⁰⁰iil⁰fi⁸
648 4107 748 4164 Chilsli
763 4108 878 4179 batilei·
929 4117 1046 4174 iestatur
1060 4116 1187 4172 veritatis
1202 4117 1317 4172 assertio
1332 4114 1443 4186 quando
1467 4114 1582 4186 patuerit
1605 4113 1735 4186 quaelibet

81 4216 150 4272 pans
165 4201 270 4272 spiritui
285 4202 398 4258 Christi.
415 4202 486 4273 Quid
511 4212 553 4258 est
575 4219 643 4276 ergo
667 4204 801 4274 Ecclesia,
824 4203 877 4260 nisi
929 4206 1076 4262 dissensio.
1094 4207 1192 4262 Sancta
1206 4204 1330 4261 Ecclesia
1360 4204 1420 4260 ideo
1457 4203 1557 4260 dicitur
1585 4200 1733 4272 Catholioa,

79 4290 223 4347 multitudo
240 4291 371 4357 fidebam,
387 4292 550 4348 universitas
565 4292 790 4349 Christianorum.
806 4293 877 4349 Uni·
928 4311 978 4367 pro
989 4309 1023 4350 ao
1039 4294 1111 4367 quod
1127 4293 1318 4349 universaliter
1331 4309 1382 4365 per
1405 4307 1514 4348 ornnem
1540 4292 1574 4347 sit
1596 4291 1729 4347 mundum

79 4379 196 4439 versitas
210 4381 268 4436 baec
284 4380 354 4436 duos
380 4380 492 4436 ordines
513 4381 714 4451 complectitur,
741 4380 826 4437 laicos
850 4390 876 4437 et
938 4390 1050 4447 diffusa,
1068 4390 1338 4446 Nflmhaererjcomm
1346 4387 1736 4460 Ecclesiaejnparpbugmun.

79 4479 206 4544 clericos,
219 4479 297 4550 quasi
308 4479 363 4535 duo
373 4479 457 4533 latera
468 4478 592 4551 eorporis
607 4477 695 4533 unius.
706 4477 792 4547 Quasi
809 4462 966 4536 enidei
982 4478 1239 4546 coarctantur3bic
1254 4494 1321 4535 sero
1335 4479 1363 4533 in
1390 4486 1446 4534 toto
1474 4476 1541 4534 orbe
1572 4476 1735 4548 expanditur

78 4568 113 4624 ad
128 4568 269 4624 sinistram
284 4576 348 4624 sunt
364 4567 426 4624 laici
436 4567 482 4640 qui
493 4568 553 4624 vitoe
563 4566 707 4638 praesentis
716 4567 882 4623 necessitate
935 4568 1047 4625 diffusa.
1068 4570 1193 4625 ilaereses
1208 4576 1254 4625 aut
1269 4567 1296 4623 in
1318 4567 1410 4639 aliquo
1435 4566 1538 4639 angulo
1566 4564 1659 4622 mundi
1687 4571 1735 4620 aut

81 4656 212 4713 serviunt.
228 4659 290 4713 Non
306 4657 342 4712 ita
358 4656 423 4713 dico
437 4656 472 4712 ad
487 4656 626 4713 sinistram
650 4657 880 4728 quemadmodum
936 4667 964 4722 in
979 4682 1034 4724 uua
1050 4675 1131 4739 gente
1146 4667 1319 4722 inveniuntur
1330 4666 1443 4734 versari,
1458 4663 1585 4721 Ecclesia
1601 4677 1664 4719 vero
1678 4662 1733 4717 Ca·

78 4754 117 4811 illi
130 4755 165 4811 ad
179 4753 316 4810 sinistram
332 4762 495 4821 statuentur¹
526 4755 625 4827 quibus
647 4754 757 4810 dicetur
773 4772 780 4809 :
799 4777 811 4803 v
828 4757 879 4825 lte,
935 4756 1046 4824 thelica,
1061 4756 1132 4812 sicut
1144 4772 1196 4828 per
1210 4763 1293 4811 totum
1309 4755 1441 4811 mundum
1458 4752 1621 4817 extenditur.
1642 4750 1681 4805 ita
1707 4756 1735 4804 ει

78 4843 227 4909 maledieti,
249 4843 383 4917 inignem
399 4851 532 4899 aeternum
548 4844 658 4911 (sacta.
674 4846 755 4913 xxv).
772 4864 782 4893 v
802 4843 883 4899 Absit
935 4845 1197 4917 omniumgentium
1226 4844 1358 4900 societate
1385 4842 1566 4900 construitur.
1593 4838 1646 4909 Qui
1672 4844 1734 4893 sunt

78 4949 96 4990 a
110 4949 154 4990 ma
170 4942 198 4988 ut
215 4932 302 4989 bonos
316 4932 403 4990 laicos
417 4932 455 4987 ibi
479 4941 600 4988 statuere
613 4947 776 5003 praesumam
789 4932 795 4986 t
810 4932 881 4988 Nam

79 5033 125 5105 qui
141 5033 204 5089 boni
220 5041 310 5100 erunt,
325 5034 384 5090 sive
399 5033 459 5089 laici
475 5033 533 5089 sive
547 5032 652 5098 clerici,
668 5030 707 5086 ibi
719 5046 773 5087 aon
789 5038 880 5103 emnt,

78 5131 106 5178 ει
120 5122 167 5194 qui
182 5122 246 5178 mali
262 5136 351 5190 erunt,
367 5122 426 5178 sire
441 5122 504 5178 laici
519 5123 578 5177 sive
599 5119 703 5187 clerici,
731 5119 768 5175 ibi
792 5127 881 5177 erunt.

78 5213 142 5268 Non
156 5227 225 5285 ergo
239 5212 274 5267 ad
289 5211 362 5267 illam
378 5211 518 5267 sinistram
534 5209 621 5266 laicos
636 5208 817 5275 Christianos,
834 5208 881 5282 qni

79 5316 146 5358 vere
161 5299 308 5356 Christiani
336 5308 410 5365 sunt,
436 5300 581 5367 constituo,
603 5298 653 5355 scd
670 5298 704 5355 ad
719 5297 793 5355 illam
813 5296 881 5353 sini·

935 4943 1069 5009 baeretici,
1085 4943 1136 4997 nisi
1153 4942 1209 5014 oui.
1224 4940 1320 4997 relicta
1329 4941 1380 4997 Dei
1390 4939 1523 5004 Ecclesia,
1535 4937 1654 5010 privatas
1674 4933 1734 4991 ele·

935 5039 1035 5104 gerant
1048 5030 1203 5087 societates.
1217 5031 1258 5087 De
1272 5030 1373 5102 quibus
1387 5029 1520 5085 Dominus
1534 5025 1600 5083 dicit
1615 5040 1622 5081 :
1641 5048 1652 5075 a
1672 5025 1733 5082 Duo

935 5120 1006 5176 mala
1021 5119 1087 5176 lecit
1099 5119 1217 5191 populus
1230 5135 1309 5176 meus
1330 5134 1338 5175 :
1353 5120 1396 5174 hie
1410 5118 1615 5191 dereliquerunt
1629 5114 1733 5171 lostam

936 5224 1014 5282 aquae
1027 5209 1109 5274 νινε»,
1124 5215 1152 5263 ει
1167 5206 1292 5264 loderuot
1305 5207 1357 5264 sibi
1372 5207 1577 5279 cisternaeque
1592 5203 1733 5261 continere

936 5322 991 5364 non
1006 5304 1097 5363 valent
1111 5321 1196 5377 aquas
1210 5306 1280 5378 (ler-
1296 5305 1361 5373 ιιι.»
1378 5305 1465 5362 Causa
1479 5301 1593 5361 heresis
1602 5302 1637 5358 ob
1648 5316 1733 5375 quam

81 5407 168 5454 stram
183 5397 218 5456 de
234 5414 288 5469 qua
302 5398 422 5454 dieitur:
437 5420 448 5447 v
462 5399 491 5452 ln
506 5397 603 5453 dextra
618 5398 677 5466 ejus
691 5395 884 5469 longanimitas
936 5411 993 5452 rem
1008 5394 1048 5461 ιιι,
1063 5394 1097 5452 ad
1111 5394 1333 5452 exercitationem
1347 5392 1421 5450 lidei.
1438 5393 1485 5449 Vis
1505 5407 1572 5466 erpo
1587 5407 1636 5464 per
1649 5406 1732 5465 qnam

79 5488 146 5544 vitae
161 5506 169 5553 ς
185 5487 214 5543 in
229 5487 444 5544 sinistraautem
459 5487 519 5557 ejus
534 5486 636 5545 divitiae
650 5494 677 5543 et
690 5486 778 5560 gloria
789 5488 881 5551 (Pron.
936 5483 976 5553 lit,
992 5485 1145 5543 obscuritas
1159 5491 1201 5539 est
1212 5483 1367 5540 divinarum
1391 5482 1604 5555 Scriptursrum,
1626 5480 1655 5536 in
1679 5494 1733 5552 qua

79 5578 131 5647 ιιι).
146 5600 156 5627 a
175 5576 227 5647 Qui
241 5576 312 5632 enim
329 5576 364 5631 ad
378 5575 516 5631 sinistram
531 5575 559 5632 in
574 5590 693 5649 corpore
706 5584 757 5643 εει,
773 5576 810 5632 de
824 5588 884 5633 cor·
935 5582 1085 5657 caligante,
1097 5582 1233 5649 heretici,
1248 5581 1322 5639 apud
1336 5596 1419 5656 qum
1434 5596 1465 5637 ,θ
1479 5596 1525 5637 m
1539 5578 1623 5635 habet
1634 5572 1733 5631 iucem.

80 5688 150 5743 pora
164 5681 219 5739 est,
232 5680 259 5730 et
274 5672 377 5729 beatam
406 5674 458 5743 est,
474 5671 600 5745 quamvis
614 5671 746 5744 optimum
760 5672 878 5731 nonsit.
934 5680 1013 5748 punt.
1029 5673 1169 5731 Necesse
1181 5672 1459 5747 poseantuureses.
1478 5666 1549 5734 sss
1557 5665 1664 5748 humi}
1678 5654 1763 5719 W*

80 5762 156 5825 tata
169 5760 407 5834 argoctrtatsnt,
439 5776 494 5836 qva
509 5766 617 5823 tertam
629 5766 660 5821 ει
686 5770 806 5825 terrem
818 5762 888 5825 ιιιιε
941 5762 1219 5839 emunctorum,
1237 5760 1306 5835 ism
1318 5772 1385 5817 non
1401 5758 1491 5812 anst·
1504 5745 1593 5800 We
1611 5747 1697 5791 *m
1710 5739 1787 5779 Ἃ·
