3780 6044
164 248 214 306 123

656 251 822 309 GOFFRlDl
843 251 985 308 scottis
1005 249 1276 308 VINDOCINENSlS

1755 246 1805 304 fil

162 372 212 430 sed
226 371 271 428 ubi
288 373 332 429 vel
343 375 462 448 quando,
478 383 521 431 aut
535 375 671 448 ignoravit
682 375 775 432 dicere
799 382 846 431 aut
860 374 956 432 noluit.
972 375 996 435 Α
1013 382 1137 432 nostram
1152 374 1249 431 saltum
1266 375 1325 447 ipse
1339 372 1655 442 daretis,amaritndines
1669 373 1803 447 quasdam

163 460 243 531 Quod
258 461 421 520 conductum
436 463 610 536 quaesivimus
623 464 738 520 multum
753 464 907 530 miramini;
931 471 958 520 et

165 557 241 607 certe
256 550 432 607 vehementer
445 552 602 609 mirandum
627 562 710 619 esset,
736 552 759 607 si
783 569 840 609 non
868 553 958 625 potius

162 646 262 695 vestrae
276 638 410 695 debilitati
425 640 554 712 imputari
568 650 665 713 posset
680 656 759 714 quam
775 650 876 697 nostrae
899 640 957 697 for-

162 726 269 783 midini.
290 727 357 797 Quis
381 729 481 785 etenim
505 738 597 801 potest
624 730 653 785 in
681 730 839 802 episcopatu
867 737 957 786 vestro

163 832 216 873 non
232 816 326 873 timere
343 816 422 873 vobis
433 816 635 889 episcopante?
660 819 715 875 Vos
736 818 852 875 vidimus
873 834 956 890 paro-

162 904 274 962 chianos
289 913 398 962 vestros
412 910 488 962 metu
501 907 634 976 devitare,
648 914 675 962 et
690 907 786 979 fugere
809 907 882 963 velut
909 908 956 963 ho·

162 1000 241 1058 stes;
263 993 410 1065 puduitque
430 994 534 1050 videre.
559 995 587 1050 Si
612 995 756 1061 miramini,
785 996 838 1052 hoc
866 994 958 1066 utique

161 1081 256 1137 mirari
271 1081 385 1153 potestis
410 1083 482 1154 quod
503 1098 647 1155 musquam
676 1099 790 1140 securus
819 1082 958 1156 praesumit

162 1169 288 1242 cuiquam
302 1171 474 1227 securitatem
488 1172 659 1241 promittere.
675 1173 737 1228 Non
752 1181 815 1228 tunc
830 1171 957 1243 personis

1011 465 1061 519 sub
1074 464 1182 521 ironica
1196 462 1332 521 locutione
1345 463 1523 537 conscriptas,
1539 469 1635 519 contra
1649 478 1701 518 nos
1727 460 1802 517 dire·

1010 552 1099 607 xistis.
1119 553 1198 609 Nunc
1213 569 1262 608 vos
1276 568 1343 624 erga
1357 567 1411 612 nos.
1423 551 1557 609 veraciter
1574 551 1735 624 agnovimus
1759 549 1804 622 pi-

1011 657 1098 710 grum,
1115 645 1209 697 contra
1224 656 1274 697 nos
1287 640 1363 696 factis
1378 647 1407 696 et
1429 640 1508 697 dictis
1534 639 1656 696 velocem
1684 645 1710 693 et
1736 653 1804 709 pro·

1010 745 1085 784 num.
1102 730 1180 786 Unde
1195 728 1362 785 fraternitate
1374 745 1426 801 qna
1439 727 1633 800 conjungimur
1648 743 1695 782 vos
1723 741 1802 798 roga·

1011 834 1082 879 mus,
1098 826 1125 873 et
1140 818 1263 889 rogando
1277 833 1429 885 monemus,
1446 825 1475 872 ut
1489 817 1563 889 quod
1583 816 1672 870 minus
1695 814 1806 884 justitiae

1011 917 1038 962 et
1051 906 1204 963 dilectionis
1215 915 1308 962 nostro
1321 914 1347 961 et
1358 918 1449 962 vestro
1459 905 1624 962 monasterio
1635 903 1804 968 exhibuistis,

1011 995 1063 1052 sub
1079 994 1220 1050 celeritate
1235 994 1383 1050 emendare
1397 994 1511 1052 curatis.
1530 994 1590 1049 Non
1605 999 1646 1048 est
1660 991 1739 1048 nobis
1753 1007 1805 1047 ne·

1010 1083 1172 1148 cessarium,
1189 1099 1241 1140 nec
1256 1083 1333 1138 vobis
1354 1081 1429 1149 utile,
1453 1089 1564 1154 propter
1593 1081 1722 1150 injustam
1748 1080 1805 1149 jam

1011 1172 1089 1229 dictas
1102 1171 1210 1228 feminea
1224 1186 1345 1236 causam,
1361 1187 1376 1227 a
1390 1170 1527 1236 charitate,
1561 1171 1638 1239 131
1670 1183 1724 1240 qua
1752 1183 1805 1223 vos

161 1258 271 1324 nostris,
288 1258 338 1313 sad
353 1259 515 1329 equitaturis
538 1260 702 1316 timebamus
723 1267 750 1316 et
777 1259 898 1325 famulis,
922 1260 958 1315 de
1012 1277 1078 1332 pure
1090 1276 1200 1332 semper
1215 1260 1373 1326 dileximus,
1389 1258 1522 1330 separari.
1542 1259 1582 1314 lle
1601 1257 1646 1312 illa
1673 1255 1805 1328 siquidem

163 1346 263 1419 quibus
278 1346 301 1402 si
316 1346 425 1420 aliquod
441 1348 570 1404 damnum
585 1349 807 1416 incurrissemus,
824 1364 877 1404 non
896 1348 957 1421 plus
1009 1349 1141 1420 justitiam
1155 1349 1281 1420 accipere
1304 1349 1331 1403 in
1360 1347 1437 1404 curia
1460 1355 1552 1403 vestra
1579 1346 1668 1418 parati
1694 1345 1805 1410 fuimus,

159 1434 270 1504 justitiae
283 1451 334 1507 per
347 1452 397 1492 vos
411 1452 462 1492 nos
477 1437 615 1494 babituros
640 1438 854 1495 credidissemus
876 1453 957 1510 qnam
1012 1446 1039 1495 et
1054 1454 1152 1493 sumus
1170 1457 1176 1505 ;
1194 1444 1221 1494 et
1235 1437 1306 1508 apud
1321 1437 1562 1492 bootem-aureum
1577 1437 1660 1506 (226),
1671 1434 1715 1490 vel
1735 1433 1809 1505 apud

163 1522 198 1579 de
212 1523 313 1580 nostris
327 1523 390 1580 aliis
405 1525 486 1581 rebus
501 1526 655 1583 habuimus.
676 1526 825 1583 blandastis
840 1535 879 1593 ut,
893 1526 915 1580 si
931 1526 958 1581 in
1012 1528 1157 1584 Carcerevn
1170 1526 1255 1597 (227),
1272 1541 1321 1583 scu
1335 1524 1407 1596 apud
1423 1526 1537 1582 Seusam
1551 1526 1625 1595 (2⁰28)
1641 1523 1677 1579 ob
1691 1524 1743 1580 hoc
1757 1538 1809 1579 vo·

164 1611 256 1684 aliquo
270 1612 352 1669 nobis
367 1613 501 1682 doluistis,
518 1615 697 1672 determinate
721 1615 799 1672 vobis
819 1615 957 1672 scribere·
1013 1615 1055 1669 bis
1070 1615 1179 1671 obviam
1193 1613 1305 1669 ibimus.
1322 1614 1527 1670 cenomannum
1542 1627 1606 1669 vero
1621 1613 1661 1668 ire
1676 1627 1726 1668 nec
1741 1627 1810 1683 pos-

164 1716 235 1766 rous,
252 1708 280 1757 et
293 1701 423 1774 supplere
437 1711 550 1775 paratus
565 1705 656 1759 eratis.
679 1704 709 1759 ln
734 1705 785 1761 boc
810 1704 960 1776 prudenter
975 1733 1000 1792 B
1016 1719 1110 1758 sumus
1137 1717 1188 1759 nec
1203 1701 1339 1766 volumus,
1356 1701 1420 1773 quia
1435 1716 1485 1757 vos
1500 1715 1615 1772 gravare
1629 1699 1756 1755 timemus
1783 1705 1810 1753 et

164 1789 230 1844 estis
244 1789 361 1856 locutus,
376 1791 400 1846 si
414 1791 488 1848 dicta
502 1791 579 1848 factis
594 1809 648 1849 non
670 1793 823 1867 evacuatis.
846 1791 878 1846 ln
896 1792 959 1865 qui·
1015 1792 1079 1848 olim
1094 1792 1171 1848 nobis
1186 1791 1349 1856 mandastis,
1365 1805 1399 1845 ne
1414 1790 1450 1845 ad
1465 1806 1515 1845 vos
1530 1805 1593 1845 eum
1607 1788 1685 1844 turba
1698 1786 1812 1844 famulo·

167 1877 216 1933 bns
231 1886 322 1934 autern
336 1879 415 1934 nobis
429 1879 564 1946 defuistis,
577 1882 652 1951 juxta
668 1882 707 1936 rei
732 1881 877 1937 veritatem
900 1897 960 1937 me·
1015 1898 1073 1936 rum
1086 1881 1255 1936 veniremus.
1274 1879 1339 1945 Sed,
1355 1878 1466 1944 credite,
1483 1877 1548 1932 mibi
1565 1892 1619 1931 uon
1632 1885 1688 1933 tarn
1711 1876 1811 1932 mirum

164 1965 218 2022 lius
233 1966 417 2024 determinare
434 1985 488 2024 non
504 1986 661 2041 possumus,
677 1987 758 2043 quam
783 1969 808 2025 si
831 1969 963 2025 fateamur
1016 1970 1129 2039 exstitit,
1140 1969 1163 2024 si
1173 1968 1515 2036 ibi,ubinemotutusesse
1527 1973 1626 2036 potest,
1638 1964 1813 2038 quaesivimus

166 2053 194 2109 in
209 2055 349 2124 omnibus,
361 2056 395 2112 de
405 2056 504 2130 quibus
514 2073 562 2113 vos
573 2074 736 2131 nuncusque
746 2058 916 2130 rogavimus.
930 2059 963 2113 Et
1018 2059 1192 2123 conductum,
1209 2073 1290 2130 quam
1311 2056 1465 2112 mirandum
1494 2055 1565 2111 foret
1593 2054 1617 2109 si
1646 2062 1704 2109 tam
1731 2053 1814 2125 longa

166 2142 269 2200 idcirco
284 2161 333 2201 vos
344 2153 472 2218 tanquam
496 2147 686 2218 promissionis
696 2156 723 2203 et
733 2146 874 2218 propositi,
887 2146 963 2217 qnod

167 2232 253 2288 semel
268 2233 406 2289 etiterum
421 2234 448 2289 in
461 2235 580 2305 capitulo
594 2244 690 2292 nostro
705 2235 818 2304 facistis,
849 2235 962 2291 oblitum

167 2320 310 2388 miramur,
327 2329 353 2377 et
368 2321 493 2380 mirando
504 2323 635 2381 dolemus.
649 2326 707 2380 lloc
717 2324 799 2380 etiam
809 2332 863 2379 tarn
874 2324 963 2380 subito

169 2410 341 2466 amemoria
368 2418 459 2467 vestra
486 2412 620 2469 cecidisse
639 2429 694 2469 non
722 2412 870 2482 debuisset,
901 2428 962 2469 cum

169 2497 307 2571 quondam
321 2500 357 2555 de
372 2499 543 2573 sigebranno
566 2503 639 2572 apud
663 2501 789 2558 comitem
813 2501 963 2558 clamorem

168 2585 289 2643 facturus
304 2587 486 2662 Vindocinum
499 2589 644 2646 venissetis
658 2609 664 2655 ;
685 2592 765 2660 130
781 2591 854 2662 quod
877 2591 964 2646 corni·

171 2682 226 2732 tem
241 2682 268 2731 et
282 2675 449 2732 comitissam
460 2685 553 2734 contra
565 2694 616 2734 nos
624 2694 676 2751 pro
688 2679 766 2735 vobis
779 2680 814 2736 ad
822 2679 890 2734 iram
901 2696 965 2735 con·

169 2765 321 2826 citavimus.
336 2781 432 2821 eornm
447 2765 602 2825 inimicitias
623 2768 767 2826 incurrere
794 2785 845 2842 pro
873 2784 966 2825 arnore

170 2861 263 2910 vestro
278 2853 390 2910 minime
408 2863 576 2913 recusantes.
591 2858 670 2914 Tunc
683 2866 795 2930 propter
805 2873 853 2914 vos
876 2856 966 2915 offon-

92 2976 95 2983 .
169 2941 258 2998 dimus
269 2942 446 3011 comitissam,
462 2945 497 3000 de
512 2961 575 3018 qua,
592 2954 618 3002 et
640 2955 753 3018 propter
776 2962 857 3019 quam
882 2961 965 3013 nunc,

1017 2155 1096 2203 terrae
1111 2147 1201 2218 spatia
1215 2146 1409 2202 transissemus
1423 2145 1482 2199 sine
1490 2143 1628 2200 consortio
1638 2142 1811 2198 famulorum.

1017 2237 1126 2309 Hilgoto
1137 2242 1165 2292 et
1180 2235 1323 2308 vulgrino,
1338 2234 1373 2290 de
1387 2233 1486 2306 quibus
1500 2232 1579 2289 nobis
1595 2231 1756 2303 scripsistis,
1763 2232 1813 2301 ju-

1017 2324 1116 2380 stitiam
1132 2324 1245 2396 exsequi
1256 2323 1404 2389 voluimus,
1421 2330 1448 2377 et
1461 2321 1497 2376 ab
1512 2320 1580 2392 ipsis
1595 2321 1667 2376 idem
1689 2319 1815 2390 accipere

1017 2414 1221 2470 desideramus.
1240 2412 1346 2468 Valete.
1364 2412 1497 2467 loannem
1512 2409 1715 2466 caementarium
1726 2408 1813 2477 (229),

1017 2503 1180 2558 monachum
1196 2510 1331 2567 nostrum,
1349 2516 1430 2572 quern
1444 2499 1586 2555 vobiscum
1602 2497 1717 2564 habetis,
1746 2512 1815 2568 pro·

1017 2598 1078 2663 pter
1092 2590 1257 2662 iniquitatem
1275 2605 1353 2644 snam
1366 2604 1383 2643 a
1396 2586 1476 2644 nobis
1489 2585 1753 2644 excommunicatum
1768 2584 1815 2639 in·

1018 2678 1177 2735 dubitanter
1191 2678 1345 2751 agnoscite.

1266 2773 1438 2829 EPlSTOLt
1457 2774 1558 2828 lll'lll.

1021 2864 1155 2919 lideberto
1164 2864 1242 2919 donce
1254 2864 1319 2918 oitoe
1334 2862 1618 2935 episcopo,Goffridcs
1632 2859 1816 2917 vindocinen-

1166 2953 1205 3007 sis
1219 2953 1388 3007 monosterii
1396 2967 1503 3016 servas,
1519 2952 1652 3006 satutem.

169 3022 217 3086 sed
229 3031 373 3099 immerito,
390 3033 532 3089 distulistis
560 3035 651 3102 uobis,
682 3043 709 3091 et
731 3035 823 3092 adbuc
849 3034 1006 3134 differtisC
1055 3038 1228 3098 llamelinum
1242 3040 1276 3095 de
1292 3040 1483 3096 Monte-aureo
1506 3040 1582 3109 (⁴230)
1607 3045 1720 3109 propter
1745 3034 1817 3091 mala

164 3118 307 3188 justitiam.
324 3119 355 3177 ln
368 3121 438 3178 libro
452 3138 586 3179 canonum
600 3123 635 3179 de
650 3125 733 3179 Grato
748 3124 876 3195 episcopo
891 3126 965 3193 (225)

168 3209 331 3267 mentionem
348 3209 447 3267 factam
458 3212 624 3277 audivimus,
641 3213 690 3268 sed
710 3213 771 3285 quis
790 3212 871 3268 fuerit
895 3213 965 3283 ipse,

168 3296 276 3368 penitus
289 3298 462 3372 ignoramus.
483 3301 608 3372 ingratus
619 3316 685 3357 vero
695 3300 840 3373 episcopus
851 3300 911 3373 quis
922 3301 966 3367 sit,

168 3385 213 3442 vel
227 3386 299 3442 unde
313 3387 357 3454 slt,
374 3387 439 3459 quid
456 3387 558 3455 valeat,
575 3388 692 3461 qualiter
718 3389 798 3456 vivat,
832 3389 893 3460 ipso
921 3405 967 3444 se·

170 3473 259 3545 ipsum
275 3474 415 3532 revelante
430 3475 567 3534 occultare
591 3492 645 3533 non
673 3494 831 3549 possumus.
865 3477 893 3533 Si
920 3492 969 3534 vos

168 3576 277 3634 quoquo
292 3562 373 3620 modo
385 3572 481 3638 gravat
497 3565 570 3638 quod
584 3565 713 3635 diximus,
730 3582 785 3622 non
806 3566 896 3634 nobis,
920 3566 968 3622 sed

168 3650 250 3707 vobis
263 3650 400 3724 imputetis
417 3653 463 3726 qui
478 3653 554 3726 prius
578 3663 671 3711 eontra
694 3671 743 3711 nos
767 3653 968 3728 indisciplinata

170 3739 255 3795 verba
270 3739 441 3814 profudistis,
466 3758 522 3797 nou
544 3743 655 3815 quidem
683 3744 815 3817 aequitatis
840 3759 967 3810 censura,

171 3829 220 3885 sed
238 3829 478 3887 amoremulleris.
497 3831 612 3888 Domine
639 3833 777 3905 episcope,
810 3833 968 3889 meminisse

170 3917 343 3985 debuissetis,
360 3919 486 3992 quoniam
502 3920 617 3977 multum
639 3937 689 3978 vos
708 3922 864 3984 dileximus,
894 3920 967 3977 mul-

170 4014 225 4062 tum
241 4007 319 4063 vobis
335 4008 511 4077 servivimus,
537 4012 649 4066 multum
676 4011 702 4065 in
731 4010 820 4066 futuro
844 4008 968 4066 servituri

171 4095 281 4154 erimus.
298 4096 380 4166 Bene,
394 4097 420 4152 in
437 4106 567 4170 quantum
590 4099 737 4170 potuimus,
765 4099 842 4155 vobis
869 4105 967 4154 canta·

170 4184 271 4253 virnns,
288 4192 322 4253 et,
338 4192 366 4240 ut
380 4185 459 4241 nobis
471 4186 618 4255 saltaretis,
644 4188 885 4259 exspectabamus.
914 4185 967 4241 Sed

171 4272 232 4328 dum
257 4281 486 4346 exspectaremus,
524 4282 658 4348 quatenus
687 4277 765 4346 juxta
801 4274 967 4333 cantilenam

202 4501 281 4581 fatti)
292 4501 331 4557 De
340 4502 424 4559 Grato
439 4518 453 4558 a
473 4504 575 4574 r‘rcopo.
592 4502 692 4557 Mirum
708 4510 749 4558 est
772 4503 894 4576 ignorari
922 4520 970 4575 po-

172 4578 256 4627 tuisse
270 4587 287 4627 a
302 4571 424 4628 Goffrido
466 4582 554 4628 ratum
569 4573 726 4645 episcopum
745 4573 831 4630 fuisse
854 4576 971 4631 Cartba-

171 4641 335 4713 giniensern,
352 4658 413 4699 cum
427 4643 528 4700 docere
543 4644 570 4699 id
585 4647 703 4715 potuerit
717 4660 771 4701 non
792 4646 873 4701 inodo
901 4646 971 4701 Car-

171 4713 342 4785 thaginiense
357 4714 502 4771 concilium
519 4715 635 4786 primurn
659 4716 703 4771 cui
730 4715 847 4787 praefuit,
877 4733 971 4772 verum

172 4785 253 4841 etiam
268 4784 442 4851 Sardicense,
458 4786 501 4841 cui
526 4785 697 4856 subscripsit,
723 4787 772 4842 sed
794 4786 921 4842 nimirum
944 4788 972 4842 in

170 4855 241 4911 libro
257 4871 403 4924 canonum,
419 4856 464 4911 ubi
479 4855 557 4912 Grati
572 4857 692 4929 episcopi
708 4874 816 4913 noinem
831 4857 973 4929 praefrxum

170 4925 285 5052 fideml’
302 4926 421 4983 civitatis
444 4942 544 4983 nomen
565 4929 609 4985 cui
641 4937 760 5000 praecrat
783 4944 837 4985 non
860 4929 974 5002 legeba-

181 5012 223 5051 nr.

207 5067 374 5146 (titildpod
395 5070 656 5127 dantem-auream.
687 5069 715 5125 ld
744 5070 876 5140 oppidum
903 5069 975 5124 infrn

174 5135 352 5193 Vindocinum
368 5139 447 5195 sitnm
466 5150 508 5196 cst
521 5141 549 5195 iu
561 5141 647 5197 altera
663 5140 720 5195 lidi
736 5141 805 5211 ripa.

207 5209 281 5275 (till
292 5208 378 5280 Apud
387 5212 544 5267 carcerem.
555 5210 629 5267 lnfra
637 5209 911 5266 Mortem-aureumin
923 5210 972 5266 lar·

172 5295 203 5332 va
219 5278 341 5348 ejusdem
356 5279 431 5335 fluvii
445 5283 515 5352 ripa,
531 5297 585 5337 non
599 5283 691 5353 procul
716 5297 733 5336 a
756 5289 846 5336 castro
866 5282 926 5336 Lidi
944 5291 970 5336 et

171 5348 310 5405 Turonum
318 5348 427 5418 linibus,
439 5353 731 5408 CarcerCenomaniere
741 5352 870 5408 diaecesis
877 5352 974 5408 castel-

171 5419 226 5474 lum
241 5436 295 5476 non
309 5420 443 5494 ignobile,
459 5423 561 5505 quoda
577 5423 694 5479 Falcone
710 5423 745 5477 {v
758 5430 868 5493 captum
880 5430 973 5477 narrat

172 5491 335 5547 chronicum
364 5493 396 5548 S.
416 5493 505 5549 Albini
520 5508 592 5549 anno
608 5494 675 5548 toot
692 5510 698 5547 :
717 5495 781 5550 Post
796 5510 854 5551 noa
866 5495 973 5551 multos

171 5563 262 5647 lgitru
274 5563 343 5630 dies,
368 5563 464 5636 inquit,
479 5563 548 5620 dum
566 5564 651 5622 Falco
667 5580 759 5650 comes
778 5565 850 5637 qaod
865 5565 974 5621 volebat

172 5633 973 5778 arcerrcrrecreraraerac

1021 3145 1081 3200 quae
1094 3127 1174 3183 nobis
1189 3127 1303 3195 fecerat,
1318 3142 1334 3182 a
1349 3126 1427 3183 vobis
1443 3133 1470 3182 et
1480 3141 1497 3182 a
1508 3127 1597 3200 legato
1607 3125 1817 3196 (tttlltomanae

1021 3217 1153 3273 Ecclesiae
1168 3215 1442 3282 excommunicatum,
1459 3215 1532 3270 nulla
1549 3223 1638 3270 tamen
1653 3213 1734 3270 nobis
1748 3211 1818 3268 facta

1022 3304 1210 3361 satisfactione
1225 3303 1383 3360 absolutum
1395 3304 1549 3359 andivimus
1563 3309 1590 3358 et
1606 3303 1719 3358 seimus.
1739 3300 1818 3358 Unde

1022 3392 1137 3450 bonitati
1145 3402 1241 3450 restrae
1250 3392 1398 3466 diligenter
1409 3391 1603 3465 supplicamus,
1614 3398 1652 3460 nt,
1660 3398 1705 3445 aut
1713 3406 1744 3446 ea
1754 3404 1818 3461 quaa

1022 3482 1103 3538 nobis
1115 3482 1226 3537 abstulit
1240 3485 1291 3537 snb
1306 3481 1447 3538 celeritate
1461 3481 1594 3545 restituat,
1602 3487 1645 3534 ant
1657 3492 1819 3534 excommn-

1022 3570 1160 3639 nicationi,
1178 3587 1259 3643 quani
1275 3570 1396 3626 erasisse
1412 3569 1505 3626 illicite
1526 3570 1605 3638 132
1621 3567 1740 3632 ridetur,
1763 3566 1817 3621 ite·

1022 3675 1083 3715 rum
1098 3660 1244 3729 subjaceat,
1262 3675 1306 3726 ne,
1321 3660 1395 3731 qnod
1410 3659 1438 3712 in
1453 3675 1512 3714 evim
1526 3673 1542 3712 a
1557 3655 1643 3726 vobis,
1654 3653 1818 3712 etavicario

1023 3747 1096 3804 sadis
1112 3747 1269 3820 apostolicae
1284 3756 1374 3803 actum
1389 3746 1568 3819 dignoscitur,
1585 3744 1691 3800 irritum
1707 3742 1763 3799 fiat.

1264 3834 1436 3892 bristout
1457 3835 1557 3890 Xlllll.

1022 3922 1157 3979 lideberto
1173 3922 1240 3976 vttoe
1262 3919 1415 3975 laudabilis
1435 3921 1572 3991 episcopo,
1591 3934 1640 3974 rao
1656 3918 1687 3973 ia
1703 3916 1817 3973 Clrristo

1057 4011 1159 4066 dilecto
1171 4009 1262 4074 Patri,
1277 4007 1425 4079 Gossridas
1444 4007 1660 4064 Vindocineasa's
1670 4009 1815 4062 monaste-

1056 4100 1094 4156 rii
1108 4114 1254 4154 servorum
1267 4097 1416 4163 minimus,
1432 4097 1513 4152 beate
1525 4097 1615 4153 rivere
1625 4110 1744 4168 semper,
1767 4107 1817 4148 nec

1056 4190 1135 4244 omrai
1149 4186 1267 4261 spiritui
1281 4185 1404 4241 credere.

1056 4276 1205 4343 Didicistis,
1221 4273 1291 4330 sicut
1303 4272 1382 4330 nobis
1392 4272 1553 4339 mandastis,
1570 4271 1643 4345 quod
1667 4278 1820 4343 propterea

1028 4504 1153 4560 Carceris
1161 4506 1340 4575 aspersisset
1352 4504 1498 4558 Toorciarrr
1506 4501 1822 4572 mognrtmetaobilr'asi·

1025 4591 1104 4630 mam
1115 4574 1680 4630 scutellumcorreremooer·unt‚Clrartram
1688 4572 1768 4627 bodie
1776 4587 1821 4642 ap·

1024 4645 1136 4717 pellant,
1153 4644 1226 4717 quod
1242 4645 1387 4701 vernacula
1404 4643 1538 4711 majorum
1561 4643 1656 4769 lingua
1675 4642 1821 4698 Carcerem

1027 4723 1115 4771 sonat.
1132 4717 1225 4787 ltaque
1240 4723 1269 4768 ut
1283 4715 1376 4769 Parisii
1386 4715 1414 4769 S.
1425 4713 1546 4786 Dionysii
1556 4714 1590 4768 de
1623 4714 1717 4767 hartra
1733 4712 1820 4768 aedem

1028 4795 1137 4849 vocant,
1150 4784 1350 4841 ubicnrcerilli
1364 4783 1413 4838 fuit
1431 4799 1437 4837 :
1455 4785 1494 4840 sic
1513 4784 1568 4838 indi
1591 4800 1650 4839 enae
1664 4784 1819 4849 Chartram,

1028 4867 1072 4912 aut
1087 4858 1115 4912 S.
1134 4856 1306 4913 vincentium
1320 4856 1355 4909 de
1367 4855 1488 4935 ¹Cbartra
1503 4800 1646 4911 eustadium
1661 4855 1688 4909 id
1716 4854 1820 4919 dicunt,

1029 4928 1103 5000 qnod
1117 4928 1220 4983 Carcer
1234 4935 1276 4981 est
1289 4924 1425 4980 Goffrrdo.

1065 5000 1138 5069 (228)
1154 4998 1234 5069 alpad
1246 4998 1373 5053 seusam.
1390 4997 1497 5051 Nomen
1510 4997 1639 5052 baetenus
1650 4994 1748 5050 retinet
1757 5010 1821 5052 curn

1030 5069 1106 5124 titulo
1119 5069 1263 5124 comitatus
1277 5066 1304 5120 in
1318 5082 1392 5138 pago
1406 5067 1589 5123 cenomanico
1603 5067 1752 5121 adsertam
1767 5066 1821 5122 bn-

1029 5140 1110 5203 vium,
1128 5138 1173 5210 qui
1189 5147 1215 5194 et
1230 5139 1316 5218 ipsam
1337 5139 1573 5193 cenomannorum
1596 5136 1745 5209 principem
1773 5153 1821 5192 ur·

1028 5210 1089 5266 bem
1103 5207 1274 5279 praeterfluit.

1073 5282 1137 5346 229)
1154 5281 1292 5336 loannem
1304 5280 1535 5335 demontorium.
1553 5278 1645 5350 Epist.
1659 5280 1706 5334 ἐῢ.

1075 5354 1136 5415 2³0)
1151 5350 1377 5407 flomelinamde
1393 5350 1603 5406 Nocte-aureo.
1637 5349 1687 5404 llic
1710 5345 1824 5405 familias

1027 5437 1136 5487 nomen,
1152 5437 1206 5477 non
1220 5422 1324 5493 patriae.
1335 5428 1364 5475 ut
1378 5428 1405 5475 et
1417 5420 1465 5475 lib.
1482 5436 1501 5487 i,
1518 5420 1600 5491 epist.
1622 5422 1663 5476 ts.
1681 5421 1777 5475 Petrus
1786 5419 1825 5475 da

1026 5494 1230 5558 Monte-aureo,
1244 5493 1278 5548 de
1291 5490 1436 5547 llamelino
1454 5491 1550 5545 iterum
1573 5491 1655 5560 epist.
1681 5489 1820 5563 sequenti.

1062 5564 1137 5633 (tit)
1152 5565 1211 5620 lito
1224 5566 1328 5635 legato.
1348 5561 1465 5619 Girardo
1479 5561 1694 5635 Engolismensi.
